3382 5476
245 397 374 446 ccxnvt
582 380 586 385 ’
697 380 748 431 ΒΕ
767 378 953 432 suendum
970 378 1078 430 Attum

246 568 333 630 illud:
369 571 421 629 ‘mi
450 577 543 648 pater,
578 571 603 628 si
629 569 694 629 lieri
724 576 835 648 potest,
870 576 1000 629 trauseat
1028 585 1043 627 a
1073 585 1121 628 me
1148 565 1225 628 calix
1252 567 1353 636 istel',
1387 575 1418 626 et
1448 564 1536 626 illud:

246 659 341 733 ‘pater
364 656 413 722 mi,
437 656 599 733 paterni,
628 671 735 714 currus
759 651 848 714 lsrael
876 661 905 713 et
933 654 1036 731 auriga
1059 652 1150 715 eiusl'
1192 651 1294 713 Potest
1322 661 1350 712 et
1372 649 1446 711 baec
1468 668 1539 730 pars

245 743 276 800 in
300 737 434 819 aduerbii
458 740 585 800 transire
607 738 869 814 significationem,
893 738 917 799 si
941 735 1065 800 uerbum
1089 746 1240 818 sequatur.
1284 736 1478 806 Admiranda,
1507 744 1538 795 ut

246 826 361 907 ‘papa’;
396 825 440 886 sic
468 825 546 885 enim
575 822 697 901 legitur:
733 827 835 902 ‘papa‚
865 825 971 884 uiuere
998 841 1057 884 noo
1092 821 1162 884 licet
1194 831 1224 883 et
1256 822 1410 883 fornicare
1438 819 1538 881 libetl’
1630 869 1636 880 .

246 910 319 971 Nam
343 908 517 969 admirantis
539 906 637 969 multis
660 907 756 969 modis
778 908 851 969 liunt
873 909 1103 970 interiectiones.
1146 906 1349 980 Prohibenda,
1380 914 1414 966 ut
1434 906 1567 974 ‘tuto’;5

247 997 290 1056 sic
313 997 392 1055 enim
417 993 579 1054 infantibus
601 994 807 1055 comminatur.
857 991 931 1053 Nam
954 1002 984 1054 et
1005 994 1035 1054 in
1056 992 1200 1055 leodisca
1222 991 1321 1071 lingua
1344 989 1416 1052 illud
1439 994 1540 1052 ‘totto’

248 1077 437 1158 prohibentis
453 1079 542 1140 babet
556 1077 746 1139 intellectum.
776 1079 942 1149 dementis,
959 1087 1005 1139 ut:
1029 1078 1078 1139 ‘ba
1093 1077 1131 1139 ba
1146 1078 1183 1139 ha
1199 1077 1324 1138 Domine
1346 1076 1419 1137 deus
1436 1075 1542 1138 nescio

247 1167 339 1242 loqui,
363 1165 430 1244 quia
454 1182 528 1243 puer
551 1182 606 1243 ego
628 1166 719 1225 sum’
762 1162 932 1224 irridentis:
962 1167 1049 1242 ‘euge
1072 1162 1153 1233 uba’,
1176 1160 1314 1224 utillud:
1344 1160 1542 1223 ‘contundan-

247 1252 368 1330 torqui
392 1248 495 1310 dicunt
517 1250 603 1310 mibi:
627 1265 703 1327 euge
726 1266 800 1327 euge
823 1248 891 1318 uba,
914 1251 963 1327 qui
988 1250 1116 1310 destruis
1139 1246 1281 1328 templum
1302 1246 1356 1307 uei
1380 1245 1437 1326 (di)
1461 1254 1490 1308 et
1511 1247 1541 1306 in

247 1335 345 1397 triduo
368 1335 539 1395 reaedificas
562 1333 757 1414 (rehedldcas)
780 1332 877 1395 illud.’
921 1334 1054 1395 Dolentis
1076 1341 1108 1395 ut
1130 1335 1178 1395 ieu
1206 1335 1272 1402 ieu,
1301 1332 1360 1417 beu
1387 1331 1461 1406 beu,
1483 1349 1539 1411 pro
1554 1357 1579 1396 10

248 1417 346 1480 dolor:
377 1419 437 1479 ‘ieu
456 1438 523 1488 me,
552 1421 601 1480 ieu
623 1437 686 1489 me,
716 1425 812 1480 mater
834 1421 912 1480 mea'
938 1427 982 1480 et:
1012 1419 1082 1481 ‘beu
1109 1418 1168 1479 beu
1196 1427 1227 1478 et
1248 1416 1306 1477 boc
1327 1415 1415 1495 ipsud
1438 1424 1540 1478 mutuo

248 1508 444 1584 acceperam,
474 1513 504 1565 et
530 1503 619 1565 illud:
649 1505 691 1565 ‘et
713 1503 804 1565 caede
826 1502 972 1585 completa
994 1505 1124 1565 remansi
1151 1521 1223 1582 ergo
1251 1504 1359 1583 ruique
1386 1518 1477 1580 super
1498 1500 1538 1561 la·

248 1592 324 1650 clem
347 1608 443 1650 meam
466 1597 497 1650 et
518 1587 648 1650 clamans
669 1593 732 1650 aio:
757 1589 827 1649 ‘heu
849 1588 907 1652 beu
931 1591 989 1651 heu
1011 1588 1132 1651 domine
1146 1587 1228 1657 deus,
1253 1605 1363 1667 ergone
1385 1586 1541 1666 disperdas

249 1693 353 1737 omnes
375 1673 514 1754 reliquias
536 1673 656 1736 lsraell’
701 1674 759 1735 Pro
781 1673 874 1743 dolor.
899 1674 1041 1735 utillud:

376 1759 539 1820 Luxuria
563 1759 644 1838 lam)
668 1777 851 1839 proceres
873 1758 1013 1821 multos
1036 1760 1202 1821 detraxit
1223 1757 1264 1818 ad
1286 1759 1408 1837 ignes,

419 1844 489 1904 Pro
512 1844 634 1904 dolor!
657 1853 693 1905 et
716 1846 885 1905 minimos
906 1863 1052 1925 semper
1073 1845 1115 1906 ad
1136 1845 1206 1906 ima
1230 1842 1355 1904 trabit.

334 1929 543 1997 Lamentautis‚
567 1937 600 1989 ut
622 1929 689 1989 hoie
712 1930 778 1990 hoie
802 1932 853 1993 mi.
891 1931 940 1990 Sic
962 1931 1039 1990 enim
1063 1929 1258 1991 lamentantes
1280 1946 1348 1990 curn
1370 1927 1468 1988 cordis
1490 1927 1543 1987 do·

249 2014 313 2075 lore
342 2016 371 2073 in
395 2013 531 2074 lamentis
553 2015 614 2074 suis
636 2012 736 2073 dicere
759 2013 864 2075 solent.
910 2016 1093 2078 veementis:
1121 2033 1180 2075 uua
1209 2032 1267 2074 une
1289 2030 1396 2073 noune.
1440 2010 1545 2072 Solent

252 2100 331 2159 enim
361 2108 412 2159 aut
443 2097 567 2159 uinculis
595 2100 748 2159 constricti
783 2107 834 2161 aut
861 2098 943 2160 duris
970 2098 1131 2178 doloribus·
1151 2099 1245 2179 pressi
1274 2097 1319 2158 his
1346 2098 1422 2175 (biis)
1451 2098 1543 2158 iuter-

251 2183 431 2245 iectionibus
460 2186 510 2244 uti.
556 2183 630 2255 Sunt
657 2191 688 2243 et
714 2182 789 2245 aliae
817 2183 917 2263 plures
947 2186 1186 2253 interiectioues,
1215 2202 1290 2263 quae
1319 2181 1455 2261 pluribus
1476 2185 1542 2243 iuo-

252 2279 363 2347 guntur
396 2266 662 2348 significationibus
696 2277 725 2329 et
757 2268 856 2330 multis
888 2269 985 2331 modis
1017 2271 1224 2351 proteruntur,
1260 2276 1292 2329 ut
1319 2271 1378 2328 iam
1406 2268 1544 2346 superius

252 2354 442 2415 dictumest.
487 2355 625 2414 l'riuatae
648 2372 720 2414 uero
751 2362 838 2434 atque
866 2372 1038 2426 communes
1066 2355 1252 2416 diuersarum
1275 2354 1406 2432 gentium
1430 2352 1542 2430 (cium)

251 2442 388 2501 diuersae
418 2446 450 2500 et
489 2438 599 2500 multae
631 2447 701 2499 suot
733 2441 955 2504 interiectiooes
989 2449 1018 2500 et
1046 2458 1239 2520 unaquaeque
1274 2457 1347 2516 gens
1381 2436 1542 2498 secundum

252 2526 464 2604 proprietatem
491 2523 658 2602 linguarum
693 2527 823 2602 priuatas
858 2535 887 2585 et
920 2527 1055 2605 proprias
1082 2523 1171 2586 habet
1200 2525 1283 2604 (ent)
1312 2523 1542 2590 interiectioues‚

251 2609 289 2670 de
316 2608 424 2689 quibus
447 2608 612 2669 Donatus
640 2625 748 2684 paucas
770 2610 818 2671 hic
841 2611 938 2690 posuit
964 2610 1000 2670 ad
1024 2610 1190 2690 exemplum
1213 2609 1331 2670 dicens:
1361 2608 1542 2693 ‘metuentis

252 2704 284 2755 ut
305 2696 348 2761 ei;
372 2696 509 2772 optantio,
533 2702 565 2754 ut
588 2714 615 2762 o;
639 2692 773 2764 dolentis,
796 2702 829 2756 ut
852 2695 929 2763 beu;
952 2694 1096 2766 laetantis,
1119 2704 1151 2756 ut
1173 2698 1261 2756 euar’
1285 2701 1316 2755 et
1336 2692 1455 2754 similia.

592 2847 641 2907 lle
663 2847 792 2925 ligura
815 2849 1101 2911 interiectionis
1124 2848 1204 2909 llll.
1297 2829 1299 2832 Α

337 2966 443 3041 ligura
467 2983 600 3044 quoque,
629 2968 708 3026 sicut
735 2966 801 3027 aliis
831 2965 978 3046 partibus.
1007 2969 1071 3028 sine
1094 2967 1184 3028 dubio
1208 2967 1315 3027 accidit
1336 2968 1546 3028 interiectioui.

254 3050 362 3126 Figura
385 3052 464 3110 enim
482 3052 695 3111 interiectionis
709 3049 817 3129 duplex
834 3059 887 3120 est,
911 3055 979 3130 quia
995 3060 1064 3113 sunt
1078 3053 1299 3113 interlectiones
1315 3051 1459 3130 simplicis
1473 3053 1548 3129 ligu-

253 3153 319 3207 rae,
344 3135 373 3194 ui
397 3152 470 3194 euax
494 3156 521 3202 o,
544 3133 581 3194 lta
606 3135 652 3203 ba,
675 3135 734 3195 beu
757 3134 825 3204 beu,
849 3137 903 3196 aia.
948 3139 1024 3197 Sunt
1045 3137 1118 3198 aliae
1142 3157 1178 3198 ex
1194 3136 1310 3198 duobus
1326 3139 1451 3215 integris
1466 3155 1546 3197 conr-

253 3221 381 3300 positae‚
418 3228 463 3281 ut:
498 3219 571 3280 ‘Deo
604 3222 734 3296 gratias,
770 3222 880 3299 ‘euge’,
911 3222 1058 3290 ‘utinam’‚
1088 3225 1155 3303 ‘pro
1183 3222 1289 3285 dolor'.
1332 3221 1437 3301 ‘Euge’
1467 3220 1574 3282 enim'

253 3305 418 3366 secundum
442 3306 584 3366 Graecam
608 3307 884 3384 interpretationem
901 3303 912 3388 ΙΙ
929 3307 948 3367 l.
965 3304 1025 3369 lllb
1042 3306 1053 3389 ΙΙ
1070 3310 1250 3385 compositae
1273 3308 1386 3386 ligurae
1401 3315 1459 3368 est:
1484 3309 1547 3368 ‘eu’

253 3393 332 3452 enim
356 3389 466 3450 bonum
488 3389 678 3468 intellegitur,
703 3392 763 3468 ‘ge’
787 3398 875 3461 terra,
900 3411 935 3452 eo
950 3393 1028 3470 quod
1052 3391 1142 3454 multa
1159 3403 1292 3472 generat.
1336 3393 1411 3453 Sunt
1427 3400 1458 3452 et
1472 3390 1547 3453 aliae

254 3494 290 3536 ex
312 3475 427 3536 duabus
450 3477 599 3553 corruptis
621 3478 811 3557 compositae.
857 3477 898 3538 Ex
921 3487 1068 3558 corrupto.
1086 3487 1113 3539 et
1141 3481 1271 3556 integro,
1301 3487 1347 3538 ut:
1377 3479 1430 3537 ‘mi
1452 3486 1547 3556 pater,

254 3563 278 3622 si
312 3562 374 3621 lteri
403 3567 515 3640 potest,
545 3570 677 3622 transeat
704 3580 720 3621 a
750 3581 798 3622 me
826 3562 901 3623 calin
928 3565 1007 3624 iste’
1053 3563 1095 3623 Ex
1122 3566 1239 3641 integro
1262 3572 1291 3624 et
1313 3571 1468 3642 corrupto.
1498 3569 1545 3621 ut:

254 3647 350 3725 ‘pater
373 3648 422 3714 nti,
447 3655 531 3724 pater
554 3647 603 3709 mi.
626 3664 734 3707 currus
757 3645 846 3708 lsrael
870 3655 899 3708 et
921 3650 1022 3726 auriga
1045 3650 1130 3709 eius.’
1175 3649 1399 3727 componuntur
1422 3665 1459 3708 ex
1482 3644 1547 3726 plu·

254 3729 346 3799 ribus,
372 3741 415 3790 ut:
440 3733 497 3791 ‘eia
522 3739 552 3792 tu
577 3733 622 3791 eia
644 3734 696 3792 lac
713 3740 743 3792 tu
766 3733 822 3792 lac'
847 3741 878 3793 et
898 3734 1014 3794 similia.

560 3884 608 3946 lle
631 3884 854 3947 accentibus
876 3887 1191 3947 interiectionum
1216 3887 1246 3944 V.

340 4004 523 4083 Quamquam
546 4003 720 4064 naturaliter
743 4012 798 4064 etc.
817 4040 854 4048 —-
879 4017 908 4066 et
923 4005 959 4066 de
974 4008 1059 4084 grani
1075 4005 1212 4065 similiter
1227 4004 1476 4066 considerandum
1492 4014 1547 4075 est,

254 4089 298 4162 cf.
323 4088 418 4150 Keilii
434 4107 544 4165 propr.
571 4091 699 4164 Erlnnp.
718 4107 753 4165 p.
779 4096 821 4164 19,
846 4095 900 4166 poi
919 4093 976 4152 boe
996 4100 1090 4167 ceput
1106 4095 1254 4166 inteprnm
1268 4090 1414 4151 canduit.
1461 4092 1549 4153 Cluu-

255 4174 339 4235 ditur
361 4183 459 4234 nartem
485 4176 653 4249 Smornpdi
673 4183 822 4235 tractatus
843 4179 902 4237 bue
923 4178 1159 4252 subscriptione:

341 4278 490 4352 ‘Explicit
505 4281 714 4339 tractaturum
727 4279 868 4354 portibus
884 4279 997 4338 Donnti
1016 4279 1173 4338 caciaredam
1182 4279 1378 4356 presbyteri',
1395 4277 1440 4351 cs.
1457 4279 1552 4339 Keilii

323 4535 339 4583 3
357 4532 507 4581 admirantis
528 4542 556 4581 ut
574 4531 654 4598 papo]
674 4535 708 4596 ef.
726 4534 824 4585 Iuliani
843 4533 959 4584 Toletani
975 4541 1102 4598 excerpto
1117 4551 1145 4598 p.
1164 4534 1225 4589 320,
1245 4536 1261 4582 4
1280 4533 1354 4583 Keil:
1377 4543 1422 4583 aut
1438 4533 1547 4583 admira-

256 4603 348 4650 tionem
369 4610 396 4649 ιιι
415 4614 498 4664 papae
516 4602 582 4650 sicut
605 4601 708 4662 quidam
732 4602 778 4662 (ac.
798 4599 982 4666 Hieronymus)
1006 4603 1108 4655 scribit:
1139 4606 1239 4666 ‘papae
1263 4603 1349 4650 itinere
1372 4615 1423 4650 uon
1446 4601 1504 4651 licet
1525 4613 1551 4651 et

256 4666 375 4717 fornicari
395 4667 482 4718 libetl’
552 4671 568 4719 5
587 4668 746 4733 prohibentis
767 4680 793 4719 ut
810 4667 876 4734 tuto]
896 4670 931 4732 es.
949 4669 1045 4720 Iuliani
1065 4669 1182 4721 Toletani
1199 4676 1329 4735 excerpta
1347 4671 1362 4719 l.
1380 4672 1411 4721 ιι
1436 4679 1480 4719 aut
1497 4685 1551 4719 me-

257 4745 317 4790 tum,
330 4736 396 4787 sieut
407 4747 467 4796 atat,
481 4736 547 4786 sicut
564 4737 666 4786 solitum
680 4750 719 4788 est
732 4738 839 4802 paruulo
851 4738 912 4787 dicit
924 4747 997 4796 totto,
1010 4739 1114 4802 quando
1132 4737 1281 4804 prohibetur
1298 4737 1431 4787 comedere
1444 4749 1549 4801 terram;

256 4800 290 4866 es.
309 4805 364 4856 eod.
378 4804 458 4857 Bern.
472 4808 523 4857 207
539 4806 584 4870 sol.
600 4807 661 4857 45³:
680 4806 810 4869 quomodo
829 4807 866 4856 sio
884 4805 984 4856 solitum
1004 4817 1043 4857 eat
1061 4808 1185 4856 inlautum
1204 4807 1314 4857 oratrices
1332 4805 1429 4859 minare
1447 4816 1533 4868 totto.¹
