3382 5476
275 385 391 434 CLXXX
808 371 1031 424 Pluscitnun.

274 559 420 623 enrricula
450 562 485 620 ad
515 563 605 621 finem
635 569 732 621 umen
761 578 854 640 usque
882 560 1028 641 perduxit.
1072 561 1101 620 Si
1131 571 1227 621 tamen
1254 560 1350 622 adhuc
1372 561 1407 621 ad
1431 562 1565 622 eiusdem

273 662 465 743 perfectionis
486 661 637 723 cumulum
660 681 694 722 ex
724 665 814 723 totius
844 664 916 722 artis
941 665 1149 738 grammaticae
1172 662 1297 725 utilitate
1322 663 1406 724 ualde
1430 681 1566 724 necessa·

273 767 350 825 rium
375 773 404 824 et
426 784 460 825 ex
477 763 653 843 compendio
669 782 756 842 qnam
772 767 938 840 poterimus
956 763 1162 825 breuissimum
1180 767 1406 844 apposuerimus
1422 765 1565 837 libellum,

475 873 506 925 nt
528 866 600 935 cito,
624 867 749 943 quisque
772 864 856 935 uelit,
881 874 973 926 totum
998 876 1204 928 transcurrere
1225 870 1320 946 possit

473 978 511 1032 et,
536 985 622 1044 quarn
648 965 711 1026 uult
735 976 863 1044 partein,
890 985 943 1044 per
967 976 1056 1028 totam
1081 968 1220 1028 uendicet
1241 979 1345 1029 artem.
1580 984 1594 1022 ⁵

271 1072 329 1132 Pro
352 1069 457 1146 quilius
480 1070 618 1129 orantibus
641 1088 694 1129 nos
722 1071 814 1129 inuito
844 1087 950 1137 exoro,
986 1071 1073 1129 etiam
1106 1070 1225 1138 adiuro,
1260 1072 1366 1130 l'ratres
1395 1073 1470 1138 mei,
1500 1072 1566 1148 qui·

271 1191 399 1251 cumque
422 1173 551 1247 flagratis
574 1191 609 1231 cx
633 1171 778 1230 desiderio
802 1172 886 1248 regni
902 1171 954 1230 llei
976 1174 1083 1250 quique
1107 1171 1196 1232 liuius
1219 1174 1312 1233 nostri
1334 1171 1445 1233 laboris
1467 1175 1567 1233 scien-

270 1278 328 1336 tiae
351 1274 513 1334 doctrinam
537 1275 620 1353 qnasi
643 1273 747 1349 reingii
771 1271 891 1332 dornnur
915 1274 1153 1349 tutissirnunrqne
1177 1282 1293 1350 portum
1317 1273 1353 1334 ed
1369 1273 1478 1335 Christi
1502 1273 1565 1335 lau·

270 1376 336 1438 dem
365 1373 489 1453 gloriam
519 1385 549 1435 et
577 1373 814 1435 benedictionem
844 1372 979 1433 obtinere
1009 1376 1130 1453 cupitis,
1160 1375 1217 1434 troc
1239 1373 1334 1434 solurn
1357 1394 1567 1455 summumque

270 1478 342 1539 milri
364 1476 547 1556 rependatis,
571 1479 661 1536 inimo
684 1494 718 1535 ex
735 1476 833 1535 diuina
850 1476 941 1551 gratia
962 1478 1136 1552 acquiratis,
1161 1479 1301 1556 quatinus
1324 1479 1431 1537 nestris
1453 1481 1566 1539 oratio·
1583 1493 1609 1530 ¹⁰

269 1579 358 1641 nilrns
391 1592 421 1640 et
455 1579 624 1640 elemosinis
658 1579 823 1656 ceterisque
849 1576 1053 1654 spiritualibus
1081 1578 1197 1638 auxiliis
1225 1579 1343 1639 adiutus
1372 1581 1565 1658 omniumque
1632 1602 1633 1606 ¹

270 1701 402 1743 meorum
426 1690 564 1761 percepta
588 1681 675 1741 uenia
699 1688 887 1758 peccatorum
912 1679 1064 1739 rrolriscunr
1081 1680 1115 1739 ad
1133 1688 1252 1740 aeterna
1275 1681 1387 1740 rreleam
1405 1682 1565 1760 peruenire

268 1785 383 1862 gaudia,
407 1783 458 1844 ubi
481 1785 539 1842 iam
563 1781 691 1842 reuelato
717 1781 789 1841 lacie
811 1779 861 1840 illa
884 1799 953 1841 nera
977 1791 1007 1840 et
1029 1791 1184 1842 coaeterna
1209 1783 1397 1859 perfruamur
1418 1784 1563 1861 sapientia

270 1904 337 1946 cunr
361 1895 444 1964 patre
467 1893 497 1944 et
518 1886 626 1961 spiritu
649 1891 751 1942 sancto
774 1900 828 1961 per
851 1883 963 1941 inlinita
986 1882 1096 1942 secula.
1142 1887 1244 1943 triten.

355 1988 472 2047 Deinde
493 1984 629 2061 sequitur
651 1987 719 2060 ipsa
741 2002 794 2043 ars
816 1985 873 2043 doc
889 1987 1021 2058 prolopo
1040 1988 1223 2059 praemisso:
1579 2000 1606 2039 rs

544 2170 743 2232 PROLOGUS
767 2169 804 2229 lN
828 2169 940 2230 LlBllO
965 2169 1011 2229 DE
1034 2170 1286 2232 GildlllllldTlCd.

352 2295 423 2355 Cod.
441 2293 537 2353 Bern.
555 2290 613 2364 ts.
633 2298 708 2350 1361ι
722 2293 779 2351 cot.
796 2290 840 2349 II.
879 2289 996 2349 Petistis
1017 2307 1032 2348 a
1054 2308 1114 2358 rue,
1140 2290 1295 2359 karissimi,
1320 2311 1354 2351 ex
1377 2301 1441 2354 arte
1462 2311 1564 2370 gram·

267 2397 372 2457 metica
401 2393 487 2455 uobis
510 2400 713 2472 competentes
736 2391 854 2470 regulas
877 2390 940 2451 dari
964 2399 1011 2451 ent
1036 2393 1183 2471 componi.
1228 2393 1286 2453 Sed
1309 2397 1374 2473 quie
1398 2393 1561 2456 multorum

262 2498 452 2576 maximeque
474 2497 567 2575 ipsius
588 2493 775 2553 Prisciani
798 2494 959 2553 habeamus
974 2495 1188 2562 auctoritatem,
1213 2512 1272 2553 non
1292 2494 1463 2556 uiolentiam
1486 2497 1560 2558 milri

267 2618 383 2677 arrogo,
407 2597 485 2676 qnod
509 2596 545 2657 ab
568 2596 634 2656 aliis
656 2598 810 2654 innentnrn
833 2593 975 2674 approbo.
1015 2596 1110 2672 ipsius
1133 2598 1223 2672 igitur
1246 2597 1436 2658 Prisciani
1458 2599 1560 2678 dispo·
1575 2610 1603 2653 eo

266 2703 402 2762 sitionem
425 2716 627 2776 summamque
651 2715 777 2776 sequens
800 2695 994 2775 aliorumque,
1017 2696 1114 2775 siquid
1137 2696 1247 2757 dictum
1272 2707 1324 2767 est,
1350 2717 1407 2760 uon
1430 2718 1562 2763 renuens

266 2822 352 2882 quem
382 2800 503 2861 breuius
530 2807 647 2879 potero,
678 2816 753 2876 opus
781 2806 896 2857 nestrae
926 2797 1082 2857 eruditioni
1111 2817 1284 2877 componam
1310 2803 1475 2862 necessaria
1499 2821 1560 2864 non

265 2900 542 2983 praetermittendo,
571 2901 594 2958 si
619 2898 688 2975 qnid
718 2917 789 2957 uero
819 2896 889 2956 utile
919 2897 1004 2959 uoltis
1034 2910 1063 2959 et
1092 2900 1331 2981 compendiosum
1362 2902 1433 2962 mihi
1461 2906 1559 2966 nisum

266 3007 370 3074 luerit,
406 2999 645 3063 intermiscendo.
691 2998 746 3059 lsta
778 3019 830 3060 nos
859 3019 929 3077 ergo
961 3003 1121 3060 memoriae
1151 3003 1364 3064 commendetis
1392 3007 1559 3085 ruentisque

264 3104 453 3185 receptaculo
475 3121 563 3182 quam
585 3103 709 3162 firmiter
732 3103 872 3170 teneatis,
902 3111 934 3161 ut
963 3102 997 3161 ed
1023 3105 1114 3162 nestri
1138 3103 1279 3164 desiderii
1302 3107 1467 3184 perlectum
1491 3127 1558 3186 per·
1573 3117 1600 3156 ²⁶

267 3209 376 3269 lectum
399 3207 558 3287 peruenire
582 3203 714 3265 ualeatis.

333 3393 505 3478 Pgralnatice
523 3406 590 3459 ΑΒΕ
642 3407 798 3457 utilitatisA
867 3410 926 3456 3et
943 3407 987 3455 ΑΒ
1007 3408 1070 3458 utC
1094 3410 1274 3461 Wilmannsiue
1324 3415 1557 3477 apposuerimustt

268 3481 308 3531 Bc
326 3481 496 3547 apposuimus
513 3478 692 3528 Wilmanneius
743 3477 798 3524 4nt
815 3472 878 3542 ciro]
897 3478 993 3526 Versae
1005 3494 1055 3527 non
1067 3479 1187 3527 distinaeit
1201 3480 1379 3529 Wiimannsius
1447 3484 1463 3532 6
1481 3485 1557 3533 eriam

265 3550 355 3599 adiuro
375 3547 438 3597 ABG
490 3557 514 3595 ct
532 3547 622 3595 adiuro
646 3544 825 3593 Wilmannsiae
877 3543 1009 3606 quiqueC
1078 3546 1215 3595 isoieutie
1234 3545 1298 3596 ABG
1371 3550 1559 3615 tloptinerec

266 3621 297 3668 10
315 3616 390 3666 michi
408 3615 450 3665 Bc
501 3629 533 3663 ex
551 3613 638 3662 diuina
659 3611 700 3661 AC
719 3610 886 3661 etdiuinaB
944 3613 1081 3674 adquiretis
1100 3612 1297 3675 BCadquiratis
1317 3617 1336 3663 ,1
1390 3616 1516 3679 quatenus
1535 3622 1559 3668 A

267 3687 295 3734 ll
315 3696 339 3734 et
356 3683 502 3734 elemosinis
522 3681 554 3732 B.
574 3693 598 3730 et
615 3697 662 3732 om.
682 3678 724 3728 AC
782 3679 894 3728 'auxiliis
922 3694 1044 3745 perpetuo
1072 3681 1173 3730 adiutus
1197 3682 1376 3732 Wiloraunsius
1399 3685 1512 3750 adipitns
1536 3685 1556 3736 C

265 3755 297 3802 12
316 3765 402 3803 eterna
420 3750 485 3801 ABG
544 3750 642 3813 possim
661 3746 831 3813 peruenireC
901 3751 932 3798 13
950 3761 1067 3797 coeterna
1086 3748 1150 3798 2ch
1168 3763 1253 3798 eierare
1276 3751 1455 3804 Wilmanaeiue
1526 3757 1557 3805 14

264 3832 353 3870 sancto
372 3837 418 3871 om.
437 3816 481 3868 ‚tc
550 3831 632 3866 nmen.
653 3816 755 3881 explicit
774 3809 811 3864 iil)
829 3817 905 3880 paple
924 3815 949 3871 C,
968 3820 994 3865 in
1012 3834 1060 3882 qno
1079 3820 1170 3866 orniesa
1188 3827 1245 3867 arte
1261 3822 1425 3882 prammatica
1441 3824 1558 3887 requam.

266 3889 421 3954 anrrtionis
438 3887 624 3935 reorabulmium
636 3885 739 3934 insertis
751 3883 865 3933 nereidas
877 3885 1038 3934 illie‘contra
1056 3887 1162 3934 clericos
1180 3887 1291 3936 indertee
1309 3896 1333 3937 et
1351 3890 1474 3951 desidee’‚
1493 3907 1557 3955 quor

268 3955 397 4007 Vcenerns
415 3956 495 4005 edidit
513 3971 573 4004 mne.
593 3953 671 4004 iiten.
692 3952 790 4001 XXIV
806 3968 832 4015 p.
852 3954 903 4000 391
925 3955 1126 4009 accuratissime,
1150 3953 1200 4015 nisi
1222 3957 1292 4019 quod
1312 3971 1388 4004 nerra
1410 3960 1487 4008 tertio
1505 3974 1556 4008 non

261 4021 304 4083 lei,
321 4026 369 4075 reri
384 4019 414 4074 lii
431 4044 464 4063 =
483 4022 578 4072 ‘labet’
596 4023 718 4085 scriptam
736 4027 782 4068 eet.
855 4021 885 4067 16
906 4020 982 4068 Deest
1000 4021 1085 4069 tautae
1103 4022 1128 4069 in
1147 4023 1170 4069 Α
1242 4025 1272 4072 l'i
1291 4025 1470 4086 gramaticeA
1525 4030 1556 4076 19

264 4088 423 4155 uiolentiam]
444 4092 500 4140 Aa:
521 4089 657 4138 uiolentia?
744 4090 776 4136 22
796 4097 878 4135 nestre
898 4086 940 4135 AB
1009 4089 1041 4137 23
1060 4090 1240 4151 pretereunda,
1259 4107 1327 4144 corr,
1347 4093 1481 4143 mittendo
1501 4093 1522 4142 B

264 4161 376 4210 uob'rsB
445 4161 477 4208 24
496 4159 617 4207 memorie
636 4155 678 4203 AB

347 4333 514 4391 dstantem
528 4329 645 4404 Papiae
659 4327 744 4398 liber,
769 4341 853 4400 quern
877 4328 932 4386 alii
952 4325 1071 4386 {ructari
1095 4345 1126 4387 se
1148 4330 1255 4389 dedere
1276 4334 1404 4405 leaenae
1421 4331 1552 4409 fatetur,

262 4450 371 4494 rencra
393 4442 469 4492 totus
487 4431 557 4503 [erc
580 4431 622 4487 ad
643 4430 833 4487 Prisciniacum
856 4430 1113 4488 accoraraodatns:
1141 4448 1236 4505 neque
1258 4435 1334 4491 enirn
1355 4437 1451 4493 solam
1473 4433 1554 4494 idem-

261 4552 362 4597 reram
392 4536 467 4593 {nnio
495 4540 633 4591 sanatus
660 4541 702 4590 est
729 4531 765 4589 ab
788 4528 874 4588 initio
896 4548 988 4605 usqne
1010 4533 1053 4590 ced
1069 4535 1175 4603 fierem,
1206 4553 1264 4608 prro
1286 4536 1323 4593 dc
1344 4538 1556 4609 cortienctipnc

262 4641 341 4712 repit,
364 4637 419 4697 sed
440 4635 532 4693 aaron
555 4637 623 4707 ipsa
647 4632 801 4692 Prisciani
818 4633 995 4706 plerumque
1017 4643 1193 4709 repetantur
1215 4639 1258 4694 ita
1280 4646 1393 4709 tamar,
1423 4645 1555 4713 atquae

261 4741 346 4813 apred
367 4739 556 4798 Praecianum
578 4737 728 4809 proliatos
754 4735 891 4807 exposita
918 4744 1001 4807 sunt,
1032 4756 1051 4794 n
1074 4737 1172 4812 Pupia
1194 4741 1224 4796 in
1246 4742 1442 4815 conpendium
1464 4757 1553 4800 coar·-

261 4847 370 4899 tentnr.
420 4841 590 4909 Quirecnm
613 4839 752 4913 iniciat,
783 4845 878 4893 letteren
903 4843 961 4907 est,
993 4838 1044 4896 ald
1064 4855 1083 4895 a
1105 4840 1260 4900 Prisciani
1275 4844 1449 4916 praeceptis
1471 4860 1553 4903 rece-
