3382 5476
193 382 255 445 llil)
654 382 765 433 PETRI
783 381 1015 434 GRAMMATICI

191 578 221 631 et
250 589 304 650 per
332 572 516 633 incrementa
546 589 638 649 usque
666 571 701 631 ad
730 572 892 649 perfectam
920 578 1046 631 aetatem
1075 570 1195 631 crescit.
1240 570 1291 633 Sic
1322 578 1353 633 et
1381 570 1491 643 littera,

191 691 267 752 quae
300 690 354 751 per
387 672 515 753 syllabas
549 681 578 733 et
605 680 706 752 partes
736 673 878 733 orationis
905 690 998 751 usque
1026 671 1062 732 ad
1090 674 1236 749 integram
1265 681 1296 733 ct
1324 674 1491 753 perlectam

191 774 355 834 orationem
382 792 519 835 crescere
548 774 674 835 uidetur.
721 773 792 834 lnde
815 774 996 850 Virgilius
1018 774 1115 836 blaro
1143 774 1228 834 dixit:
1257 772 1408 836 Littera
1438 786 1493 837 est

192 874 297 936 uelut
331 874 509 954 quaedam
543 875 692 953 legendi
721 876 918 945 nationes,
953 875 1047 936 unde
1077 883 1112 936 et
1140 876 1220 936 eius
1246 876 1491 937 incrementa

191 974 373 1037 infantuli
408 997 424 1036 e
460 977 590 1036 matris
624 984 732 1036 utero
765 979 1051 1055 prorumpentis
1084 975 1273 1038 aetatibus
1306 977 1515 1057 aequipe·s

192 1086 337 1139 rantur:
363 1086 399 1137 ut
422 1079 517 1138 enim
546 1078 671 1138 inians
699 1078 854 1142 dicitur,
883 1079 943 1156 qui
965 1076 1067 1155 loqui
1091 1078 1212 1139 nescit
1233 1086 1270 1165 et
1292 1078 1492 1155 paruulus.

192 1180 253 1260 qui
275 1197 392 1258 parua
415 1195 606 1255 gressuum
629 1178 819 1240 molimina
842 1180 979 1240 nititur
1002 1178 1315 1259 babereetpucr.
1339 1178 1492 1257 quando

192 1280 382 1361 pubescit,
410 1279 632 1341 adolescens
660 1291 795 1351 autem,
827 1298 906 1341 cum
935 1282 1169 1359 proceritate
1197 1280 1378 1360 corporis
1404 1279 1492 1341 ado·

193 1381 318 1452 lescit,
355 1382 510 1442 iuuenis
545 1399 648 1451 uero,
686 1400 764 1443 cum
801 1383 840 1443 in
874 1382 1074 1442 iuuentute
1111 1380 1267 1449 adunat,
1306 1382 1492 1459 coningio

192 1484 305 1545 armis
326 1485 543 1563 ceterisque
566 1482 797 1545 liberalibus
819 1482 958 1543 studiis
980 1484 1049 1544 iam
1071 1481 1221 1558 dignus,
1251 1488 1289 1543 at
1309 1484 1386 1550 uir.
1410 1500 1529 1543 cumn

193 1585 352 1646 oninium
381 1603 555 1645 sensuum
584 1585 908 1661 consiliorumque
937 1584 1172 1646 nanciscitur
1198 1586 1404 1653 uirtutem,
1440 1584 1492 1644 ita

193 1687 303 1747 etiam
337 1686 464 1746 littera
498 1685 543 1746 ab
570 1687 664 1765 ipsis
691 1704 800 1747 cerae
831 1684 1118 1746 characteribus
1144 1702 1260 1761 usque
1289 1683 1331 1745 ad
1361 1701 1493 1746 casso·

193 1806 269 1847 rum
294 1788 605 1866 compositionem
630 1787 740 1848 bosco
764 1787 918 1847 ordines
941 1787 1119 1856 directat,
1148 1786 1334 1864 siqnidem
1365 1785 1494 1847 inians

193 1886 420 1967 appellatur,
451 1906 528 1948 curn
557 1896 672 1947 artem
703 1906 772 1948 non
802 1898 925 1957 sonat,
954 1886 1108 1967 paruula
1137 1906 1242 1957 uero,
1271 1904 1352 1947 cum
1374 1884 1494 1967 sylla·

193 1988 319 2049 barurn
357 1988 502 2067 glutine
541 1988 719 2067 paulatim
757 1989 929 2067 graditur
963 1997 998 2050 et
1030 1987 1201 2069 puerula‚
1239 2006 1318 2049 curn
1355 1988 1531 2067 pedumrs

193 2092 380 2151 mensuris
424 2088 924 2175 crescis-adolescentula,
968 2109 1047 2151 cum
1085 2092 1230 2169 proetica
1269 2096 1387 2150 metra
1427 2108 1495 2171 per

192 2210 369 2253 uersuum
393 2190 604 2253 carminula
626 2190 774 2260 suillat,
791 2200 825 2251 at
849 2191 1068 2260 iuuencula‚
1085 2210 1163 2252 curn
1186 2208 1336 2252 casuum
1361 2190 1495 2253 uerbo·

186 2306 346 2374 rurnque
369 2292 547 2373 quandam
571 2293 876 2371 intellegentiam
900 2302 1089 2372 capescat,
1114 2296 1239 2373 uirgo,
1262 2310 1343 2354 cum
1366 2310 1495 2355 casso·

193 2414 285 2465 rum,
309 2405 346 2455 ut
368 2395 460 2464 dixi,
486 2396 800 2475 compositionem
824 2394 1047 2474 plenissime
1068 2395 1210 2456 doceat.

261 2564 310 2614 DE
332 2564 463 2615 Tmssvs
482 2564 656 2615 MATERIIS
676 2564 809 2625 QVIBVS
828 2562 995 2613 CONSTAT
1013 2563 1173 2614 LITTERA
1192 2560 1296 2614 slcvs
1315 2562 1365 2613 ΕΤ
1383 2562 1495 2616 Hosto
1507 2572 1533 2611 to

193 2666 325 2717 TRIBVS
344 2665 582 2717 SVBSTANTHS
601 2664 801 2717 CONSISTIT.

278 2801 328 2861 Est
343 2804 435 2880 igitur
454 2822 524 2864 uera
548 2801 708 2863 similitudo
731 2800 849 2861 litterae
871 2801 900 2860 in
925 2800 1058 2865 bomine:
1082 2802 1260 2862 sicutenim
1283 2799 1375 2861 bomo
1398 2788 1497 2865 tribus

192 2905 335 2971 consistit,
360 2922 487 2983 corpore
511 2910 540 2963 et
562 2902 659 2965 anim‘a
682 2912 769 2980 atque
792 2903 914 2980 spiritu.
939 2903 981 2963 sic
1004 2901 1101 2964 littera
1124 2901 1220 2963 tribus
1241 2908 1373 2974 constat,
1397 2904 1494 2984 ligura

194 3006 314 3065 nomine
338 3014 366 3065 et
389 3012 541 3083 potestate.
580 3004 651 3065 lnde
673 3002 855 3082 Virgilius
878 3004 964 3065 dicit:
987 3004 1029 3065 Et
1051 3012 1089 3064 ut
1112 3002 1254 3083 aliquid
1278 3004 1494 3068 intimetius

194 3107 372 3185 aperiam,
402 3104 533 3166 littera
561 3106 649 3165 nrihi
678 3105 833 3166 uidetur
859 3105 1041 3166 humanae
1070 3105 1309 3167 conditionis
1332 3124 1417 3167 esse
1441 3109 1532 3173 si·as

195 3206 309 3268 rnilis:
341 3210 440 3268 sient
469 3209 563 3268 enim
592 3206 698 3267 homo
726 3206 848 3286 plasto
871 3215 905 3268 et
927 3205 1064 3267 aillatu
1088 3214 1123 3267 et
1145 3206 1298 3284 quodam
1327 3206 1494 3271 caelesti

194 3311 278 3387 igne
300 3311 496 3379 consistit,
520 3311 571 3369 ita
594 3317 629 3369 et
651 3306 778 3369 littera
801 3327 866 3370 suo
890 3327 1064 3387 corpore,
1092 3307 1158 3369 boc
1183 3318 1240 3370 est
1261 3309 1388 3387 ligure
1411 3312 1493 3373 ani-

194 3428 282 3471 mam
320 3410 474 3485 babens,
512 3412 547 3471 in
584 3429 712 3477 sensu,
752 3408 818 3469 boc
848 3418 904 3469 est
939 3411 974 3469 in
1013 3418 1220 3488 potestate:
1257 3410 1493 3489 spiridouenn

195 3532 281 3573 uero
311 3559 441 3581 ......
480 3512 547 3573 hoc
585 3520 640 3572 est
677 3513 711 3571 in
749 3512 948 3590 superiore
985 3510 1312 3591 contemplatione
1350 3511 1493 3576 babere

194 3615 354 3675 uidetur.
1505 3638 1533 3677 m

261 3897 432 3965 3Virgilins]
452 3918 479 3964 p.
493 3903 545 3950 ino
563 3900 621 3950 Μαί
699 3902 762 3949 bne
782 3902 869 3950 mauis
922 3896 1299 3965 aeqrripernturllcomparatur
1317 3902 1406 3951 diuina
1478 3905 1494 3954 'l

193 3970 236 4031 qni
255 3983 335 4033 par-un
354 3970 407 4033 gljl·
469 3969 580 4019 olnnrina
604 3970 690 4017 nititur
713 3968 804 4017 linbore
819 3965 832 4025 ΙΙ
848 3983 904 4017 cnm
928 3984 1008 4034 purim
1031 3984 1166 4032 gressuum
1185 3969 1317 4018 molimina
1336 3970 1424 4019 nititur
1442 3972 1493 4020 irn-

194 4040 302 4103 primere
320 4037 406 4087 iliano
475 4040 560 4086 llcrrm
579 4037 806 4086 iuuentuterllniua
857 4038 975 4101 contingis
994 4038 1071 4084 :trinnis
1142 4040 1173 4085 lll
1190 4034 1493 4103 lib‘rnlibns”coniugio

193 4105 347 4154 nrlrnisromr
364 4116 440 4166 atque
457 4105 604 4155 liberalibus
623 4105 715 4154 studiis
734 4105 783 4153 inni
802 4106 897 4169 dignus
916 4104 943 4153 iit
962 4106 1048 4155 rlloinr
1116 4105 1148 4153 nd
1168 4106 1207 4153 nir
1275 4108 1304 4154 11
1325 4106 1494 4156 manciscitnr

194 4174 285 4222 uirtute
297 4170 309 4239 ΙΙ
322 4174 439 4223 uirtutem
459 4176 612 4224 rrnrrelsciuu·
630 4174 715 4224 ,ltm‘m
814 4176 844 4221 12
862 4188 918 4222 cere
935 4174 1104 4221 carocteribus
1173 4172 1205 4222 nd
1224 4187 1341 4223 rmsorurn
1359 4176 1493 4239 composi·

193 4242 261 4289 riorre
273 4238 285 4306 ΙΙ
296 4241 328 4289 od
347 4257 500 4303 qeinssornm
520 4242 732 4307 compositionem
751 4240 838 4290 binius
890 4242 921 4290 13
939 4240 1039 4303 bosque
1057 4240 1155 4289 ordinis
1170 4244 1175 4301 Ι
1190 4240 1268 4290 besee
1286 4241 1390 4290 ordines
1402 4242 1493 4293 ,tratur

228 4310 312 4357 inians
330 4309 473 4374 appellatur
490 4326 547 4357 eum
567 4310 649 4374 siguis
671 4310 806 4357 dundaxat
826 4306 1007 4358 cliniae-sandis
1026 4324 1071 4373 per
1089 4322 1160 4357 ceres
1178 4308 1316 4373 gemmulis
1334 4308 1431 4359 eisdem
1450 4312 1492 4359 iu·

192 4378 262 4441 diget
281 4376 367 4426 slloe'ur
438 4379 467 4425 14
485 4378 592 4441 pnrnoln
611 4372 746 4442 rrelssnero
767 4377 852 4426 iliano
927 4380 957 4427 15
976 4373 1270 4442 glotirrarssconglutine
1287 4377 1373 4427 Maius
1427 4392 1490 4443 pue-

193 4446 248 4493 rulo
266 4461 322 4505 orn.‚
341 4444 401 4493 odd.
419 4443 505 4492 Μαίης
575 4445 606 4493 16
624 4460 681 4491 rum
701 4444 800 4508 postire
818 4456 896 4491 nrotro
914 4444 1000 4494 Motus
1011 4440 1023 4511 ΙΙ
1037 4460 1082 4509 per
1100 4458 1182 4509 pauca
1199 4456 1279 4493 metro
1353 4446 1383 4493 17
1402 4444 1493 4495 solllnt

194 4512 280 4562 ,liuius
331 4511 497 4560 odiiureucnla
567 4514 599 4561 18
616 4506 909 4576 anrddamllqnandnm
928 4512 1015 4563 illotus
1065 4512 1293 4577 copiescntMnt'ua
1342 4512 1490 4575 casnrnmll

192 4593 346 4642 ‹prrassorunr
365 4578 452 4629 diuina
538 4581 570 4627 to
588 4579 708 4643 perdocet
725 4579 811 4629 aliatus
879 4580 911 4627 24
929 4576 1066 4645 Virgilius]
1085 4596 1111 4644 p.
1132 4582 1184 4629 130
1201 4580 1258 4629 dini
1324 4580 1359 4629 26
1375 4581 1490 4645 aperiens

193 4649 226 4698 26
244 4662 269 4697 cc
286 4646 373 4695 nillotn
386 4644 398 4713 Η
410 4658 435 4695 et
452 4646 512 4694 uilla
530 4646 617 4695 diulus
684 4648 718 4696 ‘tt
736 4648 771 4695 ita
789 4658 813 4695 et
831 4646 913 4695 littera
932 4647 980 4697 boc
998 4659 1037 4697 est
1054 4662 1102 4696 sno
1120 4661 1228 4712 corpore
1246 4646 1329 4711 ligure
1340 4646 1353 4713 ΙΙ
1364 4662 1414 4697 suo
1432 4663 1490 4699 cor-

192 4730 257 4781 pore
274 4714 322 4763 hoc
340 4728 379 4764 esc
395 4714 478 4779 sigum
496 4725 550 4761 orte
567 4730 597 4762 ac
614 4714 725 4763 dictione
743 4713 810 4763 noim
829 4714 947 4776 quisdam
966 4716 1202 4781 compaginibus..
1218 4726 1318 4766 ..uinta
1336 4726 1375 4765 est
1387 4716 1490 4766 diotae:

192 4789 280 4832 cetero
297 4784 369 4846 apud
385 4783 481 4834 dicium
499 4783 599 4832 deamat.
680 4783 713 4832 28
732 4784 800 4831 Ante
819 4783 878 4831 ‘doe
895 4787 946 4833 ert’
965 4787 1082 4833 nonnullo
1100 4784 1228 4833 caecidisse
1246 4783 1375 4834 uidentur.
1410 4784 1490 4850 spiri—

193 4847 300 4914 donem]
321 4850 398 4901 Ilonr
416 4866 500 4902 reorent
518 4853 574 4915 ipso
596 4848 718 4911 l'irpiliur
732 4852 818 4913 (irascit,
837 4851 870 4913 rs.
889 4868 915 4915 p.
939 4855 994 4915 idn,
1014 4854 1031 4901 3
1051 4852 1113 4901 dini.
