3382 5476
584 368 622 420 m
639 366 722 419 nou.
742 368 868 419 aaran
886 367 1066 421 mannen.
1408 363 1472 428 249

176 553 244 614 iden
272 556 383 615 circum
412 554 555 624 ilectitur,
589 573 627 616 ne
653 565 777 635 putetur
804 556 929 618 uerbum
957 575 1039 625 esse,
1070 565 1099 616 et
1127 556 1235 616 dicitur
1262 570 1406 633 persona,
1435 572 1471 613 eo

177 656 255 733 quod
279 676 387 736 perse
410 664 504 772 spuet,
529 658 608 733 quod
623 659 736 719 Graece
751 655 938 738 undecune
960 658 1077 719 dicitur.
1123 659 1249 718 Prima'
1268 673 1393 734 persona
1417 663 1469 723 est,

176 777 251 837 quae
286 757 323 818 de
356 777 388 819 se
423 776 485 836 ipsa
516 757 646 837 loquitur
674 759 710 820 ad
737 759 913 829 secundam,
948 767 980 819 ut
1009 761 1083 837 ‘ego
1107 759 1207 837 lego';
1236 760 1279 817 sic
1307 765 1337 816 et
1364 758 1470 818 Graeci

177 858 281 920 dicunt
304 853 380 938 ἐγώ.
425 859 595 920 Secunda
624 869 682 930 est,
713 862 748 921 ad
779 880 865 939 quam
895 860 1026 941 loquitur
1056 862 1150 940 prima
1179 860 1216 919 de
1244 861 1307 939 ipsa
1329 858 1469 927 secunda,

149 969 210 1021 aut
242 964 290 1020 ‘tu
323 962 416 1023 irater
450 959 556 1038 legis';
591 961 695 1022 Graeci
725 962 826 1024 dieunt
853 957 905 1022 σύ.
956 963 1056 1023 Tertia
1089 981 1216 1042 persona
1250 968 1310 1034 est,
1345 959 1384 1049 de
1412 978 1470 1039 qua

178 1062 311 1141 loquitur
333 1064 427 1142 prima
451 1063 487 1123 ad
510 1063 685 1132 secundam,
710 1072 744 1125 ut
765 1065 827 1125 ‘ille
849 1064 943 1125 irater
965 1063 1097 1130 scribit:
1121 1063 1234 1124 Graece
1257 1053 1366 1133 αὐτός.
1412 1060 1470 1121 Sed

175 1165 272 1242 prima
296 1173 325 1225 ct
347 1163 477 1225 secunda
500 1183 627 1244 persona
651 1168 769 1243 generis
792 1174 861 1226 sunt
883 1166 994 1234 omnis,
1017 1166 1101 1244 quia,
1125 1167 1201 1224 sicut
1223 1164 1294 1223 dicit
1316 1165 1362 1222 uir
1378 1165 1469 1240 ‘ego’,

178 1267 218 1325 ita
243 1273 273 1325 et
296 1264 418 1338 mulier,
450 1266 487 1325 ila
517 1274 546 1325 et
568 1269 757 1346 mancipium.
782 1265 900 1349 1117311
922 1267 1001 1327 ‘Tu’
1030 1265 1173 1327 similiter.
1218 1263 1251 1323 ln
1281 1266 1368 1325 tertia
1398 1282 1469 1325 uero

176 1385 303 1446 persona
331 1371 388 1427 iam
418 1366 630 1429 discernuntur
658 1385 783 1446 genera,
814 1378 847 1428 ut
875 1368 943 1428 ‘ille
965 1368 1013 1428 illa
1036 1367 1143 1435 illud’;
1173 1372 1203 1427 et
1224 1369 1320 1444 prima
1343 1385 1469 1446 persona

138 1479 235 1528 1⁰non
258 1467 348 1528 habet
369 1469 551 1540 uocatiuum,
576 1488 644 1530 cum
667 1469 825 1548 singularis
848 1478 905 1538 est:
931 1472 961 1529 in
986 1468 1092 1546 plurali
1115 1486 1187 1528 uero
1210 1469 1379 1529 uocatiuum
1402 1486 1470 1529 cum

175 1569 240 1629 aliis
268 1569 372 1637 haben
402 1588 434 1630 se
457 1573 535 1631 enim
560 1571 733 1632 cohortatur
755 1591 822 1631 cum
845 1569 925 1630 aliis:
955 1571 998 1631 ‘O
1022 1589 1076 1631 nos
1098 1571 1206 1631 iratres
1228 1569 1389 1649 legamus’,
1417 1568 1469 1631 sed

176 1673 269 1750 magis
291 1670 458 1733 hortatiuus
480 1672 597 1741 dicitur,
620 1692 709 1752 quam
732 1675 894 1735 uocatiuus

707 1875 756 1936 DE
778 1875 942 1936 castata

261 1993 373 2054 Casus
397 1995 655 2074 pronominum
679 2012 742 2055 sex
773 2006 872 2063 sunt,
904 1995 981 2055 sicut
1003 2003 1032 2055 et
1055 1995 1217 2056 nominum.
1262 1994 1572 2056 Nominati·³³⁰.²⁹

137 2106 258 2165 ¹⁵uus,
283 2105 321 2155 ut
343 2095 416 2165 liic,
440 2099 642 2174 genetiuus
665 2096 788 2166 huius,
812 2096 961 2157 datiuus
984 2097 1083 2166 huic,
1100 2096 1341 2158 accusatiuus
1362 2095 1468 2170 hunc,

176 2198 376 2258 uocatiuus
403 2217 435 2266 o,
467 2196 660 2258 ablatiuus
689 2197 731 2258 ab
761 2197 836 2258 hoc.
882 2197 1042 2260 Vocatinus
1074 2201 1104 2258 in
1138 2201 1225 2259 tertia
1254 2215 1380 2278 persona
1409 2214 1470 2257 non

176 2307 234 2366 eet,
258 2298 328 2367 sed,
352 2317 389 2358 ne
412 2299 494 2360 locus
518 2301 582 2360 eius
605 2317 718 2360 uacuus
740 2308 923 2369 remaneret,
946 2301 1066 2378 ponitur
1086 2319 1112 2360 0.
1152 2298 1272 2360 Nullum
1297 2301 1375 2359 enim
1398 2317 1468 2378 pro-

174 2417 286 2460 nomen
313 2403 484 2461 uocatiuum
513 2399 617 2470 habet,
646 2402 703 2462 nisi
730 2401 860 2463 secunda
888 2418 1015 2478 persona
1044 2402 1190 2480 primitiui
1212 2402 1290 2470 ειιι’,
1322 2409 1351 2461 et
1373 2402 1467 2480 prima

175 2518 302 2581 persona
332 2504 492 2582 possessiui
521 2502 650 2571 ‘mens',
679 2502 758 2583 quod
787 2503 857 2564 lacit
885 2504 1056 2563 uocatiuum
1080 2507 1110 2562 ‘o
1133 2504 1200 2564 mi’.
1245 2500 1468 2564 Oaduerbinm

136 2603 384 2673 aestumanda
415 2613 444 2665 et
466 2623 574 2665 nomen
604 2603 719 2665 litterae
747 2605 824 2665 illius
852 2603 1009 2684 aliquando
1038 2606 1125 2665 etiam
1155 2603 1277 2683 optandi
1306 2605 1468 2665 inuenitur.

175 2704 288 2767 Cuius
310 2709 512 2785 possessiuum
535 2715 581 2766 est
602 2708 858 2784 interrogatiuum.
903 2706 991 2766 Cuia
1013 2708 1136 2766 cuium
1159 2706 1329 2784 genetiuum
1352 2713 1467 2766 tanturn
1480 2717 1531 2765 ιω.
1546 2719 1572 2758 ³2

175 2805 287 2868 habent
309 2815 339 2867 et
361 2806 528 2868 diriuantur
556 2810 709 2887 a‘quis'.
755 2808 817 2868 Sui
846 2826 905 2867 non
936 2805 1024 2868 lrabet
1052 2808 1284 2877 nominatiuum,
1316 2808 1384 2886 quia
1413 2807 1571 2868 licem&

174 2925 340 2985 pronomen
364 2916 474 2970 tantum
499 2909 656 2971 relatiuam
681 2918 736 2970 est.
780 2909 894 2971 Relatio
924 2911 1002 2970 enim
1026 2911 1057 2969 in
1082 2910 1266 2969 nominatiuo
1290 2927 1349 2969 ιιοιι
1372 2915 1469 2987 potest

175 3026 254 3079 esse,
283 3013 352 3087 qriia
378 3013 585 3072 intransitiuus
614 3023 671 3071 est:
701 3013 730 3070 in
754 3029 787 3071 se
809 3022 909 3072 manet
932 3021 962 3072 et
983 3028 1041 3071 non
1064 3011 1171 3072 transit
1193 3011 1229 3070 ad
1252 3009 1338 3071 aliam
1366 3027 1469 3088 perso·

135 3122 254 3172 tanam.
299 3111 380 3189 Ergo
408 3131 464 3174 nec
491 3115 661 3173 uncatiuum
693 3111 796 3182 lrabct,
827 3113 878 3192 qui
906 3111 1010 3174 similis
1037 3121 1081 3173 est
1109 3114 1292 3174 nominatiuo
1325 3115 1354 3173 in
1387 3115 1468 3173 omni

174 3212 387 3281 declinatione,
419 3216 476 3274 nisi
505 3216 534 3274 in
564 3213 708 3282 secunda,
738 3222 771 3273 ut
798 3214 858 3274 ‘liic
881 3214 986 3275 doctus
1009 3233 1027 3274 o
1049 3214 1158 3275 docte'.
1203 3214 1255 3274 Est
1284 3216 1371 3275 etiarn
1396 3215 1468 3274 ‘sui'

173 3317 292 3376 numeri
313 3316 495 3376 communis:
520 3317 578 3375 ‘sui
596 3315 684 3375 homo
700 3317 806 3375 seruit'
829 3327 859 3375 et
880 3318 938 3375 ‘sui
961 3315 1096 3376 homines
1118 3317 1277 3378 seruiunt!
1322 3314 1468 3376 Nullum
1481 3328 1557 3374 ειμι

173 3424 294 3477 antem
317 3435 519 3496 pronomen
544 3417 1034 3496 recipitcomparationem‚
1052 3418 1223 3493 quamuis
1245 3415 1467 3496 qualitatem

173 3519 386 3597 significet,
409 3520 477 3597 quia
501 3521 557 3579 iam
580 3518 729 3579 antecedit
751 3535 870 3578 nomen.

133 3626 161 3668 ³⁰
264 3618 389 3680 luter
426 3622 692 3699 pronomina
729 3627 770 3679 et
806 3619 1035 3680 articulos
1071 3618 1128 3679 hoc
1170 3619 1273 3688 distat,
1317 3619 1395 3699 quod
1434 3631 1556 3679 eatam

174 3723 349 3802 pronomina
383 3740 448 3781 esse
483 3731 639 3800 putantur,
675 3738 750 3797 qliae
778 3722 842 3780 sine
877 3723 997 3781 nomine
1033 3722 1129 3781 uicem
1167 3722 1295 3782 nominis
1331 3720 1465 3801 implent,

174 3830 208 3883 ut
236 3823 309 3882 ‘iste
335 3825 400 3902 ipse
429 3821 511 3890 ille';
546 3822 663 3883 articuli
692 3831 790 3882 autem
820 3841 896 3883 cum
926 3822 1212 3902 pronominibus
1240 3831 1406 3903 ponuntur,
1436 3833 1469 3884 ut

174 3923 242 3984 ‘hic
269 3926 352 4003 ipse’
381 3924 446 3983 ‘llic
474 3923 559 3991 ille';
588 3942 665 3985 curn
695 3923 921 3993 nominibus,
952 3934 984 3985 ut
1012 3925 1077 3985 ‘liic
1107 3927 1173 3985 uir'
1205 3925 1270 3985 ‘liic
1292 3927 1465 4003 magister';

173 4042 251 4084 cum
280 4026 517 4104 participiis,
546 4025 820 4104 ut‘lrielegens'.
866 4027 982 4087 llaec
1016 4026 1163 4087 eadem
1198 4027 1557 4106 prenominatam

133 4136 252 4206 topro
285 4125 507 4187 articulis
541 4135 782 4206 ponuntur,
811 4127 929 4208 quando
952 4131 983 4188 in
1006 4126 1203 4188 declinatione
1226 4137 1308 4196 sunt,
1337 4137 1372 4188 et
1400 4146 1467 4207 pro

240 4381 257 4428 2
275 4393 390 4445 prosopa
459 4381 733 4447 3grecidicuntego
820 4382 921 4446 bgreei
943 4381 1079 4430 dicuntsu
1165 4382 1273 4445 tigrane
1291 4390 1365 4430 natos
1436 4383 1465 4429 11

172 4445 289 4496 cohortat
358 4448 466 4513 legimus
537 4451 569 4500 19
587 4450 738 4514 possessina
805 4452 838 4500 27
857 4450 952 4498 rrirllum
971 4450 1037 4498 enim
1106 4451 1139 4500 32
1156 4449 1256 4498 articuli
1273 4451 1340 4498 enim

172 4700 277 4817 publice
293 4702 442 4752 deridebant
454 4718 630 4766 quoscumque
648 4703 775 4761 uolebant,
794 4705 838 4753 sed
857 4719 913 4753 cnm
933 4703 1087 4768 prohibitum
1106 4703 1155 4754 luit
1172 4704 1220 4753 hoc
1237 4704 1292 4768 agi,
1311 4702 1470 4768 accipiebant

183 4782 259 4818 arnae
278 4770 295 4823 i.
314 4770 467 4820 talamascas
484 4771 516 4820 de
534 4773 626 4821 cortice
644 4772 742 4820 arboris
762 4771 840 4821 lactas
860 4784 884 4820 et
901 4772 932 4821 ad
950 4771 1039 4821 iaciem
1063 4788 1136 4823 enam
1159 4772 1216 4822 illas
1238 4772 1413 4837 adponebant,
1437 4786 1469 4823 nc

173 4847 389 4902 cognoscerentur
407 4840 498 4898 etsie,
517 4855 692 4902 quiescumque
711 4839 837 4900 uolebant,
855 4841 1012 4893 deridebant.
