3382 5476
241 353 370 402 CCXLIV
658 343 706 392 DE
725 341 911 394 suentem
928 343 1033 393 ARTE.

321 527 360 588 In
379 527 461 602 folio
488 530 620 591 seeundo
646 531 685 589 de
707 529 939 607 praeposit-ione
966 535 1010 592 ita
1039 530 1155 607 egitur,
1185 539 1267 592 utet
1289 535 1320 592 in
1343 530 1481 593 initioet
1503 536 1534 594 in

233 633 295 703 fine
315 635 463 693 nonnullo
484 630 705 705 desiderentur,
735 631 789 707 qui
810 641 968 706 tractatus,
1000 636 1072 709 quio
1094 632 1241 710 exemplis
1261 652 1302 694 ex
1328 633 1416 694 libris
1436 634 1535 696 saeris

231 735 471 810 potuisssent,
500 735 544 794 ed
569 734 786 795 illustrandum
815 735 984 810 Smorepdi
1009 753 1122 796 morem
1150 738 1322 813 aptissimus
1347 735 1424 797 sutis
1449 738 1535 798 nobis

236 833 347 908 dientes
368 835 452 898 uisus
472 843 524 910 est,
549 854 633 911 quem
656 843 750 897 toturn
771 839 851 913 typis
871 837 1096 898 manderemus.

321 988 372 1049 iol,
396 988 456 1050 ll⁸.
470 1037 477 1050 .
491 1037 520 1051 ..
548 992 628 1050 mina
651 996 769 1050 transeo
793 997 823 1049 et
845 989 962 1066 mando
985 1007 1035 1050 eas
1063 989 1191 1052 uerbum
1218 991 1362 1071 sequitur,
1391 990 1532 1052 aduerbia

235 1073 318 1134 liunt.
364 1074 506 1136 ‘Circum’
529 1075 665 1152 quamuis
687 1076 726 1135 sit
747 1075 940 1157 praepositio.
970 1082 1015 1134 est
1043 1083 1140 1136 tamen
1170 1084 1200 1135 et
1221 1093 1339 1137 nomen.
1385 1075 1529 1137 ‘Circum’

237 1161 392 1219 ot'‘oirea’
416 1162 651 1240 praepositiones
672 1177 762 1219 arnum
792 1160 959 1235 significant
981 1169 1011 1220 et
1034 1178 1133 1221 casum
1157 1159 1278 1221 tralrrmt
1301 1178 1419 1240 semper
1441 1179 1529 1222 aecu-

236 1245 362 1304 satiuum
385 1244 442 1305 hoo
465 1245 567 1306 modo:
591 1246 726 1306 ‘circum’
751 1242 798 1305 uel
822 1245 912 1305 ‘eirea
936 1245 1019 1321 (ergo
1041 1246 1119 1325 eod.)
1143 1247 1354 1325 propinquum’
1376 1243 1425 1306 uel
1447 1248 1529 1326 ‘pro-

236 1330 364 1407 pinquos
386 1328 533 1391 humanus
555 1334 642 1391 sum'.
687 1330 797 1391 ‘Circa’
821 1337 866 1389 est
887 1331 1084 1408 praepositio;
1107 1338 1153 1390 est
1167 1339 1197 1391 et
1211 1328 1339 1391 uerbum
1355 1332 1526 1410 imperatiui

235 1415 329 1484 modi,
353 1425 398 1475 est
421 1423 450 1476 et
472 1414 646 1477 adnerbium
669 1413 735 1483 looi,
758 1414 809 1475 sed
840 1414 958 1494 quando
986 1417 1165 1494 praepositio
1193 1425 1253 1484 est,
1281 1434 1384 1476 casum
1412 1433 1531 1495 semper

235 1497 325 1560 trahit
340 1502 551 1571 aecusatiuum
575 1498 717 1561 utillud:
741 1500 832 1561 ‘cirea
856 1498 939 1561 illum
962 1517 1071 1561 corona
1094 1501 1241 1562 lratrum'.
1288 1502 1421 1563 ‘Contra’
1444 1517 1530 1578 prae·

236 1584 342 1662 positio
365 1603 484 1665 semper
507 1586 687 1647 eontrarium
711 1584 856 1662 significat
884 1594 914 1645 et
943 1602 1043 1645 sasaim
1065 1604 1184 1664 semper
1205 1584 1295 1645 trahit
1316 1586 1529 1655 accusetiuum

236 1668 441 1748 singulariter,
478 1680 510 1730 ut
537 1669 623 1731 illud:
660 1673 701 1729 ‘at
729 1688 783 1730 uos
811 1679 913 1730 eontra
943 1689 990 1731 me
1020 1672 1196 1748 erigimini:
1225 1668 1393 1749 pluraliter:
1422 1669 1528 1731 ‘multo

235 1760 369 1833 tempore
392 1759 536 1834 pugnauit
557 1756 639 1816 lesus
662 1764 765 1816 contra
788 1753 890 1815 hostes
917 1757 1011 1816 istos’.
1058 1756 1171 1816 ‘Extra’
1200 1757 1381 1834 praepositio
1408 1773 1529 1816 aecusa-

235 1840 327 1899 tiuum
353 1840 441 1900 trahit
463 1859 582 1919 semper
612 1858 729 1907 casum.
759 1837 961 1916 singulariter:
992 1840 1033 1901 ‘et
1061 1841 1221 1902 educentes
1249 1858 1316 1901 eum
1347 1848 1429 1900 extra
1458 1841 1530 1902 ciui-

233 1931 324 1984 tatem
348 1923 545 2004 lnpidabant';
569 1923 736 2005 pluraliter:
761 1925 857 1985 ‘extra
873 1941 1037 2004 synagogas
1060 1926 1169 1986 sacient
1191 1928 1267 1985 uos’.
1313 1925 1417 1985 ‘lutra'
1440 1943 1527 2005 prae·

234 2011 345 2086 positio
369 2019 414 2069 est
437 2009 562 2071 uerbum
586 2011 754 2090 imperatiui
778 2007 857 2069 modi
881 2018 911 2068 et
932 2009 1108 2071 adnerbium
1131 2008 1201 2079 loci,
1231 2019 1275 2070 ut:
1305 2010 1393 2071 ‘iutra
1416 2010 1528 2072 sedeo’.

234 2092 358 2161 Quando
380 2103 479 2155 autem
502 2097 684 2175 praepositio
707 2104 760 2164 est,
784 2113 884 2154 casum
907 2095 997 2155 trahit
1012 2096 1212 2157 aecusatiuum
1235 2094 1293 2156 hoo
1315 2095 1416 2156 modo:
1440 2096 1528 2157 ‘intra

236 2196 338 2240 nmros
362 2190 391 2240 et
413 2182 489 2241 intra
520 2181 634 2241 moenia
660 2181 776 2257 (menia)
806 2179 888 2240 urbis
917 2184 1041 2242 uersor'.
1088 2181 1191 2241 ‘lnlra’
1214 2181 1394 2260 praepositio
1417 2190 1446 2241 et
1467 2183 1528 2241 sin·

232 2262 363 2340 gularem
395 2264 442 2343 (m.
467 2268 488 2326 I
513 2265 713 2345 singulariter)
744 2275 773 2326 et
801 2263 945 2341 pluralem
973 2265 1064 2326 tralrit
1090 2284 1190 2326 rasum
1219 2266 1276 2325 lroo
1304 2265 1405 2326 modo:
1440 2266 1526 2327 ‘inira

233 2355 356 2410 teotnm'
380 2360 408 2410 et
427 2352 518 2412 ‘inira
542 2360 617 2412 teoto
641 2355 730 2411 snm’.
782 2349 887 2410 ‘inter'
916 2349 1060 2430 pluralem
1090 2360 1202 2411 tantum
1232 2349 1322 2410 trahit
1349 2368 1464 2424 casum,
1495 2360 1528 2411 nt

231 2434 321 2496 illud:
346 2441 384 2494 ‘et
408 2439 486 2496 inter
509 2435 644 2496 homines
667 2445 863 2496 conuersatus
886 2441 955 2507 est’¹
977 2437 1034 2496 nisi
1057 2435 1134 2496 lorte
1156 2436 1213 2495 duo
1237 2438 1357 2496 nomina
1381 2453 1473 2515 ponas
1496 2446 1527 2496 et

231 2520 325 2581 elisas:
355 2524 448 2581 ‘inter
475 2521 691 2601 caelum‚(ee-)
725 2531 754 2581 et
789 2529 898 2582 terram
931 2520 1061 2582 habito’.
1113 2521 1232 2581 ‘luxu’
1266 2529 1310 2580 est
1344 2521 1522 2600 praepositio

231 2609 431 2668 aecusatiuum
455 2625 555 2668 casum
579 2605 699 2668 trahens
722 2606 777 2666 hoo
799 2606 902 2667 modo:
927 2607 1016 2667 ‘iuxta
1039 2607 1145 2668 altare’
1168 2615 1198 2666 et
1220 2606 1312 2666 ‘iuxta
1328 2605 1431 2666 altaria
1446 2607 1522 2665 ero’.

229 2689 281 2750 Est
312 2699 341 2751 et
368 2691 542 2752 adnerbium
570 2692 628 2752 loci
656 2710 711 2771 pro
739 2694 856 2770 ‘prope'
887 2693 1026 2771 positum.
1072 2691 1142 2753 ‘Ob'
1171 2693 1353 2771 praepositio
1375 2701 1404 2751 et
1425 2692 1525 2770 singu·

230 2774 331 2836 laritor
356 2784 384 2836 et
408 2776 563 2854 pluraliter
587 2777 785 2837 aecusatiuum
811 2776 900 2837 trahit
928 2795 1026 2837 casum
1056 2777 1113 2836 hos
1141 2775 1242 2836 modo:
1273 2775 1322 2836 ‘ob
1345 2776 1527 2837 detensionis

229 2864 359 2921 eatrsam’
385 2873 414 2920 et
436 2861 485 2920 ‘oli
510 2862 690 2922 italensionis
712 2879 816 2922 causas
839 2859 874 2921 ad
899 2861 1049 2941 publicum
1072 2863 1169 2925 exeo'.
1215 2861 1320 2921 ‘l’one'
1342 2863 1526 2940 praepositio

229 2964 322 3025 prope
344 2950 396 3021 (un
418 2949 477 3020 lep.
502 2946 625 3024 probel)
649 2945 829 3024 intellegitur
859 2956 982 3007 accentu
1006 2954 1133 3017 mutato,
1164 2963 1200 3003 ne
1230 2945 1353 3006 uerbum
1384 2965 1450 3007 esse
1469 2948 1524 3007 im·

228 3032 355 3110 peratiui
379 3030 459 3091 motli
482 3031 675 3099 existimetur,
707 3040 736 3091 et
758 3049 857 3091 casum
882 3032 971 3091 trahit
993 3031 1194 3092 accusatiuum
1216 3033 1272 3091 hoe
1300 3030 1401 3092 modo:
1433 3033 1521 3112 ‘pone

182 3142 185 3151 ¹
228 3114 370 3177 tribunal'
396 3125 424 3176 et
445 3117 535 3195 ‘pone
552 3113 708 3177 tribunalia
730 3115 844 3175 sedeo'.
885 3116 965 3176 ‘Per’
990 3118 1171 3195 praepositio
1186 3134 1305 3196 semper
1320 3119 1520 3190 aecusatiuum

228 3200 319 3260 trahit
347 3220 446 3262 casum
475 3199 680 3278 singulariter,
712 3208 755 3261 ut:
786 3204 851 3279 ‘per
879 3209 989 3261 memet
1017 3203 1113 3280 ipsum
1141 3203 1242 3262 iurans
1269 3201 1341 3262 dicit
1362 3202 1521 3270 dominus',

228 3285 399 3364 pluraliter:
429 3287 470 3345 ‘et
500 3288 662 3346 reeensiuit
690 3305 742 3347 eos
769 3304 823 3364 per
851 3284 954 3346 domos
983 3295 1012 3346 et
1039 3284 1188 3347 lamilias’.
1233 3286 1383 3365 ‘Propter’
1407 3295 1450 3346 est
1472 3286 1524 3346 ad·

228 3371 367 3432 irerliium
396 3371 469 3439 loci,
505 3380 536 3431 ut
566 3371 650 3431 illud:
686 3372 778 3431 ‘iuxta
805 3369 946 3448 angulum
975 3380 1006 3431 et
1032 3380 1156 3450 propter
1190 3371 1268 3431 uiam
1302 3372 1407 3431 domus
1442 3371 1521 3432 illius

227 3457 384 3531 graditur’.
428 3456 479 3516 Est
502 3465 531 3516 et
553 3458 733 3536 praepositio
755 3458 956 3517 aecusatiuum
980 3472 1099 3534 semper
1114 3456 1235 3517 trahens
1251 3474 1350 3516 casum
1368 3457 1523 3533 utriusque

228 3540 365 3624 (utrique)
397 3544 529 3611 numeri,
559 3551 592 3603 ut
620 3542 707 3604 illud:
738 3546 875 3622 ‘propter
905 3542 1012 3602 iratres
1040 3560 1122 3604 meos
1151 3550 1181 3602 et
1202 3542 1353 3620 proximos
1375 3559 1456 3601 meos
1478 3539 1522 3600 lo·

226 3627 339 3706 quelrar
368 3645 470 3705 pacem
499 3627 536 3688 de
564 3632 616 3697 ιε’,
646 3630 779 3708 ‘propter
808 3628 928 3688 domum
957 3626 1068 3687 domini
1096 3628 1144 3688 dei
1166 3629 1260 3688 nostri
1283 3628 1415 3706 quaesiui
1443 3624 1521 3687 bona

227 3712 301 3773 tibi'.
348 3712 543 3773 ‘Secundum’
567 3716 747 3794 praepositio
770 3731 889 3794 semper
912 3714 1114 3774 aecusatiuum
1137 3711 1227 3773 traliit
1242 3731 1342 3773 casum
1365 3713 1521 3791 utriusque

226 3800 351 3865 numeri,
377 3796 516 3857 utillud:
549 3798 723 3860 ‘secundum
747 3817 854 3859 nomen
878 3807 959 3858 tuum
983 3796 1058 3858 deus
1081 3799 1119 3858 ita
1142 3806 1171 3858 et
1193 3796 1259 3858 laus
1280 3801 1354 3868 tua’,
1378 3807 1408 3858 et
1430 3796 1520 3858 illud:

226 3881 344 3942 ‘reddet
367 3882 441 3943 deus
465 3885 625 3962 unicuique
647 3883 810 3944 seeundum
834 3900 922 3961 opera
945 3884 1020 3947 sua?
1064 3882 1157 3944 ‘Post’
1180 3885 1361 3962 praepositio
1383 3881 1520 3943 similiter

225 3969 381 4047 utriusque
409 3970 524 4029 numeri
554 3970 644 4030 trahit
673 3986 771 4036 casus,
801 3966 997 4044 singularem,
1027 3977 1059 4027 ut
1086 3966 1175 4028 illud:
1206 3974 1257 4028 ‘en
1285 3970 1340 4028 iste
1368 3976 1426 4028 stat
1454 3974 1520 4046 post

224 4055 368 4134 parietem
393 4058 551 4122 nostrum’,
575 4053 743 4132 pluraliter:
767 4054 845 4131 ‘post
867 4052 938 4112 deos
953 4051 1066 4112 alienos
1081 4071 1141 4113 uon
1163 4051 1269 4114 ibitis.’
1313 4052 1434 4113 Transit
1448 4069 1520 4111 uero

225 4139 381 4219 aliquoties
409 4141 437 4200 in
467 4138 602 4200 adnerbii
631 4139 876 4218 significationem
905 4137 961 4196 hoc
994 4136 1098 4197 moto:
1132 4139 1210 4217 ‘post
1238 4139 1355 4199 currit'
1399 4137 1519 4197 ‘Trans'

224 4243 343 4304 semper
366 4225 566 4285 accusatiuum
591 4242 689 4285 casum
713 4221 801 4283 trahit
829 4223 984 4299 utriusque
1012 4224 1143 4292 numeri,
1176 4222 1348 4301 singularis,
1376 4231 1409 4284 ut
1430 4221 1518 4282 illud:

224 4309 308 4370 ‘abitt
330 4311 412 4370 lesus
435 4318 517 4370 trans
542 4329 623 4369 mare
647 4307 803 4376 Galileae’;
835 4305 988 4386 pluraliter
1011 4306 1146 4368 similiter
1175 4307 1275 4370 disere
1298 4306 1407 4368 debes:
1436 4305 1520 4367 ‘abiit

224 4405 306 4456 trans
328 4396 430 4473 maria,
453 4403 534 4455 mans
549 4403 653 4472 portus
668 4393 803 4472 (portosl'
826 4402 856 4453 et
871 4390 986 4452 similia.
1003 4389 1014 4472 ΙΙ
1031 4393 1050 4451 l.
1068 4388 1111 4452 llb
1127 4389 1139 4474 ΙΙ
1155 4391 1405 4472 Frequentissime
1420 4401 1519 4452 autem

224 4479 319 4541 uerbo
342 4479 497 4547 adhaeret,
521 4488 553 4538 nt
581 4487 734 4539 transnato
762 4487 882 4539 transeo
911 4478 1075 4538 transuolat
1104 4480 1208 4540 transit
1237 4488 1365 4540 transeo.
1411 4477 1519 4538 ‘vltra'

225 4584 292 4626 oum
316 4565 497 4644 praepositio
521 4571 573 4631 est,
598 4565 797 4624 aecusatiuunr
822 4581 940 4642 semper
963 4561 1054 4624 trahit
1076 4581 1175 4626 casum
1197 4566 1354 4644 utriusque
1385 4564 1517 4630 numeri:

223 4651 411 4725 singulariter
427 4647 526 4709 dicere
541 4646 647 4708 debes:
672 4649 758 4708 ‘ultra
776 4651 910 4716 llumen’,
934 4646 1088 4727 pluraliter
1108 4648 1197 4710 ‘ultra
1214 4649 1357 4720 llumina‘,
1382 4646 1516 4710 utillud:

223 4733 310 4792 ‘ultra
335 4735 453 4796 llumina
477 4733 649 4811 Aethiopiae
673 4732 820 4811 (etliiopio)
845 4731 913 4793 inde
936 4733 1085 4813 supplices
1108 4735 1187 4795 mei'.
1227 4735 1349 4796 Ponitur
1371 4743 1468 4795 autem
1485 4743 1528 4792 et.

221 4836 275 4898 pro
298 4818 440 4880 atomum
455 4819 583 4885 infinito:
600 4818 719 4897 ponitur
735 4826 763 4878 et
777 4838 831 4896 pro
848 4818 903 4878 loei
920 4817 1077 4890 atluerlii03
1093 4820 1214 4898 ponitur
1230 4829 1258 4879 et
1274 4838 1329 4898 pro
1347 4817 1513 4899 ‘amplius’;
