3382 5476
295 397 357 463 116
429 361 433 368 ¹
810 397 878 448 Ans
896 395 1072 448 anonrnn

211 644 213 649 .
293 589 393 657 aiunt,
423 585 521 647 addita
549 592 593 647 tas
620 584 731 666 syllaba
759 603 850 665 super
876 586 1101 652 nominatiuum,
1124 591 1156 643 ut
1178 600 1292 662 pauper
1313 591 1490 664 paupertas,
1512 581 1590 644 uber

292 688 421 759 ubertas,
445 698 531 750 uetus
553 696 698 757 uetustas:
722 686 879 766 aliquando
901 707 918 747 a
943 688 1145 766 comparatiuo
1174 685 1300 747 ueniunt
1327 693 1437 746 mutata
1465 703 1501 747 or
1530 683 1588 767 syl·

292 789 358 852 laba
386 793 416 851 in
445 809 478 850 es
506 798 534 849 at
563 788 662 850 addita
691 797 750 859 tas,
786 797 819 849 ut
845 790 940 848 maior
968 790 1118 857 maiestas,
1140 791 1164 861 †
1185 788 1281 848 bonor
1307 787 1463 856 honestam
1493 795 1544 848 aut
1572 803 1589 846 a

292 893 392 953 datiuo
414 890 555 970 singulari
577 891 681 951 tertiae
704 888 909 950 declinationis
931 889 1099 951 dirinantur
1121 889 1220 951 addita
1243 898 1291 951 tos
1313 886 1441 970 syllaba,
1465 896 1497 949 ut
1519 885 1588 948 ielis

291 992 385 1055 lelicis
411 992 489 1053 lelici
517 990 657 1061 felicitas,
688 994 731 1052 sic
758 992 858 1071 capaci
886 993 1046 1070 capacitas,
1074 993 1174 1071 rapaci
1197 991 1358 1070 rapacitas,
1388 991 1485 1053 tenaci
1505 987 1614 1050 tona-'a

211 1144 217 1156 .
291 1098 373 1164 citas,
397 1096 516 1174 procaci
539 1095 714 1173 procacitas,
738 1093 826 1154 adlini
850 1092 993 1163 adlinitas,
1016 1092 1127 1154 infideli
1144 1091 1309 1158 infidelitas.
1333 1089 1426 1152 celeri
1441 1091 1588 1160 celeritas,

291 1198 405 1258 auctori
434 1197 603 1257 auctoritas.
649 1194 756 1256 Neutra
786 1197 815 1254 in
845 1213 877 1255 as
903 1196 1114 1263 terminantur,
1144 1202 1177 1255 ut
1199 1193 1255 1255 boc
1278 1212 1330 1255 uas
1352 1194 1430 1255 uasis
1452 1194 1515 1253 nasi
1536 1209 1591 1253 naa

291 1315 348 1360 aas
369 1316 385 1357 a
409 1315 493 1366 uasa,
523 1305 551 1357 et
574 1295 680 1376 plurali
704 1315 774 1357 uasa
797 1314 936 1357 uasorum
959 1298 1039 1357 uasis
1061 1313 1130 1356 uasa
1154 1314 1224 1357 uasa
1246 1297 1341 1365 uasis,
1369 1304 1398 1356 et
1419 1294 1480 1356 duo
1502 1293 1588 1357 inde·

291 1398 450 1469 cliuabilia,
474 1407 507 1459 ut
528 1398 585 1460 boc
608 1399 653 1459 ias
675 1407 705 1459 et
726 1397 784 1459 hoc
806 1400 898 1459 nelas.
937 1397 974 1458 Et
995 1407 1065 1458 sunt
1086 1399 1255 1458 eommunia
1277 1399 1368 1459 trium
1391 1413 1536 1476 generum
1559 1396 1588 1457 in

290 1519 336 1572 as,
365 1508 397 1562 ut
426 1501 475 1561 bic
502 1509 532 1560 et
559 1500 633 1561 haec
661 1508 691 1561 et
718 1500 776 1560 boc
798 1502 923 1579 primas,
952 1497 1001 1560 bic
1023 1507 1052 1560 et
1073 1499 1147 1561 haec
1170 1507 1199 1560 et
1221 1499 1277 1560 lroc
1300 1500 1440 1579 optimas,
1468 1516 1547 1579 quae
1568 1508 1624 1558 alt

290 1601 460 1664 nominibus
481 1604 595 1682 primus
617 1610 648 1662 et
669 1603 799 1680 optimus
821 1603 961 1670 ueniunt,
990 1601 1038 1661 hio
1062 1609 1092 1662 et
1113 1600 1187 1661 baec
1210 1607 1238 1662 et
1261 1600 1317 1661 boc
1339 1601 1480 1680 Arpinas,
1509 1617 1586 1678 quae

290 1705 357 1765 ideo
387 1707 417 1764 in
445 1705 503 1764 line
532 1702 643 1764 babent
670 1703 892 1764 circumflexum
922 1714 1092 1769 accentum.
1122 1705 1191 1781 quia
1220 1720 1274 1781 per
1303 1719 1462 1781 syncopam
1485 1700 1586 1781 prole·

291 1815 407 1869 runtur.
445 1805 580 1866 Perfecta
604 1806 682 1864 enim
707 1822 811 1865 eorum
832 1806 1028 1866 inueniuntur
1050 1803 1127 1884 apud
1151 1805 1374 1881 antiquissimos
1395 1804 1426 1863 in
1449 1805 1487 1864 tis
1507 1802 1586 1863 desi·

289 1909 398 1977 nentia,
423 1913 455 1966 ut
476 1906 524 1965 bic
547 1905 671 1966 ethaeo
693 1907 827 1983 primatis
849 1908 1007 1984 optimatis,
1030 1907 1079 1967 hic
1102 1914 1131 1966 et
1153 1907 1226 1966 lraee
1247 1907 1405 1985 Arpinatis,
1430 1911 1459 1964 et
1480 1913 1587 1966 neum

288 2011 319 2068 in
344 2029 359 2068 e
383 2007 561 2074 desinentia,
584 2014 617 2068 at
632 2003 644 2087 ΙΙ
661 2008 681 2067 i.
699 2004 779 2068 105b
795 2005 806 2088 ΙΙ
822 2007 879 2067 boc
900 2009 1026 2088 primate
1049 2009 1105 2068 boc
1127 2009 1268 2086 optimate
1292 2006 1348 2067 lroc
1370 2007 1526 2085 Arpinate,
1557 2014 1625 2066 ean

289 2109 435 2172 ablatiuus
455 2112 486 2170 in
509 2110 519 2168 i
543 2126 625 2168 more
649 2127 752 2169 corum
776 2111 939 2178 nominum,
962 2111 1090 2185 quaein
1113 2111 1138 2169 is
1161 2108 1460 2169 desinentialaciunt
1481 2115 1586 2168 neutra

289 2214 319 2271 in
349 2231 379 2281 a,
408 2221 440 2273 ut
467 2211 504 2271 ab
532 2211 588 2271 boc
617 2219 646 2272 et
672 2209 709 2270 ab
738 2210 794 2270 bac
823 2220 852 2270 et
879 2209 916 2271 ab
945 2209 1002 2270 hoc
1024 2212 1157 2288 optimati
1181 2211 1297 2289 primati
1320 2210 1462 2288 Arpinati.
1507 2208 1588 2270 llaec

289 2321 386 2373 autom
410 2315 529 2374 nomina
553 2313 720 2373 communia
743 2313 831 2372 trium
855 2330 998 2391 generum
1020 2314 1050 2372 in
1073 2331 1105 2373 as
1128 2310 1292 2372 desinentia
1315 2312 1357 2373 sic
1383 2309 1587 2372 declinantur:

290 2413 340 2474 bic
367 2422 397 2475 et
425 2414 498 2475 baec
524 2423 553 2474 et
575 2414 632 2476 boc
653 2432 814 2494 praegnas,
844 2413 933 2475 huius
955 2415 1137 2493 praegnatis,
1168 2413 1237 2473 huic
1258 2415 1426 2493 praegnati,
1456 2411 1536 2474 bunc
1558 2420 1589 2473 at

246 2557 250 2563 -
291 2517 367 2576 lianc
394 2524 585 2596 praegnatem
614 2525 644 2577 et
670 2516 727 2577 boc
750 2534 910 2595 praegnas,
940 2534 957 2575 o
980 2533 1139 2595 praegnas,
1169 2515 1206 2575 ab
1228 2515 1285 2575 boc
1307 2523 1337 2575 et
1359 2512 1475 2574 abbae
1497 2522 1527 2574 et
1549 2512 1628 2574 aba

291 2619 346 2678 lroc
370 2620 537 2697 praegnati,
562 2626 591 2678 ct
613 2616 718 2696 plurali
741 2617 771 2678 lri
795 2625 823 2678 et
845 2617 901 2678 bae
923 2625 1099 2696 praegnates
1122 2624 1151 2678 et
1173 2617 1246 2677 baec
1268 2616 1455 2695 praegnatia,
1480 2615 1588 2676 borum

291 2727 317 2779 ct
341 2719 445 2780 lranrm
469 2731 500 2779 et
520 2718 626 2779 borum
650 2721 865 2798 praegnatium,
888 2719 934 2778 his
957 2717 1181 2795 praegnatibus,
1206 2717 1259 2778 lros
1282 2725 1311 2777 et
1332 2717 1386 2778 has
1408 2726 1588 2796 praegnates

290 2828 320 2880 et
342 2819 415 2880 baec
437 2822 623 2899 praegnatia,
647 2840 664 2879 o
687 2829 864 2900 praegnates
887 2828 916 2880 et
937 2838 955 2879 o
977 2821 1164 2899 praegnatia,
1188 2821 1226 2879 ab
1248 2820 1295 2880 lris
1318 2816 1538 2896 praegnatibus.

374 2922 406 2981 ln
436 2940 468 2981 cs
495 2923 710 2982 terminationis
738 2930 812 2999 quot
839 2939 949 2999 genera
972 2922 1185 2998 inueniuntur?
1228 2919 1307 2982 idest
1330 2922 1401 2989 tria,
1425 2917 1588 2980 masculina

291 3023 430 3083 feminina
459 3024 641 3090 communia;
671 3022 847 3092 masculina,
876 3031 909 3082 ut
936 3021 986 3083 hic
1014 3022 1099 3083 miles
1127 3021 1239 3092 militis,
1269 3023 1316 3083 bic
1346 3021 1441 3082 lomes
1464 3022 1627 3089 fomitisa‘»

290 3121 338 3182 lric
360 3131 469 3183 trames
491 3125 629 3193 tramitis,
659 3122 707 3183 lric
729 3142 837 3201 gurges
859 3126 1001 3202 gurgitis,
1031 3125 1078 3184 lric
1101 3143 1218 3194 uerrcs,
1248 3124 1326 3203 quod
1349 3141 1472 3203 porcum
1495 3123 1588 3200 sigui·

291 3225 358 3285 licat
385 3234 413 3285 et
443 3233 512 3285 tunc
539 3223 749 3304 appellatiuum
779 3233 831 3285 est.
876 3225 999 3304 Propria
1030 3226 1188 3286 masculina
1217 3226 1248 3285 in
1277 3244 1308 3284 es
1336 3223 1527 3304 productam,
1556 3231 1590 3282 ut

290 3325 419 3388 Aclrilles
441 3326 583 3387 Hercules
605 3326 722 3394 Vlixes,
752 3336 782 3387 et
803 3344 894 3387 rrnum
918 3327 1071 3406 proprium
1096 3328 1271 3387 femininum
1292 3329 1323 3386 in
1347 3345 1380 3387 es
1401 3323 1588 3406 productam,

290 3436 322 3488 ιιι
351 3427 422 3488 lraeo
451 3428 542 3489 Ceres
570 3429 696 3489 Cereris.
742 3426 815 3488 ltem
845 3429 987 3488 iaminina
1015 3426 1190 3507 appellatiua
1220 3428 1308 3490 haec:
1339 3427 1448 3506 caedes
1473 3434 1589 3506 strages

290 3529 396 3609 uulpes
425 3548 495 3609 apes
523 3529 585 3590 lues
610 3529 708 3590 clades
731 3529 825 3591 nobas
846 3527 1050 3610 †comderum
1072 3528 1227 3608 palumbes
1249 3549 1335 3608 seges
1358 3546 1473 3591 merces
1494 3528 1628 3589 lamestu

292 3629 385 3691 moles
408 3630 527 3691 suboles
549 3638 659 3691 cautes.
704 3630 878 3692 Communia
901 3631 1027 3693 tinorum
1051 3649 1204 3709 generum,
1227 3631 1332 3693 utbic
1354 3630 1480 3693 ethaeo
1503 3629 1589 3690 diues

290 3738 441 3810 superstes
475 3749 576 3812 sospes
607 3733 716 3810 hospes
749 3733 836 3794 heres
870 3733 1002 3812 locuples
1035 3735 1155 3813 sonipes
1181 3734 1267 3812 bipes
1295 3734 1388 3812 tripes
1417 3715 1590 3811 quadrupes

290 3836 450 3912 interpres.
495 3833 607 3894 Dicitur
640 3853 711 3912 orgo
744 3835 792 3895 bic
826 3844 855 3895 et
886 3834 960 3894 baec
988 3854 1100 3915 sospes.
1152 3836 1263 3897 Tamen
1286 3834 1394 3913 legitur
1416 3834 1588 3913 ‘Sospita

291 3934 406 3994 luno'.
444 3935 492 3995 Sic
514 3934 562 3996 hic
585 3943 615 3996 et
637 3934 710 3996 baec
733 3936 851 4016 hospes,
868 3946 898 3996 et
919 3935 1080 4015 ‘hospita
1104 3937 1231 3997 tellus’
1256 3936 1373 4014 legitur.
1405 3934 1479 3996 ltem
1494 3933 1544 3995 bic
1559 3944 1590 3994 et

293 4037 364 4097 lraeo
398 4039 534 4108 antistes,
568 4036 677 4099 dicitur
711 4046 739 4097 et
771 4038 909 4097 antistita.
963 4036 1110 4098 Cicero:
1146 4037 1332 4117 postridie
1364 4037 1628 4098 sacerdotes&

357 4193 373 4239 2
392 4205 406 4238 a
424 4186 611 4256 comparatiuo]
630 4186 690 4238 accii
707 4188 824 4252 paratino
871 4196 966 4237 motata
1013 4177 1270 4254 dironorlronastns]
1284 4191 1341 4241 Aa:
1361 4190 1588 4255 potiorpotastas?

289 4257 411 4306 Anddita
429 4257 526 4322 syllaba
594 4257 750 4321 beapatitas
804 4256 881 4304 terrad
899 4256 1016 4305 tenacitas
1067 4259 1157 4307 'iuasi
1177 4273 1223 4306 nas
1242 4273 1256 4305 a
1276 4274 1336 4307 uase
1389 4259 1420 4306 12
1439 4260 1588 4321 sinacopam

293 4322 629 4392 13201·um]Aa:lormat
684 4325 715 4372 14
726 4323 1030 4373 neruoruminedesinunt
1041 4324 1090 4373 lroc
1143 4327 1314 4390 licarpinate
1349 4327 1489 4376 lbinore·
1512 4320 1591 4373 neuir

292 4393 323 4442 16
335 4395 461 4459 carpineti
512 4395 543 4442 lt
557 4403 648 4453 aruum,
660 4407 729 4440 corr.
743 4393 818 4441 trium
871 4391 903 4440 18
920 4391 1045 4456 prignans
1059 4392 1134 4442 huius
1146 4394 1291 4458 prinnantis
1302 4393 1361 4443 huic
1373 4392 1504 4459 prinnanti
1521 4391 1590 4441 hunc

291 4472 315 4510 et
333 4462 398 4510 lrenc
416 4462 575 4527 prinnautem
589 4468 614 4507 et
625 4457 673 4507 boc
684 4459 808 4524 prignans
821 4475 836 4508 o
848 4459 973 4524 prignnns
992 4473 1016 4508 et
1028 4462 1059 4508 ab
1078 4461 1126 4510 lroc
1144 4472 1168 4511 et
1185 4462 1217 4510 ab
1236 4461 1283 4510 bac
1300 4461 1373 4510 etab
1392 4460 1441 4509 hoe
1458 4461 1589 4525 prignanti

219 4570 222 4577 ,
291 4540 316 4578 et
332 4525 669 4595 pluraliieteprignantes
680 4533 737 4588 etc,
749 4529 785 4591 es.
794 4527 945 4578 Consentius
955 4544 982 4591 p.
995 4529 1125 4591 356,st
1178 4529 1290 4590 siquod
1326 4539 1379 4578 trea
1429 4527 1588 4577 26tranrites

325 4612 398 4647 ireres
450 4595 589 4645 28aclriles
640 4595 759 4645 ‘29aedes
813 4592 947 4659 seiuges
961 4594 1075 4660 (lepesi)
1095 4596 1174 4645 nubes
1192 4597 1340 4646 comderum
1357 4591 1505 4662 palumbes]
1526 4595 1588 4646 For·

208 4657 210 4660 ’
291 4670 359 4714 tasse
377 4665 440 4714 illud
457 4662 626 4711 ‘eomdcrnm’
641 4671 785 4727 eormrptunr
803 4679 838 4713 ex
856 4660 924 4712 ‘coris
941 4662 1062 4711 duornm’
1079 4683 1115 4707 =
1131 4679 1265 4713 commune
1282 4664 1407 4727 duorum,
1427 4665 1495 4728 quod
1511 4662 1589 4713 babes

291 4747 368 4781 uersu
379 4732 504 4797 sequenti,
514 4731 545 4780 ob
557 4730 658 4780 librarii
667 4733 788 4781 incuriam
801 4747 836 4782 ear
846 4732 967 4795 inferiori
976 4735 1033 4783 loco
1044 4732 1092 4782 buc
1104 4734 1212 4782 delatum
1223 4738 1271 4784 ast.
1315 4734 1346 4782 31
1360 4732 1463 4782 soboles
1503 4742 1530 4780 ut
1540 4746 1589 4782 cnr.

291 4800 323 4848 32
342 4805 471 4864 super⁸tes
534 4801 567 4849 33
586 4794 687 4863 legitur]
707 4800 741 4860 cf.
760 4799 1024 4862 Prisc.1p.157,8
1092 4803 1125 4851 34
1144 4799 1244 4864 bospite
1264 4795 1350 4864 tellus]
1370 4800 1403 4862 ef.
1424 4799 1508 4850 Prisc.
1530 4799 1588 4864 lp.

293 4868 377 4932 157,⁶
445 4867 478 4915 35
496 4877 607 4915 antestes
625 4867 741 4915 antestita
811 4864 909 4930 Cicero]
926 4869 962 4931 rs,
982 4869 1064 4919 Prisc.
1083 4872 1126 4920 l.l.
1146 4870 1177 4915 11
1229 4867 1353 4931 postridie
