3382 5476
524 379 564 430 na
582 376 669 429 non.
687 376 815 429 taren
833 376 1013 431 mansu.
1364 374 1430 441 239

134 567 203 646 quia
226 582 284 626 non
308 574 469 626 monentur
490 583 545 645 per
568 565 622 625 tria
645 582 769 642 genera,
794 582 862 624 nec
884 565 919 623 in
942 571 1058 623 totum
1082 561 1252 635 mobilia,
1276 566 1344 644 quia
1367 582 1427 624 non

133 676 215 729 recto
238 675 407 733 mouentur.
453 665 525 728 Nam
548 665 638 726 draco
660 664 772 726 ‘draca’
795 664 947 726 debuIsset
968 665 1077 735 lacere,
1101 674 1131 726 et
1152 666 1224 727 lacit
1244 664 1425 727 ‘dracaena'.

131 768 170 830 lit
192 768 302 830 dicitur
325 768 415 828 draco
438 761 590 827 ἀπὸτοῦ
611 763 793 844 δέρκεσθαι
815 769 835 826 i·
851 786 868 828 a
884 767 999 837 uidere,
1024 786 1059 827 eo
1081 766 1160 847 quod
1184 768 1292 827 ceteris
1315 768 1425 827 anima·

132 868 211 930 libas
232 871 347 931 acutius
368 868 475 929 uideat.
521 868 581 929 Leo
602 866 739 929 similiter
761 867 830 929 ‘lea’
845 868 882 928 de
897 869 1040 929 feminino
1064 867 1217 929 debuisset
1239 867 1346 937 lacere,
1368 885 1426 928 non

105 970 272 1032 ⁶‘leaena’.
317 970 417 1032 Gallus
439 968 545 1048 ‘galla’
569 968 720 1030 debuisset
741 971 840 1030 lacere
862 978 892 1030 ει
914 971 983 1030 lacit
1004 968 1147 1048 ‘gallina’
1170 977 1293 1049 propter
1315 967 1426 1029 distan-

133 1073 219 1134 tiam:
250 1091 317 1132 narn
341 1069 443 1132 Gallus
471 1071 559 1131 bomo
587 1078 632 1132 εει
660 1070 698 1131 de
720 1069 828 1141 Gallia,
858 1071 939 1133 Galla
966 1069 1075 1132 mulier
1102 1070 1139 1130 de
1166 1069 1259 1131 Gallia
1286 1071 1425 1148 regione;

131 1172 225 1252 gallus
248 1191 321 1234 uero
343 1181 373 1234 et
393 1172 501 1250 gallina
524 1191 609 1233 auem
633 1173 787 1252 signifieat.
825 1171 888 1233 lter
910 1191 984 1233 uero
1005 1170 1143 1234 similiter
1164 1173 1259 1248 ‘rega’
1274 1169 1427 1231 debuisset

131 1273 245 1343 lacere,
276 1292 334 1334 nou
358 1276 509 1351 ‘regina';
538 1274 604 1335 ideo
627 1292 683 1336 nec
705 1275 736 1335 in
759 1283 821 1336 toto
845 1282 913 1335 suut
934 1276 1005 1344 lixa,
1035 1275 1102 1354 quia
1126 1281 1293 1341 mouentur.
1317 1273 1424 1332 necin

131 1382 194 1436 toto
217 1374 352 1444 mobilia,
376 1378 445 1455 quia
468 1386 632 1437 non·recte
654 1382 814 1437 monentur
836 1373 848 1457 d
868 1373 926 1437 161
945 1373 957 1458 d
982 1376 1130 1437 Scutum
1153 1377 1172 1435 i·
1189 1391 1270 1435 arma
1287 1374 1424 1442 militum,
1437 1391 1514 1439 ειε,ε

94 1490 149 1537 wa
172 1494 231 1554 qua
261 1476 408 1538 diriuatur
435 1477 587 1539 ‘scutula'
611 1476 754 1556 quaedam
778 1478 958 1547 rotunditas,
982 1486 1013 1538 et
1034 1476 1212 1537 diminutiue
1233 1474 1379 1537 ‘scutella’
1402 1476 1422 1535 i·

131 1597 201 1648 uas.
224 1597 284 1658 quo
300 1577 511 1639 manducamus
526 1578 555 1640 in
571 1579 669 1648 diseo,
693 1588 722 1640 et
738 1576 876 1640 ‘scutula'
892 1579 983 1640 uestis
999 1578 1108 1640 dicitur
1130 1576 1256 1638 rotunda
1280 1577 1425 1638 rotundos
1483 1567 1488 1573 ⁸

130 1681 259 1742 circulos
281 1680 409 1749 babens,
438 1699 513 1759 quae
542 1700 601 1743 non
630 1689 752 1743 seruant
779 1698 872 1758 genus
894 1680 1087 1760 primitiuum.
1132 1679 1336 1741 Pistrinum
1359 1679 1423 1739 oln-

130 1784 196 1842 cina
227 1766 388 1862 pistorum,
423 1780 549 1861 pistrilla
583 1783 631 1843 illa
665 1782 778 1843 domus.
831 1781 895 1843 Hoc
922 1782 1082 1861 pistrinum
1115 1781 1314 1858 primitinum‚
1351 1778 1423 1842 baec

130 1881 255 1963 pistrilla
283 1883 491 1945 diminutiuum
521 1891 576 1944 est.
620 1882 745 1945 ‘Pinso'
772 1884 798 1943 i·
828 1883 918 1951 lario,
948 1882 1018 1944 inde
1046 1885 1175 1963 pistores
1203 1880 1360 1951 dicuntur,
1389 1900 1425 1942 eo

94 1995 119 2037 ιι
132 1984 211 2062 quod
234 1986 354 2064 pinsant
375 1987 396 2045 i·
420 1985 536 2046 feriant.
560 1985 680 2046 —llic
702 1993 731 2046 et
753 1984 826 2046 lraec
848 1985 945 2058 canis,
968 1982 1039 2045 lnde
1061 1982 1193 2045 canicula
1215 2001 1308 2064 parua
1332 1985 1425 2047 oanis.

130 2085 183 2148 sed
207 2088 329 2166 proprie
351 2084 508 2146 ‘canicula'
532 2087 639 2147 dicitur
661 2084 760 2155 stella,
789 2086 916 2166 quaein
941 2103 1044 2147 mense
1071 2084 1145 2146 lulio
1173 2087 1298 2164 Apparet
1318 2087 1349 2145 in
1372 2103 1424 2147 ore

131 2187 214 2247 canis
243 2204 381 2265 magnum
409 2186 538 2249 calorem
567 2186 686 2248 iaciens.
718 2221 756 2231 -
786 2187 865 2249 llana
894 2189 1154 2265 onomatopoeinm
1184 2204 1291 2247 nomen
1320 2195 1366 2246 εει
1393 2195 1425 2247 ει

132 2287 204 2349 lacit
226 2288 433 2351 ‘ranunculus’
456 2288 611 2351 masculini
633 2289 761 2366 generis.
788 2322 823 2333 -
850 2289 903 2349 llic
924 2290 1053 2368 Agrippa
1077 2298 1121 2349 εει
1143 2298 1172 2349 ει
1194 2284 1422 2368 appellatiuum:

132 2389 297 2468 ‘agrippae’
321 2389 461 2451 dicuntur
482 2388 542 2459 illi,
570 2391 710 2469 quicum
734 2391 824 2450 nimio
852 2388 955 2450 dolore
985 2398 1155 2464 nascuntur,
1179 2390 1256 2449 sicut
1277 2407 1422 2450 caesares.

92 2490 301 2552 roSecuauom
330 2491 465 2551 ordinem
495 2489 639 2551 uocalium
668 2490 756 2552 modo
783 2490 885 2551 delinit
906 2508 1016 2569 genera
1038 2492 1201 2576 nominum.
1246 2491 1370 2552 Nomina
1392 2491 1422 2550 in
1469 2482 1475 2496 '

130 2612 147 2654 a
169 2592 291 2664 desunt,
315 2591 526 2663 masculinum,
551 2600 584 2652 ut
598 2593 741 2671 Agrippa,
765 2593 955 2666 femininum,
981 2592 1150 2659 utblarcia,
1174 2599 1361 2659 neutrum,
1385 2598 1525 2654 ut³tn1²

130 2701 308 2755 toreuma.
354 2688 491 2774 Topco'ar
519 2694 633 2755 Graece
660 2702 763 2762 turno,
798 2693 867 2755 inde
895 2703 1028 2755 toreuma
1058 2692 1167 2754 dicitnr
1192 2700 1347 2769 ¹tornatura
1375 2691 1424 2752 uel

130 2793 245 2856 balteus
272 2794 409 2874 puerilis,
438 2795 501 2856 sine
524 2795 568 2864 id,
599 2795 676 2873 quod
699 2795 803 2855 eicitur
826 2793 863 2854 de
885 2801 1053 2862 tornatura,
1083 2794 1129 2854 uel
1152 2793 1265 2864 bullae,
1294 2795 1422 2873 quaein

130 2894 281 2958 stillicidio
308 2904 453 2977 apparent
479 2895 600 2974 pluuiali
627 2905 777 2976 tempore,
811 2895 847 2956 ad
882 2913 1008 2974 quorum
1042 2896 1268 2957 similitudinem
1302 2894 1423 2957 calceoli

93 2996 241 3059 ”fiebant
269 2997 410 3058 nobilium
440 3015 619 3076 puerorum,
650 3015 705 3076 per
726 2996 804 3078 quod
833 2996 1061 3075 designabatur,
1089 2998 1182 3077 quod,
1210 2997 1349 3076 quamdiu
1377 2997 1424 3057 bis

68 3111 74 3119 ·
131 3097 299 3167 utebantur,
327 3097 450 3159 alterius
478 3098 603 3160 consilio
631 3097 814 3176 indigebant.
864 3097 937 3160 Nam
965 3097 1075 3180 βουλή
1107 3100 1221 3161 Graece
1254 3098 1422 3168 consilium,

130 3200 199 3261 inde
225 3196 412 3279 βουλευτής
440 3199 638 3261 consiliarius.
677 3199 769 3260 Aliter
791 3198 870 3261 lrarni
892 3199 1052 3262 loricarum
1075 3201 1112 3261 ita
1136 3210 1291 3261 uocantur.
1336 3201 1422 3263 com-

130 3319 219 3362 mune
241 3318 335 3379 genus
357 3303 388 3361 in
411 3319 442 3369 a,
471 3310 503 3361 ut
525 3301 582 3361 boc
604 3309 635 3361 et
656 3300 728 3363 baec
749 3300 873 3361 aduena.
917 3301 1038 3362 Aduena
1067 3301 1176 3363 dieitur
1197 3304 1281 3381 quasi
1304 3301 1423 3362 aliunde

130 3401 302 3464 adueniens.
348 3402 527 3481 Epicoenon,
552 3412 584 3463 ut
606 3402 713 3482 aquila.
737 3436 778 3445 -
800 3401 964 3480 Euterpe
994 3421 1049 3463 nna
1074 3412 1119 3463 est
1141 3421 1176 3462 ex
1200 3421 1308 3463 nouem
1330 3401 1421 3462 blusis
1434 3410 1484 3456 ³⁷⁶,
1499 3412 1523 3449 ¹⁴

94 3511 161 3564 oet
181 3505 395 3583 interpretatur
418 3501 495 3562 bene
517 3502 677 3564 delectans.
722 3502 848 3564 Sedile
870 3504 980 3564 dicitur
995 3523 1011 3565 a
1027 3503 1168 3564 sedendo.
1204 3502 1313 3563 llonlle
1334 3520 1421 3564 orna-

131 3615 261 3666 mentum
290 3603 434 3665 muliebre
463 3613 508 3664 est
536 3623 551 3665 a
580 3602 656 3665 nollo
683 3622 777 3685 usque
806 3605 842 3667 ad
872 3615 976 3684 pectus
1010 3604 1183 3686 dependens
1212 3615 1242 3666 et
1269 3603 1378 3666 dieitur
1404 3622 1420 3664 a
1511 3662 1515 3668 .

131 3704 293 3773 mouendo,
323 3722 358 3765 eo
382 3706 459 3784 quod
489 3716 608 3767 moneat
636 3713 765 3767 mentem
797 3706 929 3767 mulieris
957 3706 1106 3768 subditam
1135 3725 1199 3767 esse
1222 3705 1333 3766 debere
1356 3707 1421 3766 uiro

130 3823 195 3866 suo.
239 3805 303 3866 lino
330 3823 440 3883 genera
470 3814 581 3865 tantum
611 3807 641 3866 in
669 3806 861 3867 edesiuunt:
896 3808 1086 3876 femininum,
1120 3808 1239 3888 qnando
1275 3806 1422 3869 Graecum

130 3907 232 3976 luerit,
264 3918 297 3969 ut
319 3907 464 3985 Euterpe:
494 3916 649 3977 neutrum,
673 3915 706 3967 nt
727 3906 829 3968 sedile.
875 3907 1036 3969 Sciendum
1059 3911 1165 3979 etiam,
1189 3908 1325 3984 nomina,
1347 3926 1422 3988 quae

118 4218 124 4235 ῃ
194 4159 337 4210 ἰἀιεεειιιι
405 4164 535 4227 3apotn
552 4162 686 4212 dorcbeste
770 4160 875 4211 bleena
962 4165 991 4212 ιι
1010 4161 1136 4211 rotundos
1154 4163 1262 4211 circulos
1281 4162 1378 4213 babens
1395 4167 1422 4214 ln

130 4241 207 4293 ιαμ.
279 4229 310 4277 12
328 4227 496 4293 primitiaram]
515 4245 647 4294 suprascr.
667 4231 684 4280 i.
704 4239 803 4280 sontum
857 4227 952 4277 olllci¹¹a
1023 4232 1055 4280 ta
1072 4229 1122 4278 boc
1140 4231 1275 4295 pistrinum
1294 4257 1327 4267 -
1345 4232 1421 4282 dimi-

132 4295 245 4344 nutinnm
264 4299 345 4345 estin
363 4313 442 4361 marg.
541 4300 571 4349 to
589 4298 615 4346 in
634 4312 677 4346 ore
694 4299 765 4346 carris
782 4313 864 4361 snpra
881 4299 924 4349 lta.
960 4297 1028 4346 Αιιιε
1046 4310 1109 4345 rana
1125 4298 1152 4347 ὶιι
1168 4301 1281 4363 margine
1298 4299 1421 4350 babetnrt

131 4371 213 4412 statua
230 4361 381 4413 diminutine
398 4364 557 4415 statunculus
580 4365 747 4414 mascnlinum
767 4365 783 4412 i.
803 4378 883 4429 panna
901 4373 986 4413 statua
1003 4365 1135 4427 (statura),
1170 4365 1259 4417 Statua
1277 4378 1317 4417 est
1334 4369 1419 4434 imago

131 4427 235 4480 nimius
253 4431 288 4480 rei
307 4446 339 4480 ex
358 4446 416 4480 aere
433 4433 473 4481 uel
491 4448 523 4482 ex
541 4433 653 4495 qnalibet
671 4433 792 4491 aratoria:
813 4431 873 4482 inde
890 4433 1029 4483 autcarius
1048 4431 1135 4496 lusor,
1154 4435 1196 4497 qni
1216 4450 1271 4484 eam
1290 4436 1422 4500 componit

131 4496 254 4547 etlundit
270 4510 295 4547 et
312 4500 461 4548 statuarium
479 4499 561 4562 locus,
580 4501 622 4550 ubi
640 4501 712 4550 llum.
782 4500 814 4550 17
833 4501 1044 4567 onomatopeion‚
1062 4517 1132 4553 corr.
1151 4503 1248 4567 -peium
1317 4504 1351 4552 ιι)
1369 4501 1422 4552 rto.

130 4561 209 4633 mina]
229 4565 263 4615 In
280 4581 367 4630 aaaron
387 4568 472 4617 omnia
490 4584 584 4634 genera
659 4571 690 4618 21
710 4567 801 4618 martis
868 4569 901 4617 tt
919 4578 991 4619 toreo
1009 4584 1101 4635 graece
1168 4572 1201 4621 23
1219 4570 1275 4619 sine
1293 4568 1319 4618 id
1337 4594 1370 4603 -
1388 4570 1421 4618 27

131 4629 305 4684 innascatur
322 4636 348 4684 ia
366 4651 445 4699 marg.
526 4635 693 4686 tiboloutes
762 4634 1035 4688 albamilorien....
1108 4638 1379 4702 ll8inn,rapraaor.
1398 4651 1420 4690 s.

131 4696 223 4750 datan
290 4699 409 4771 Aduena]
430 4704 463 4754 In
480 4720 569 4769 marga
588 4718 661 4766 grece
679 4703 816 4768 proselitus
830 4716 949 4753 uocatur:
968 4719 1030 4771 pros
1043 4706 1084 4763 ad,
1104 4704 1168 4754 elten
1186 4705 1284 4754 uenire.
1303 4703 1421 4769 epioboe·

132 4779 189 4825 non.
205 4783 337 4834 amarer.
356 4786 378 4824 s.
396 4772 421 4820 ia
439 4786 464 4830 a,
481 4772 515 4835 cs.
529 4773 594 4822 Dor.
612 4789 638 4836 p.
654 4773 714 4831 37⁶,
728 4773 761 4819 12
778 4787 833 4822 ειιιιι
850 4772 1015 4825 mortuone
1033 4773 1116 4824 Keilii
1181 4774 1213 4823 at
1232 4783 1271 4822 est
1287 4787 1420 4838 suprascr.

164 4844 189 4886 et
204 4835 297 4887 dicitur
312 4863 346 4874 ·—
363 4840 419 4887 uiro
437 4853 484 4889 suo
502 4840 529 4889 in
545 4855 624 4904 marg.
693 4841 726 4890 33
744 4854 847 4906 grecum
