3382 5476
202 414 266 479 242
594 418 827 471 COMMENTVM
845 417 1088 470 musmnnusu

202 606 306 668 uolans
327 606 449 667 candor.
496 607 694 687 ‘Compitalia’
718 609 791 668 testa
815 607 945 675 Cereris,
969 626 1045 686 qnae
1066 606 1155 668 liliam
1176 625 1260 668 suam
1282 606 1499 688 Proserpinam

201 716 315 788 raptam
338 727 354 769 a
377 708 502 769 Plutone
524 727 578 788 per
600 711 728 788 compita
752 719 782 771 et
805 708 884 770 binia
907 709 1088 788 inquirebat.
1124 709 1257 788 Compita
1273 709 1423 779 dicuntur,
1446 708 1500 769 ubi

202 809 311 871 multae
340 811 407 871 uiae
435 818 609 889 competunt
630 812 650 870 i·
672 811 847 888 iunguntur.
891 810 983 872 Sunt
1009 810 1186 888 quaedam
1216 812 1364 872 nomina
1393 812 1498 890 posi·

203 913 318 979 tione,
342 915 362 972 i·
386 932 476 981 uoce:
508 911 638 995 singul}
658 908 720 973 164
734 908 849 994 illaria
872 910 1078 973 intellectu
1106 911 1270 992 pluralia
1299 920 1338 974 ut
1359 914 1495 974 contio.

201 1014 306 1075 Contio
336 1012 444 1074 dicitnr
472 1015 674 1092 congregatio.
720 1012 791 1073 lnde
819 1015 1007 1075 contionatur
1035 1013 1152 1085 dicitur,
1181 1016 1232 1094 qui
1254 1014 1290 1075 ad
1313 1015 1521 1083 contionems

201 1117 220 1174 i·
243 1115 279 1176 ad
309 1116 584 1193 congregationem,
617 1133 787 1175 sermonem
815 1117 899 1184 lacit,
928 1117 1005 1176 sicut
1032 1115 1169 1177 Salomon
1198 1114 1397 1180 ecclesiastes.
1440 1115 1496 1176 lic-

48 1231 129 1287 ant.
143 1215 355 1278 aeclesiastica
378 1217 491 1278 Graece
513 1216 618 1276 Latine
641 1217 835 1279 continuator.
873 1216 995 1285 Plebs,
1012 1215 1180 1281 multitudo.
1217 1215 1397 1286 athenae,
1420 1216 1496 1279 ciui·

200 1328 245 1380 tas
267 1327 311 1378 est
333 1319 475 1379 Graeciae
498 1319 703 1397 potentissima
727 1326 757 1378 ct
778 1317 887 1378 dicitur
909 1326 1004 1380 mater
1026 1320 1202 1399 sapientiae,
1226 1319 1310 1398 qula,
1332 1326 1366 1379 nt
1388 1318 1495 1381 Graeci

200 1419 317 1488 dicunt,
346 1422 377 1479 in
405 1418 453 1479 illa
477 1422 599 1480 inuenta
628 1425 673 1479 est
694 1422 839 1499 sapientia
862 1420 1022 1482 saecularis
1044 1429 1075 1481 et
1096 1420 1235 1481 dicuntur
1255 1417 1389 1481 Athenae
1410 1421 1496 1501 quasi

199 1522 355 1582 athanatoe
383 1524 409 1582 i·
436 1520 629 1585 immortales.
678 1521 868 1599 blycenae,
905 1523 1013 1584 ciuitas
1041 1532 1087 1582 cst
1114 1523 1354 1600 Agamemnonis.
1398 1520 1531 1582 'ibe-xa

201 1624 281 1693 bae,
310 1624 415 1683 ciuitas
442 1633 486 1683 est
508 1623 649 1684 Graeciae
672 1624 797 1683 maxima
820 1642 887 1683 cum
910 1633 1029 1685 centum
1057 1625 1163 1703 portis.
1208 1624 1358 1690 Cumae,
1389 1624 1496 1684 ciuitas

201 1737 246 1786 est
269 1725 455 1803 Campaniae.
500 1725 558 1785 ista
581 1725 699 1785 nomina
723 1734 791 1785 sunt
815 1743 888 1785 uoce
911 1724 1050 1804 pluralia,
1074 1723 1227 1787 intellectu
1249 1722 1423 1802 singularia.

286 1826 326 1886 be
349 1827 451 1904 figtrra.
493 1824 600 1903 Figura
624 1826 732 1887 dicitnr
754 1846 769 1886 a
792 1825 945 1903 lxngendo,
969 1828 990 1887 i·
1006 1847 1022 1887 a
1038 1826 1260 1906 componendo:
1284 1827 1399 1904 lingere
1421 1824 1495 1886 dici·

201 1947 267 1989 mus
283 1945 477 2005 componere,
495 1927 563 1987 inde
578 1930 792 2004 compositores
807 1926 862 1989 luti
879 1929 1009 2005 ‘figulos’
1026 1946 1177 1993 uocamus.
1215 1928 1267 1989 Est
1281 1928 1375 2005 ligura
1391 1944 1494 1989 rerum

199 2032 309 2098 forma,
332 2027 380 2090 uel
402 2029 495 2106 ligura
519 2029 626 2090 dicitnr
649 2048 698 2089 res
720 2028 886 2098 artificalis,
911 2048 986 2107 quae
1009 2038 1060 2090 aut
1081 2048 1117 2089 ex
1139 2048 1197 2091 rxua
1220 2038 1305 2109 parte
1327 2036 1444 2090 constat
1466 2036 1495 2090 ct
1507 2044 1531 2084 1⁵

199 2130 325 2210 simplex
348 2129 466 2200 dicitur,
490 2139 540 2191 aut
563 2149 597 2191 ex
621 2129 758 2208 pluribus
781 2139 810 2190 et
833 2132 993 2210 composita
1018 2139 1151 2195 uocatur.
1190 2132 1269 2194 [luae
1290 2137 1361 2192 sunt
1382 2131 1494 2209 figurae

198 2234 361 2295 secundnm
392 2233 554 2300 Donatum;
587 2232 751 2292 secundum
780 2250 853 2292 uero
881 2233 1116 2293 Priscianum
1149 2242 1228 2302 tres,
1257 2231 1383 2313 simplex
1412 2251 1493 2294 cont·

199 2337 295 2416 posita
319 2344 348 2395 et
370 2334 585 2415 decomposita;
615 2334 667 2394 sed
691 2333 890 2413 decomposita
914 2334 1036 2404 dicitur,
1060 2352 1136 2411 quae
1158 2352 1175 2394 a
1197 2336 1359 2414 composita
1382 2333 1493 2395 diriba-

200 2448 258 2497 tnr.
290 2438 437 2498 ‘Animus'
455 2434 578 2515 simplex
602 2435 696 2513 ligura
718 2444 772 2505 est,
796 2438 1027 2514 ‘magnanimus’
1050 2437 1223 2515 composita,
1241 2437 1492 2515 ‘magnanimitas'

110 2539 410 2618 suddecomposita.
454 2537 649 2607 indoctus,
680 2537 800 2607 stultum
836 2540 1037 2618 impotens,
1072 2535 1146 2597 nibil
1179 2547 1296 2616 potens,
1339 2537 1425 2598 Sicut
1457 2551 1532 2597 exto

199 2649 339 2722 quattuor
363 2641 517 2701 elementis
540 2648 759 2718 componuntur
781 2641 878 2699 omnia
901 2656 1042 2717 corpora,
1066 2640 1108 2699 sic
1131 2648 1351 2719 componuntur
1373 2639 1493 2700 nomina

110 2758 235 2806 emmer
258 2750 395 2823 quattuor
418 2740 522 2805 modis.
568 2738 828 2809 Suburbanus,
856 2743 906 2819 qui
931 2742 961 2800 in
984 2739 1127 2801 suburbio
1156 2739 1283 2809 habitat,
1306 2742 1326 2801 i·
1350 2741 1382 2802 in
1403 2742 1494 2801 terri·

110 2861 159 2909 sn,
174 2861 186 2900 e
200 2847 286 2908 torio.
332 2843 491 2910 Ellicax,
515 2844 636 2903 effectus
658 2844 859 2921 corrumpitur
883 2841 1006 2903 etfacit
1028 2841 1094 2910 elli;
1122 2861 1214 2922 capax
1237 2843 1442 2921 corrumpitur
1464 2851 1495 2904 et

198 2948 271 3008 lacit
292 2962 357 3005 cax.
403 2943 474 3003 lnde
502 2945 606 3004 efficax
636 2943 746 3004 dicitur
769 2944 892 3004 allectus
914 2961 1020 3021 capax,
1049 2946 1100 3023 qui
1123 2943 1248 3023 implere
1270 2950 1384 3023 potest,
1411 2943 1492 3024 quod

199 3045 272 3108 uult.
312 3044 455 3104 llnnicc
463 3063 517 3123 ps,
542 3044 649 3104 dicitur
673 3045 772 3105 munia
788 3046 917 3123 capiens.
955 3046 1110 3125 lluniceps
1126 3063 1219 3123 genus
1241 3044 1390 3124 quoddam
1412 3046 1492 3126 apud
1506 3058 1533 3100 ae

199 3148 363 3214 Romanos,
387 3147 490 3222 quiin
513 3145 649 3206 omnibus
672 3146 932 3207 communicabant
954 3165 1020 3208 cum
1045 3149 1102 3218 cis,
1134 3147 1192 3207 uisi
1213 3148 1243 3207 in
1267 3147 1492 3227 suffragatione.

199 3251 365 3329 ineptus,
395 3247 618 3307 inconnenicns.
664 3246 850 3314 insulsus,
880 3252 931 3325 qni
960 3268 1018 3309 nott
1047 3257 1092 3310 est
1121 3246 1182 3309 sale
1204 3250 1366 3327 sapientiae
1387 3249 1491 3310 cnudi·

199 3361 256 3417 tus.
280 3388 321 3397 -
348 3348 441 3432 †Pin
479 3350 591 3409 Graece
628 3356 761 3419 actuum,
799 3350 868 3410 inde
905 3353 1150 3431 pinnipotens
1187 3349 1295 3411 dicitur
1331 3350 1492 3428 gladiator.

268 3604 450 3671 lcontpetalin
519 3606 682 3669 ieontpeta,
701 3604 740 3652 bis
808 3606 916 3668 'lgrece
983 3604 1117 3668 8greeiac
1180 3605 1247 3668 greci
1334 3604 1493 3656 baccularia

197 3677 232 3792 {g
249 3674 368 3807 {tileblemae
424 3671 575 3720 immortalis
644 3672 758 3720 micenae
827 3675 857 3721 ll
876 3672 976 3736 greciae
1046 3674 1077 3722 tt
1095 3670 1284 3738 praesciauum]
1301 3672 1361 3738 1p.
1382 3676 1441 3737 m,
1461 3675 1493 3724 11

269 3928 299 3976 18
313 3928 404 3976 mosea
415 3926 510 3976 codicia
522 3925 661 3974 Beraensia
674 3924 758 3987 3861',
769 3929 889 3989 maara.
899 3927 962 3977 aina
983 3927 1102 3976 Adiciunt
1118 3926 1244 3987 qnidam
1263 3929 1491 3991 grammatico·

199 4011 263 4045 rum
281 3995 380 4044 tertiam
400 3993 509 4059 figuram
528 3995 545 4043 i.
562 3993 778 4057 decompositanr,
797 4008 862 4054 quae
880 3993 937 4042 licet
953 3995 1124 4059 incomposita
1142 3993 1225 4060 ligura
1243 3995 1290 4057 sit,
1313 4008 1397 4044 tamen
1417 4011 1492 4062 regn-

198 4064 283 4114 lariter
300 4078 346 4128 per
365 4078 392 4111 se
411 4061 515 4127 intelligi
535 4072 626 4127 potest.
663 4059 725 4108 Nam
748 4062 890 4126 composita
914 4061 997 4126 ligura
1015 4074 1062 4121 est,
1080 4078 1145 4125 qnae
1164 4072 1250 4128 potest
1267 4061 1361 4112 reaolni
1380 4064 1407 4112 in
1424 4063 1490 4114 duas

198 4131 368 4196 intelligibiles
387 4141 481 4195 partes,
501 4140 527 4179 nt
544 4130 734 4194 magnanimus,
747 4129 807 4190 qnia
820 4131 998 4194 magnanimus
1011 4131 1181 4195 compositum
1196 4144 1287 4180 nomen
1299 4141 1383 4180 estex
1395 4145 1491 4197 magno

198 4212 223 4249 et
240 4202 338 4253 animo:
361 4199 536 4264 decomposita
554 4209 604 4253 est,
627 4212 693 4258 qnae
712 4212 760 4246 non
779 4206 865 4261 potest
881 4198 974 4246 resolui
993 4199 1103 4248 induas
1126 4197 1298 4263 intelligibiles
1320 4210 1421 4264 partes,
1444 4199 1492 4249 aed

198 4267 374 4332 acomposita
396 4267 535 4327 dirinatnr,
557 4277 585 4314 nt
606 4264 803 4329 magnanimitas
820 4271 868 4316 ete.
972 4267 1005 4316 25
1029 4267 1119 4316 Gtoesa
1141 4268 1237 4316 codicia
1259 4265 1401 4317 Beraensia
1416 4267 1440 4330 s.
1457 4271 1490 4316 5·

197 4352 277 4400 marg.
295 4338 381 4385 dext:
418 4334 556 4398 blnuicipes
575 4345 646 4382 erant
668 4333 796 4394 ‹qrxoddam
820 4347 902 4397 genus
921 4334 1092 4384 Romanorum
1112 4333 1225 4383 aanso
1244 4331 1356 4383 Ciliciae.
1393 4334 1492 4384 Tarsus

199 4405 265 4453 enim
275 4403 321 4465 (ei)
331 4403 421 4451 ciuitas
440 4412 479 4451 est
497 4400 606 4455 Ciliciae,
624 4416 701 4463 qnam
719 4402 881 4466 expugnauit
892 4400 1030 4468 Pompeius
1048 4415 1073 4452 et
1090 4402 1239 4466 snbinganit
1250 4401 1372 4451 Romanis
1391 4414 1493 4468 praeter

198 4472 222 4521 in
242 4471 425 4534 suffragatione
442 4466 685 4533 (sttffragnlatione),
706 4468 754 4517 hoc
771 4480 811 4518 est
827 4467 992 4520 fideiussores
1012 4485 1062 4519 non
1081 4469 1200 4519 ualebant
1217 4485 1284 4525 esse,
1303 4470 1336 4519 de
1352 4484 1404 4532 que
1428 4472 1492 4519 eini-

198 4550 249 4588 tatc
268 4539 315 4587 luit
332 4548 435 4586 sanctus
453 4535 561 4599 Paulus,
585 4538 651 4585 sicut
673 4537 730 4602 ipse
751 4536 824 4586 dicit:
860 4536 933 4601 ‘Ego
952 4537 1084 4588 Romanus
1108 4548 1168 4587 natu
1186 4553 1202 4587 a
1219 4537 1299 4587 Tarso
1318 4536 1421 4588 Giliciae
1438 4552 1491 4587 nou

198 4608 301 4672 ignotae
318 4605 429 4654 ciuitatis
448 4606 603 4668 municeps’.
687 4606 721 4655 28
740 4605 830 4656 Gloaan
852 4607 948 4655 codicia
964 4605 1141 4668 Beraeaat'as.
1161 4611 1194 4655 5¹
1212 4620 1292 4669 marg.
1310 4606 1372 4668 iasa
1408 4605 1490 4655 Pinna

198 4674 370 4739 corrumpitur
387 4672 487 4721 etfacit
505 4672 590 4737 pinni,
611 4684 701 4736 potens
720 4673 844 4739 integrum
864 4688 956 4723 nomen
974 4686 1014 4725 est
1030 4675 1071 4724 nel
1090 4674 1260 4739 participium,
1280 4674 1339 4722 iude
1355 4675 1492 4739 componi·

199 4756 238 4790 tnr
257 4742 438 4807 pinnipotens:
462 4741 507 4805 pin
526 4739 619 4789 Graece
637 4740 726 4790 Latine
743 4741 835 4791 dicitnr
850 4754 966 4799 acutum,
985 4745 1044 4792 inde
1062 4743 1141 4809 pinna
1158 4742 1251 4791 dicitnr
1268 4740 1370 4806 gladius
1389 4751 1415 4791 et
1431 4741 1492 4791 inde

198 4811 377 4875 pinnipotens,
400 4809 444 4871 qni
468 4812 530 4858 bene
551 4818 637 4873 potest
659 4824 775 4874 pugnare
797 4824 855 4859 cnm
873 4811 952 4875 pinna
970 4813 986 4861 i.
1003 4826 1060 4860 cum
1078 4811 1165 4876 gladio
1184 4820 1209 4859 et
1225 4809 1392 4876 pinnipotens
1412 4823 1490 4859 noea·

198 4878 270 4927 betur
288 4877 415 4928 retiarius.
450 4877 511 4926 Erat
531 4877 598 4927 euim
619 4879 719 4942 species
742 4877 792 4927 ludi
816 4878 957 4940 antiquitus
975 4880 1001 4927 in
1020 4878 1124 4929 tlxeanis
1142 4879 1185 4928 nbi
1202 4877 1371 4946 praecedebat
1388 4875 1489 4944 (teutria
