3374 5446
708 402 919 456 aennensis.
1402 404 1462 468 125

125 636 129 650 .
167 590 221 652 bos
244 590 352 652 linctus
375 600 444 651 eto
466 590 587 659 linctus:
617 593 774 669 genetiuus
801 591 925 669 pluralis
952 593 983 652 in
1013 611 1082 653 unm
1112 595 1287 654 terminatur
1314 596 1462 672 geminata

165 691 320 761 ulittera,
344 701 376 751 ut
399 692 507 752 borum
535 693 691 760 lluctuurn;
721 692 839 753 datinus
868 710 940 753 uero
964 702 993 754 et
1015 691 1160 754 ablatiuns
1188 692 1310 773 pluralis
1338 704 1462 775 quartae

166 793 372 854 declinationis
400 795 430 854 io
460 793 514 854 bus
541 792 681 875 syllabam
710 811 829 874 semper
857 793 979 864 desinit,
1009 793 1150 873 isyllaba
1175 794 1258 856 breui
1281 794 1461 875 paenultima

165 894 377 974 praecedente,
401 902 434 955 ut
457 895 503 956 his
526 905 563 956 et·
577 895 615 957 ab
636 895 683 956 bis
705 895 859 965 fluctibus,
889 898 1019 976 exceptis
1041 898 1143 976 paucis
1166 896 1334 958 nominibus
1357 916 1376 958 n
1398 897 1462 958 lon·

138 1011 231 1076 agam
254 994 464 1073 paenultimam
488 1007 556 1058 ante
579 996 635 1058 bus
657 997 836 1059 habentibus
858 997 1043 1060 differentiae
1065 1016 1163 1068 causa,
1188 1006 1219 1058 ut
1235 998 1360 1060 artubus
1375 1017 1461 1060 arcu-

165 1098 218 1158 bus
240 1097 398 1176 partubus,
429 1115 466 1157 ue
495 1098 606 1159 artibus
629 1106 658 1158 et
679 1097 800 1160 arcibus
827 1107 857 1159 et
884 1099 1019 1179 partibus
1048 1100 1147 1160 dicere
1176 1098 1343 1161 uideamur.
1387 1100 1463 1161 Hinc

163 1199 330 1260 Donatus
358 1198 446 1262 dieite
481 1199 565 1259 Nam
594 1197 687 1259 nibil
717 1218 872 1262 necesse
902 1210 959 1261 est
988 1203 1158 1261 retinere
1185 1221 1204 1261 u
1231 1201 1398 1262 litteram
1427 1211 1463 1263 et

163 1299 357 1361 iluetubns
384 1299 526 1369 dicere,
555 1318 632 1362 cum
661 1301 817 1362 artubus
846 1304 1076 1364 necessitate
1105 1301 1281 1373 dicamus,
1310 1321 1355 1363 ne
1377 1305 1462 1382 quis

163 1420 229 1462 nos
252 1407 370 1470 artes,
396 1418 467 1461 non
496 1409 601 1463 artus
629 1402 856 1480 significare
884 1402 984 1464 uelle
1007 1404 1207 1466 existimet.
1251 1407 1307 1466 Ars
1330 1405 1409 1465 enim
1433 1412 1462 1464 et

126 1517 150 1555 ιο
163 1520 215 1563 arx
239 1509 269 1563 et
290 1520 359 1583 pars
382 1505 412 1563 in
442 1505 527 1564 tertia
556 1502 755 1565 declinatione
777 1505 980 1574 inueniuntur,
1004 1521 1080 1581 quae
1102 1503 1216 1566 artibus
1238 1514 1268 1565 et
1289 1505 1408 1567 arcibus
1431 1513 1461 1566 et

161 1602 296 1685 partibus
319 1603 445 1674 iaciunt,
475 1613 504 1665 et
526 1605 593 1665 ideo
616 1605 800 1665 differentiae
822 1623 910 1666 causa
934 1606 1008 1668 baec
1031 1607 1086 1666 tria
1110 1607 1245 1675 nomina,
1274 1606 1351 1667 idest
1379 1615 1461 1668 artus

163 1713 193 1766 et
219 1724 306 1767 arens
338 1713 368 1767 et
395 1714 512 1784 partus,
551 1707 580 1766 in
612 1706 712 1767 datiuo
742 1717 773 1766 et
800 1704 929 1767 ablatiuo
961 1706 1082 1787 pluralis
1114 1707 1236 1769 artubus
1270 1715 1299 1767 et
1331 1708 1460 1770 arcubus

163 1803 176 1889 ll
194 1807 244 1867 iol.
264 1803 343 1868 10911
361 1804 373 1887 ll
399 1816 428 1867 et
450 1807 594 1887 partubus
617 1808 736 1867 iaciunt.
776 1807 833 1868 Sed
856 1808 915 1868 duo
937 1809 1058 1868 nomina
1081 1807 1245 1888 euphoniae
1269 1817 1298 1868 et
1320 1808 1459 1869 differen-

161 1911 218 1969 tiae
241 1926 329 1972 causa
351 1909 553 1977 inueniuntur,
578 1908 672 1969 tribus
695 1917 724 1967 et
746 1926 868 1987 specus,
891 1926 968 1988 quae
983 1907 1122 1970 tribubus
1138 1919 1168 1969 et
1181 1908 1331 1990 specubus
1347 1909 1459 1971 iaciunt

124 2022 148 2062 1⁶
163 2027 222 2070 non
249 2011 366 2070 radone
394 2027 449 2070 nec
479 2008 658 2078 diliercntia,
687 2009 738 2069 sod
767 2009 993 2071 consuetudine.
1039 2011 1116 2072 Hine
1144 2010 1343 2090 Pompeius
1372 2011 1456 2074 dicit:

156 2111 221 2172 Sic
258 2109 447 2191 specubus
484 2118 707 2190 usurpatur,
746 2110 1051 2190 quemadmodum
1087 2119 1123 2173 et
1149 2111 1343 2182 tribubus,
1378 2094 1459 2174 cum*

160 2214 261 2274 ratio
291 2214 475 2291 exigeret,
506 2220 543 2273 nt
565 2212 777 2273 diceremus
804 2212 970 2274 tribibus
998 2212 1187 2293 specibus,
1217 2215 1355 2294 quippe
1378 2232 1456 2274 cnm

162 2313 266 2376 nulla
300 2331 408 2375 causa
443 2321 544 2375 esset
570 2313 835 2383 discretionis,
873 2313 990 2375 uoluti
1022 2324 1078 2375 est
1108 2314 1265 2377 artubus
1293 2314 1457 2377 arcubus

161 2415 356 2496 partubus,
391 2416 523 2495 nequis
556 2432 620 2474 nos
648 2423 753 2494 putet
781 2423 880 2476 artes
909 2424 944 2475 et
965 2423 1092 2495 partes
1115 2425 1150 2476 et
1178 2435 1284 2478 arces
1313 2415 1455 2492 dicero,

122 2530 255 2594 aequae
282 2519 429 2578 iaciunt
456 2514 600 2576 artibus
628 2514 783 2576 arcibus
806 2524 843 2576 et
864 2516 1045 2597 partibus.
1090 2516 1215 2577 Nomina
1238 2535 1310 2596 ergo
1332 2527 1456 2598 quartae

161 2617 368 2680 declinationis
390 2619 420 2678 in
443 2635 479 2678 ns
501 2618 664 2678 desinentia
688 2617 849 2679 masculina
873 2626 902 2677 et
924 2618 1065 2678 feminina
1088 2617 1144 2678 boc
1166 2618 1255 2679 modo
1276 2613 1454 2680 flectuntur:

162 2720 346 2781 nominatiuo
367 2718 417 2779 bic
440 2720 602 2788 exercitus,
625 2719 766 2797 genetiuo
788 2719 874 2779 buius
897 2721 1061 2786 exercitus,
1086 2718 1186 2780 datico
1208 2719 1278 2780 buic
1301 2722 1454 2791 exercitui,

161 2822 328 2883 accusation
350 2821 429 2881 bunc
452 2822 631 2889 exercitum,
656 2820 791 2882 uocatiuo
813 2839 831 2880 o
855 2821 1017 2898 exercitus,
1041 2819 1170 2883 ablatiuo
1191 2820 1228 2881 ab
1244 2820 1302 2882 boc
1324 2825 1456 2882 exercitu

161 2930 189 2984 et
212 2920 366 3003 pluraliter
392 2926 576 2985 nominatiuo
604 2920 635 2981 bi
663 2924 823 2992 exercitus,
847 2925 985 3000 genetiuo
1007 2923 1114 2984 borum
1138 2925 1331 2992 exercituum,
1355 2923 1455 2984 datiuo

122 3037 148 3076 2⁵
162 3025 208 3085 bis
231 3024 422 3094 exercitibus,
446 3025 613 3085 accusatiuo
636 3022 691 3087 hos
715 3026 877 3094 exercitus,
900 3025 1036 3087 nocatiuo
1052 3043 1070 3084 o
1086 3026 1243 3092 exercitus,
1266 3022 1395 3085 ablatiuo
1417 3025 1455 3085 ab

159 3127 208 3187 his
229 3126 418 3187 exercitibus.
455 3127 506 3186 Sic
528 3125 715 3187 declinantur
737 3134 768 3186 et
789 3124 845 3186 alia
867 3127 986 3185 nomina
1009 3125 1115 3186 similia
1137 3134 1259 3205 quartae
1282 3125 1455 3187 declinatio·
1535 3180 1538 3185 .

160 3229 207 3288 uis
230 3231 260 3288 in
282 3247 318 3289 ns
340 3227 504 3289 desinentia
527 3227 704 3298 masculina,
735 3235 767 3288 ot
794 3227 843 3286 bic
870 3245 978 3287 currus
1005 3233 1108 3306 portus
1129 3227 1241 3305 gradus
1263 3229 1345 3288 sinus
1368 3246 1455 3289 casus
1480 3296 1484 3300 ,

161 3339 300 3391 accentus
322 3347 428 3391 uersus
450 3347 555 3389 cursus
577 3329 675 3389 uictus
696 3346 814 3389 morsus
837 3327 936 3388 nultus
958 3327 1053 3388 cultus
1075 3338 1176 3388 aestus
1198 3337 1352 3389 contextus
1375 3348 1454 3389 com·

161 3438 274 3492 meatus
306 3439 426 3492 senatus
458 3432 648 3508 magistratus
677 3428 757 3490 lacus
789 3437 928 3509 quaestus
962 3437 1062 3489 reatos
1089 3427 1180 3490 saltus
1208 3430 1285 3489 risus
1313 3428 1455 3490 tumultus

121 3546 147 3584 ³⁰
160 3549 250 3592 sexus
278 3531 363 3593 luxus
391 3532 496 3592 lluetus
522 3533 602 3592 uisus
631 3529 749 3592 auditus
777 3529 919 3591 odoratus
940 3537 1043 3608 gustus
1065 3538 1159 3591 tactus
1181 3530 1278 3590 ioetus
1300 3537 1383 3591 ortos
1405 3550 1455 3590 oc·

159 3652 245 3695 casus
272 3632 394 3694 obtutus
421 3641 524 3712 partos
553 3635 630 3695 ritus
658 3641 752 3694 status
778 3633 907 3692 tonitrus
936 3629 983 3692 uel
1011 3631 1122 3692 tonitru
1150 3649 1258 3710 specus
1279 3630 1327 3691 uel
1350 3650 1452 3711 specu.

159 3736 232 3796 item
256 3735 397 3796 feminina
421 3736 539 3795 nomina
563 3744 686 3812 quartae
709 3732 914 3794 declinationis
938 3733 967 3792 in
990 3751 1025 3793 us
1048 3732 1214 3793 desinentia
1237 3734 1280 3794 sie
1302 3732 1453 3795 declinan-

159 3846 221 3897 tur:
245 3835 319 3897 baec
341 3854 456 3905 manus,
480 3836 567 3898 buius
591 3824 694 3896 manns
716 3835 786 3896 buic
809 3836 909 3898 manui
930 3833 1008 3895 banc
1030 3852 1148 3895 manum
1172 3853 1190 3893 o
1213 3852 1317 3895 manns
1340 3833 1455 3896 abbae

159 3956 248 3999 manu
271 3946 302 3999 et
324 3936 478 4018 pluraliter
500 3938 556 3999 bae
584 3955 688 3998 manus
716 3936 822 3997 barum
844 3954 985 3996 manuum
1008 3934 1054 3995 bis
1076 3935 1213 3996 manibus
1234 3934 1288 3996 bas
1308 3953 1414 3996 manus
1436 3954 1454 3995 o

120 4044 146 4084 ³⁵
160 4058 264 4100 manus
293 4039 330 4100 ab
357 4040 404 4100 bis
432 4038 584 4109 manibus;
612 4041 655 4101 sie
683 4036 872 4099 declinantur
895 4046 924 4098 et
946 4037 1001 4098 alia
1025 4037 1143 4097 nomina
1166 4036 1307 4097 feminina
1330 4045 1454 4115 quartae

227 4259 350 4309 letbos
369 4260 461 4309 linctus
529 4261 652 4322 2qnarte
732 4257 876 4309 lidesiuiat
942 4254 1097 4322 peueultima
1115 4255 1275 4320 praecidente
1342 4259 1454 4321 bpene·

159 4328 271 4377 ultimam
292 4338 319 4376 ut
337 4330 383 4377 bus
435 4326 572 4376 delerentie
658 4325 788 4376 dantibus
806 4340 916 4374 arcnuus
934 4335 1059 4389 portunus
1128 4327 1186 4374 det
1203 4325 1298 4372 ortibus
1368 4323 1454 4374 ttio-

159 4391 246 4459 uatus]
262 4412 289 4459 p.
309 4399 403 4457 379,⁷
471 4395 623 4444 8lluetibus
693 4394 868 4443 necessitatem
937 4394 1041 4442 {tortus
1062 4396 1114 4441 uoo'
1130 4402 1201 4440 artus
1271 4392 1403 4440 exestimet

158 4477 215 4510 ores
290 4466 320 4514 11
339 4463 493 4512 delerentioe
511 4474 562 4511 treu
649 4464 680 4513 ts
698 4461 826 4527 euphonie
843 4470 868 4509 et
884 4459 1037 4509 deferendae
1124 4461 1155 4509 15
1172 4458 1310 4508 deferentia
1378 4459 1455 4508 Pom·

158 4525 246 4594 peius]
263 4546 291 4593 p.
311 4533 370 4592 195,
388 4530 468 4581 reli.
539 4533 570 4580 16
589 4530 627 4579 bis
646 4545 740 4595 specus
760 4539 898 4592 risurpatnr
915 4528 1053 4577 admodum
1072 4538 1096 4576 et
1113 4529 1194 4591 tribus
1247 4526 1362 4576 tribubus
1422 4530 1452 4578 17

158 4597 278 4662 specibus
297 4598 369 4648 deest
386 4600 457 4662 apud
473 4599 618 4662 Pompeiano
636 4598 717 4648 Keilii
785 4596 816 4645 18
835 4595 911 4644 ueluti
924 4597 1129 4660 est-pertibus
1142 4597 1233 4645 derunt
1245 4597 1292 4646 boc
1310 4598 1365 4645 loeo
1383 4597 1455 4660 apud

158 4665 311 4728 Pompeiana,
329 4666 377 4715 aed
387 4667 422 4728 es.
432 4682 458 4730 p,
469 4668 528 4726 194,
541 4665 682 4730 irrepit
752 4666 783 4715 19
794 4678 865 4712 arces
885 4673 909 4712 et
926 4669 1010 4727 poftes
1043 4666 1196 4731 ¹itiquarte
1240 4662 1453 4727 ttpluraliterbi

157 4736 190 4783 '26
209 4743 298 4795 quarte
366 4732 399 4782 28
417 4729 518 4798 cursus]
538 4746 629 4781 uorsus
682 4743 753 4782 estus
805 4743 935 4780 comestus
1004 4734 1037 4781 29
1055 4731 1126 4779 liaeus
1145 4741 1250 4792 questus
1268 4741 1351 4779 rectus
1420 4735 1453 4783 30

156 4802 279 4851 adoratus
349 4798 432 4850 l'oetus
449 4811 535 4849 mutus
604 4801 635 4848 31
655 4801 852 4872 tonitoniuuuo
933 4801 966 4849 33
989 4799 1063 4848 liuius
1084 4814 1191 4847 moturus
1210 4798 1268 4845 lruic
1286 4800 1372 4847 manui
1391 4800 1454 4849 liaeo

157 4884 277 4918 monrium
