3382 5476
195 336 255 402 118
710 335 778 390 ens
796 335 969 389 audurus

275 526 309 588 ln
333 545 369 586 us
391 535 464 606 quot
484 544 594 604 genera
617 525 828 587 inueniunturl
871 522 951 613 idest
979 531 1132 603 quattuor,
1161 521 1323 584 masculina
1346 522 1492 585 lemialna

192 637 295 690 neutra
324 628 508 697 commuuia;
537 626 747 697 masculinum,
775 634 809 687 ut
834 624 883 687 hic
911 624 1007 704 lepus.
1051 624 1122 686 lndc
1150 624 1373 686 Priscianus
1401 623 1491 687 dicit:

192 730 384 810 excipitur
413 728 520 807 lepus
545 727 706 809 leporis,
736 727 832 806 quod
861 725 978 787 solum
1007 724 1250 789 masculinum
1279 727 1315 786 ia
1334 714 1383 788 'us
1405 744 1490 788 cor·

192 837 333 911 reptem
368 829 545 891 desinens
577 830 717 890 tertiae
750 826 1020 891 declinationis
1053 829 1257 890 inuenitur.
1311 826 1348 889 Et
1379 828 1492 909 pignus

190 933 336 1014 pignoris,
366 930 485 1010 quondo
513 931 550 992 de
577 929 637 992 lilio
666 929 789 998 dicitur;
817 930 936 1009 quando
963 937 1059 991 autern
1090 928 1128 1007 de
1152 937 1256 990 mutuo
1277 927 1403 1000 dicitur,
1431 928 1515 991 hoca

190 1037 300 1116 pignus
327 1033 461 1112 pigneris
483 1033 561 1093 lacit.
605 1032 793 1093 Femininum
815 1033 970 1111 proprium
993 1033 1023 1092 in
1047 1049 1081 1094 us
1103 1038 1271 1112 correptam
1294 1029 1493 1092 llaec'Venus

192 1135 323 1197 Veneris.
373 1132 605 1195 Priscianus:
641 1132 726 1194 ideo
754 1132 872 1193 Venus
901 1132 1055 1194 Veneris
1087 1133 1194 1204 lacit,
1229 1149 1273 1193 ne
1306 1132 1338 1193 si
1368 1131 1493 1195 Venus

193 1233 572 1306 Venideclinaretur,
597 1233 1356 1311 dubitationemhaberetgeoetiuuscum
1373 1232 1491 1296 uerbo

192 1338 421 1419 imperatiuo
444 1339 571 1399 ‘ueni’.
610 1334 792 1417 Appellatiuo
817 1335 956 1396 lemiuiua
979 1337 1010 1396 iu
1035 1353 1069 1396 us
1091 1334 1277 1414 productam,
1300 1342 1333 1396 ut
1354 1333 1404 1397 lric
1426 1353 1492 1396 ser·

191 1441 272 1501 uitus
293 1438 390 1501 uirtus
411 1441 552 1501 iuuentus
574 1447 727 1508 senectus,
750 1439 821 1499 item
844 1436 918 1498 llaec
941 1436 1036 1498 tellus¹
1051 1433 1179 1505 telluris,
1204 1435 1278 1498 haec
1298 1434 1384 1516 palus
1405 1437 1490 1517 palu·
1504 1452 1528 1492 ro

192 1541 250 1611 dis,
273 1541 349 1603 haec
371 1558 463 1622 pecus
485 1539 626 1620 pecudis,
649 1541 735 1601 incus
756 1537 888 1608 incudis,
912 1536 1048 1617 eoquod
1071 1536 1221 1600 metallum
1244 1537 1315 1599 lrulc
1336 1539 1491 1609 incutitur,

192 1662 208 1703 a
236 1642 331 1704 uerbo
358 1642 434 1703 cudo
462 1640 642 1722 paenultima
669 1659 706 1702 cu
735 1639 889 1720 producta.
941 1639 1011 1700 ltem
1040 1639 1097 1700 lroc
1125 1657 1217 1719 pecua
1243 1639 1379 1720 pecoris,
1411 1638 1492 1720 quod

194 1753 333 1805 neutrum
364 1751 423 1803 estc
464 1744 660 1804 uetustissimi
688 1744 775 1804 etiam
803 1741 877 1802 ‘hoc
901 1742 994 1821 pecu’
1017 1740 1155 1802 dicebant
1178 1748 1207 1801 et
1229 1739 1384 1819 pluraliter
1406 1740 1492 1803 ‘haec

195 1847 312 1926 pecua'.
358 1842 545 1904 Hostilius
568 1845 651 1905 dicit:

346 1945 463 2024 Saepe
486 1962 622 2023 greges
644 1963 798 2025 pecuum
822 1931 1058 2004 er'lriberuis
1080 1944 1254 2023 pastibus
1276 1943 1419 2024 pulsae.
1507 1961 1531 2001 rs

193 2047 347 2108 Solinus
376 2046 412 2106 de
435 2045 602 2106 Britannia:
632 2048 682 2106 ita
712 2045 908 2124 pabulosa,
938 2052 974 2106 ut
1002 2064 1132 2125 pecua,
1163 2047 1236 2106 nisi
1264 2044 1452 2108 interdum
1477 2064 1493 2108 a

194 2146 368 2228 pastibus
394 2155 611 2216 arceantur,
640 2146 681 2207 ad
705 2145 916 2226 periculum
940 2154 1024 2225 agat
1047 2149 1213 2209 satietas.
1259 2147 1369 2209 Neutra
1392 2149 1423 2210 in
1447 2168 1492 2218 us,

195 2256 226 2310 ut
258 2249 315 2309 hoe
342 2244 430 2309 lrolus
457 2247 569 2308 holeris
598 2246 702 2309 loedus
718 2230 840 2328 ⁴corpus
867 2256 971 2328 pectus
995 2248 1109 2322 foenus
1136 2249 1267 2311 loenoris
1296 2257 1325 2309 et
1354 2250 1493 2313 foeneris.

195 2349 277 2411 Vnde
301 2351 424 2411 loenero
446 2349 572 2411 uerbum
596 2358 626 2410 et
648 2351 826 2419 loeuerator,
850 2351 957 2436 pignus
979 2348 1055 2411 latus
1077 2368 1185 2411 ntunus
1200 2348 1283 2412 sidus
1299 2348 1384 2411 ulcus
1398 2349 1495 2413 uellus

194 2453 312 2514 uulnus.
329 2448 343 2535 ΙΙ
358 2452 378 2512 1.
394 2448 474 2513 106ὴ
490 2449 501 2534 ll
517 2451 590 2513 item
614 2461 719 2513 neutra
742 2451 943 2533 monosyllaba
967 2453 1072 2512 tertiae
1094 2450 1298 2513 declinationis
1319 2453 1350 2513 in
1366 2471 1401 2514 us
1416 2452 1494 2515 desi·
1506 2471 1532 2512 ro

201 2556 300 2616 nentia
323 2553 539 2634 producuntur,
564 2561 596 2614 ut
617 2553 674 2614 hoc
696 2557 743 2616 ius
764 2555 836 2615 iuris
858 2563 905 2617 tus
927 2555 1002 2614 turis
1021 2572 1073 2614 rus
1088 2556 1253 2615 ruriscrus
1267 2554 1374 2615 cruris.
1411 2555 1498 2620 Com.

201 2657 301 2717 munia
325 2655 452 2717 duorum
475 2672 632 2733 generum,
661 2666 692 2717 ut
714 2655 762 2715 hic
785 2663 814 2715 et
836 2655 910 2717 haec
931 2673 1002 2734 grus
1024 2657 1114 2734 gruis,
1137 2656 1185 2716 hic
1207 2655 1331 2716 ethaeo
1353 2674 1405 2717 sus
1427 2658 1498 2730 suis,

201 2756 280 2835 quod
303 2766 332 2820 ct
354 2759 440 2819 ‘suis’
465 2757 647 2817 nominatiuo
670 2754 787 2826 dicitur,
811 2765 858 2818 ut:
882 2759 959 2818 suis
987 2756 1061 2819 lota
1090 2757 1258 2818 inuoluta
1287 2775 1376 2819 uero
1404 2757 1494 2820 loto.

199 2859 415 2927 Promiscuum,
433 2864 465 2918 ut
480 2857 552 2919 haec
576 2876 640 2918 mus
664 2858 772 2927 muris:
797 2877 953 2920 commune
976 2860 1065 2919 trium
1088 2877 1240 2938 generum,
1266 2866 1297 2920 ut
1314 2858 1362 2921 hic
1378 2870 1407 2921 et
1422 2860 1496 2922 llaec

197 2962 297 3021 etltoc
321 2968 407 3020 uetus
430 2960 549 3028 ueteris,
573 2958 621 3019 llic
645 2967 675 3019 et
696 2959 770 3020 haec
793 2968 822 3019 et
844 2960 901 3020 hoc
922 2961 1012 3040 Ligus
1034 2961 1151 3040 Liguris
1174 2959 1211 3022 de
1233 2961 1350 3040 Liguria
1374 2960 1534 3040 gentilem

198 3061 282 3120 Scire
297 3069 396 3120 autem
417 3058 570 3130 debemus,
594 3068 698 3122 neutra
721 3060 841 3122 nomina
864 3063 969 3124 tertiae
992 3061 1199 3125 declinationis
1221 3064 1251 3123 in
1274 3081 1310 3124 us
1331 3061 1496 3125 desinentia

200 3163 365 3223 triformem
388 3161 522 3241 regulam
544 3163 574 3223 in
598 3164 746 3241 genetiuis
769 3162 893 3225 habere:
924 3172 975 3223 aut
997 3165 1075 3225 enim
1099 3166 1128 3223 in
1152 3166 1212 3225 oris
1235 3165 1443 3236 terminantur,
1466 3175 1500 3227 ut

200 3281 309 3344 corpus
337 3265 471 3343 corporis
499 3273 603 3342 pectus
632 3267 762 3345 pectoris
784 3273 903 3344 tempus
925 3268 1081 3346 temporis:
1110 3274 1161 3327 aut
1182 3267 1213 3326 iu
1237 3268 1310 3357 eris,
1339 3274 1372 3327 ut
1393 3265 1498 3328 loedus

199 3364 329 3427 foederis
351 3365 438 3427 holus
459 3366 580 3429 holeris.
617 3365 690 3427 item
713 3368 821 3447 pignus
844 3369 977 3447 pignoris
1000 3368 1078 3438 lacit,
1101 3366 1220 3447 quando
1242 3366 1279 3428 de
1301 3365 1363 3428 illio
1379 3366 1497 3439 dieitur,

81 3491 86 3499 ·
199 3475 229 3527 et
250 3468 356 3548 pignus
378 3470 528 3549 pigneris,
551 3468 668 3549 quando
691 3468 728 3528 de
751 3477 864 3530 mutuo.
908 3471 965 3530 Aut
987 3471 1016 3531 io
1040 3470 1102 3530 uris
1123 3478 1249 3538 exeunt,
1278 3475 1311 3529 ut
1333 3486 1385 3531 rus
1407 3470 1495 3531 ruris.
1510 3488 1536 3529 so

200 3569 235 3629 Et
263 3571 361 3629 omnia
390 3571 580 3650 conparatiua
610 3577 715 3633 neutra
743 3571 774 3632 in
803 3590 837 3631 us
865 3571 1030 3632 desinentia
1061 3571 1164 3631 tertiae
1192 3569 1396 3633 declinationis
1418 3579 1499 3642 sunt,

199 3678 231 3730 ut
253 3670 319 3750 plus
341 3670 436 3749 pluris
458 3681 494 3738 et,
509 3675 605 3735 maius
629 3674 749 3734 maioris
771 3682 801 3734 et
823 3673 928 3734 melius
951 3672 1093 3733 melioris.

285 3771 318 3832 ln
340 3789 376 3832 ar
399 3783 471 3853 quot
493 3793 603 3853 genera
627 3774 836 3836 inueniuntur?
879 3775 958 3836 ldest
980 3774 1046 3852 tria,
1070 3771 1230 3835 masculina
1252 3774 1393 3835 lominica
1416 3792 1499 3835 com-

201 3874 315 3943 rnunia;
339 3875 535 3937 masculinum
558 3879 721 3956 proprium,
744 3885 777 3937 ut
796 3876 843 3937 llic
860 3878 933 3937 Aiax
948 3877 1052 3945 Aiacis,
1076 3882 1108 3936 ut
1124 3883 1169 3936 est
1183 3874 1269 3936 illud:
1294 3877 1383 3936 liar
1406 3875 1501 3936 ierit

200 3974 347 4047 dolens:
376 3976 534 4049 feminina,
564 3985 596 4040 ut
618 3978 692 4040 lracc
713 3995 769 4057 par
792 3979 889 4057 pacis,
916 3979 1021 4039 fornax
1040 3978 1195 4053 fornacis.
1218 3981 1334 4042 climax
1356 3975 1497 4049 climacis,
1511 3989 1538 4031 ³⁵

266 4263 489 4334 2Priseionus]l
499 4283 526 4332 p.
540 4268 630 4331 2640
680 4266 816 4317 4desines
834 4268 909 4316 tertia
960 4268 1025 4317 5de
1043 4269 1248 4318 mortuodicitor
1307 4266 1499 4333 'll’riseianusl

198 4332 258 4396 lp.
272 4334 331 4394 269,
340 4336 375 4384 21
428 4335 489 4385 lecit
507 4334 562 4384 uesi
581 4349 662 4383 uenus
747 4335 778 4385 10
795 4335 915 4385 inuentus
980 4337 1010 4385 11
1029 4335 1158 4386 metallum
1177 4331 1245 4402 huic]
1265 4335 1338 4386 melle
1356 4335 1397 4386 his
1467 4338 1499 4387 ts

199 4400 366 4451 uetu⁸tiseimi
419 4404 450 4453 13
469 4402 518 4451 hoc
535 4399 726 4468 peiudleabant]
748 4403 787 4452 De
804 4417 834 4453 re
852 4403 887 4467 ef.
906 4405 991 4454 Prisc.
1010 4403 1068 4468 lp.
1086 4407 1182 4464 270‚8
1252 4406 1284 4453 14
1302 4403 1402 4454 ostillus
1468 4406 1500 4455 15

199 4468 438 4548 iberuiis'partibus
457 4469 525 4548 polsi
542 4469 575 4519 de
592 4469 731 4530 brettonin,
750 4471 841 4522 andero
858 4469 942 4522 Setini
958 4474 1062 4530 nomiae,
1081 4475 1150 4553 quod
1166 4489 1202 4524 erc
1219 4473 1303 4523 Prisc.
1322 4473 1339 4522 1
1355 4474 1502 4554 ρ.270,1ζ

198 4539 396 4653 sillitana„
413 4540 634 4657 littl‘tlt,
677 4534 1061 4661 ilt’tllillttllal
1078 4540 1258 4660 tlltlttt
1272 4539 1501 4659 pllitttlti'

200 4671 369 4722 monosillabo
437 4674 468 4723 21
489 4672 535 4724 lroc
553 4674 616 4724 iuris
684 4677 717 4725 22
736 4676 843 4725 derorum
895 4678 967 4743 gruis
985 4676 1009 4727 ic
1077 4677 1173 4730 2311111
1241 4679 1275 4729 24
1292 4687 1321 4726 ut
1338 4691 1366 4726 ec
1434 4677 1459 4724 ic
1476 4684 1501 4725 et

199 4753 228 4786 ec
246 4750 320 4790 uetus
390 4742 423 4792 25
439 4740 530 4808 ligeris
593 4743 626 4793 ts
644 4757 737 4808 corpus
754 4757 862 4810 coepero
914 4744 989 4796 ledus
1008 4743 1101 4797 luderis
1155 4747 1189 4796 29
1206 4745 1233 4796 di
1252 4745 1305 4795 sslio
1356 4743 1501 4810 301113110-

200 4805 236 4854 ris
255 4808 357 4870 quande
374 4821 461 4859 motuo
514 4819 558 4859 aut
575 4810 600 4860 in
620 4826 680 4860 uros
698 4822 742 4860 aut
760 4822 854 4863 exeunt
914 4816 947 4865 33
965 4823 1017 4863 tren
1069 4815 1103 4868 et
1119 4814 1164 4869 its
1220 4815 1254 4871 35
1273 4813 1362 4868 fornax
1380 4811 1500 4863 sternacis
