3382 5476
168 367 233 431 246
562 367 796 420 couuaurvu
815 364 1059 418 arusmunusa

29 573 57 617 er.
71 574 117 621 aro,
132 575 157 614 ιο
169 566 250 620 artus
272 558 412 619 dicuutur
435 559 545 618 maiora
571 555 712 617 membra.
736 591 779 599 —
801 556 905 635 Aptota
934 556 1053 615 uomina
1083 572 1138 614 nec
1167 552 1293 634 pluralia
1321 572 1379 616 nec
1407 555 1472 625 illa,

170 679 245 739 quae
269 680 285 720 a
308 660 433 720 Graecis
456 661 651 738 sumpsimus.
686 654 769 738 2169
785 653 798 739 ΙΙ
823 675 882 717 ιιοιι
907 657 1031 717 ueniunt
1052 657 1081 716 iu
1111 655 1187 716 lranc
1215 654 1366 734 regulam,
1399 659 1472 734 quia

72 761 332 825 onnaotannnm
361 780 419 821 non
448 760 567 821 liabent.
612 758 811 825 Erulrlema,
842 760 969 819 uarietas
997 758 1172 837 pauimenti.
1218 756 1471 837 Epigramma,

170 865 397 943 superscriptio.
447 864 620 929 Stemma,
651 861 725 921 ordo
753 861 801 920 uel
829 861 923 920 series
951 861 1163 937 generationis.
1206 860 1337 922 Stemma
1367 868 1472 922 autern

171 975 295 1028 uocatur
329 965 424 1031 tiluur,
464 984 523 1044 quo
559 962 729 1023 sacerdotes
763 972 896 1041 ternpore
930 959 1063 1022 aestiuali
1098 963 1193 1040 capita
1224 960 1372 1041 ligabant,
1408 981 1497 1030 nous

172 1066 306 1129 ualentes
329 1074 449 1146 portare
472 1065 591 1145 pilleus,
621 1073 650 1124 nt
673 1084 728 1143 pro
751 1082 860 1124 corona
889 1064 1022 1142 ponitur.
1066 1065 1186 1143 Antiqui
1215 1064 1293 1125 onim
1322 1063 1472 1126 leminiun

172 1188 283 1248 genere
306 1167 513 1249 prol'erelraut,
538 1175 570 1226 ut
593 1165 739 1228 crubleruo
762 1163 936 1226 emblcnrae.
983 1165 1019 1225 ut
1042 1165 1111 1226 inde
1134 1166 1277 1227 remansit
1297 1165 1420 1229 datiuus
1441 1176 1474 1231 et

76 1286 121 1329 ιιι,
137 1270 321 1332 notrannus
343 1269 475 1348 pluralis.
522 1266 640 1329 lluohus
664 1267 758 1329 modis
780 1268 982 1345 cognoscitur,
1006 1266 1179 1346 analogia
1202 1264 1260 1329 uel
1283 1285 1325 1327 er
1348 1266 1472 1333 colla-

173 1375 276 1434 tione
300 1373 566 1452 positiuornm‚
590 1373 609 1429 i·
633 1389 668 1429 nx
692 1371 875 1430 cout'erentia
900 1371 1052 1430 nominum
1077 1367 1124 1431 uel
1147 1387 1183 1430 ex
1205 1368 1415 1431 diminutione.

670 1624 717 1685 DE
740 1623 970 1685 Pannonius.
1487 1653 1511 1691 ro

260 1781 426 1840 Pannonian
451 1778 572 1845 dicitur,
603 1777 740 1857 eoquod
765 1779 962 1857 pronomine
986 1780 1004 1837 i.
1029 1779 1059 1837 in
1087 1777 1153 1838 loco
1183 1778 1310 1838 nominis
1338 1780 1472 1858 ponitur,

174 1884 251 1943 siunt
267 1884 460 1940 ‘uicecomes'
476 1879 541 1939 loeo
564 1880 682 1939 comitis
705 1888 734 1939 et
756 1876 943 1957 ‘proconsul'
967 1878 1031 1940 loco
1055 1879 1194 1939 consulis.
1238 1878 1281 1939 Ad
1297 1878 1356 1940 lroc
1371 1888 1473 1941 autem

175 1986 328 2043 inuentum
353 1993 396 2041 cst
419 2000 600 2060 pronomen,
630 1989 662 2040 ut
685 1981 834 2041 fastidium
859 1983 1045 2060 repetitionis
1069 1978 1185 2041 tolleret
1209 1989 1238 2041 et
1260 1990 1473 2044 ornamentum

176 2085 317 2146 locutioni
342 2086 469 2144 alicrret.
515 2082 587 2143 Nam
610 2084 760 2143 fastidiosa
783 2083 892 2143 locutio
915 2084 1031 2143 inisset:
1055 2081 1208 2160 ‘Virgilius
1230 2083 1351 2162 scripsit
1373 2084 1473 2145 Buco-

175 2186 242 2248 lica.
290 2185 427 2262 Virgilius
449 2186 569 2264 scripsit
591 2186 750 2271 Georgica,
775 2184 915 2263 Virgilius
938 2185 1058 2263 scripsit
1079 2184 1230 2245 Aeneida’.
1274 2185 1346 2246 Cum
1369 2192 1473 2247 autem
1488 2213 1512 2251 n

176 2288 301 2348 dixeris:
326 2287 480 2365 ‘Virgilius
502 2289 624 2367 scripsit
646 2286 797 2355 Bucolica,
828 2288 890 2366 ipse
913 2288 1033 2365 scripsit
1055 2287 1215 2364 Georgica,
1245 2285 1322 2346 idem
1352 2289 1476 2368 scripsit

80 2391 330 2459 arsamosata,
359 2389 508 2451 fastidium
538 2388 650 2449 tollitur
678 2397 707 2447 et
735 2397 940 2449 ornamentum
970 2388 1098 2449 additur.
1149 2387 1238 2448 Pars
1269 2389 1473 2461 orationis,

177 2512 233 2554 una
262 2494 376 2572 species
406 2492 578 2552 Latinitatis
625 2491 749 2551 Posita
779 2492 800 2549 i·
830 2492 996 2551 constituta.
1048 2490 1278 2552 Tantundem
1307 2494 1332 2550 i·
1362 2491 1474 2553 iterum

176 2603 291 2655 tanturn
315 2603 345 2655 et
367 2596 556 2672 componitur
579 2610 614 2652 ex
631 2595 770 2652 ‘tantum'
787 2599 816 2652 et
830 2591 985 2652 ‘demuma
1032 2593 1166 2661 Paene,
1190 2594 1210 2652 i·
1232 2608 1336 2672 prope.
1372 2591 1475 2663 Quare

177 2696 251 2757 dixit
273 2700 403 2776 ‘pacilo'
434 2704 464 2755 et
492 2713 550 2755 non
580 2693 712 2755 absolute
742 2695 874 2754 tantum?
918 2695 991 2763 tluia
1020 2713 1129 2755 nornen
1160 2694 1278 2773 plenam
1306 2697 1514 2761 oratiouemao

177 2799 247 2859 lacit
262 2817 315 2877 per
331 2818 379 2867 se,
404 2816 568 2876 pronomen
586 2815 658 2856 nero
681 2795 754 2856 uilril
778 2797 863 2863 iacit,
888 2796 945 2856 uisi
968 2795 1124 2856 antecedat
1145 2815 1265 2861 nomeu.
1303 2794 1475 2859 Pronomen

76 2901 291 2963 sumersete
320 2892 489 2978 ἅντόνομιι
524 2898 642 2957 dieitur.
693 2895 901 2966 Interdum,
939 2916 998 2958 non
1031 2915 1166 2978 semper,
1204 2907 1326 2978 propter
1359 2899 1474 2961 infinita

178 3002 369 3081 pronomina,
393 3020 468 3080 quae
485 3019 542 3060 uon
559 3001 708 3078 recipiunt
724 3016 881 3076 personas,
905 2998 957 3058 sed
973 3001 1143 3079 inquirunt,
1168 3009 1201 3060 ut
1215 3000 1294 3077 ‘quis
1309 3001 1356 3061 uir
1371 3000 1474 3062 ieciti’

178 3107 273 3182 ‘quae
296 3101 439 3162 mulieri'
462 3101 558 3178 ‘quod
582 3099 727 3161 arrimnli’
765 3100 801 3159 Et
823 3099 879 3159 lroc
901 3100 1064 3163 sennodum
1087 3102 1249 3163 llonatum:
1284 3120 1352 3162 nam
1374 3104 1475 3164 omnia

178 3205 354 3284 pronomina
377 3203 457 3263 linita
482 3202 576 3263 noluit
603 3202 820 3262 Priscianus
849 3221 914 3262 esse
937 3203 1054 3264 duobus
1082 3202 1191 3274 modis,
1220 3204 1515 3268 demonstrationem

179 3315 230 3367 ant
251 3306 409 3374 relatione,
434 3306 701 3373 demonstratione,
725 3312 757 3363 ut
780 3320 835 3380 ego
851 3312 882 3364 tu
899 3303 962 3373 ille,
988 3306 1145 3375 relatione,
1170 3314 1202 3365 ut
1216 3304 1265 3366 hic
1280 3306 1315 3366 is.
1329 3336 1376 3351 -·
1388 3304 1477 3366 llodn

39 3408 254 3471 evomunt
282 3407 320 3467 de
347 3406 496 3487 qualitate.
542 3407 665 3466 Finita
696 3408 715 3465 i·
740 3405 933 3467 determinata
959 3404 970 3485 l}
990 3404 1051 3467 170
1068 3403 1080 3487 J
1104 3408 1337 3485 circumscripta.
1381 3407 1477 3468 lnii-

180 3513 272 3579 uita,
296 3528 370 3588 quae
387 3509 497 3570 nullarn
513 3508 717 3569 demonstrant
739 3527 912 3588 personam:
936 3510 1014 3584 ‘quis
1036 3508 1132 3588 qualis
1156 3507 1234 3569 talis’
1251 3526 1309 3569 non
1326 3509 1478 3588 recipiunt

79 3627 333 3691 nro,aapersonas.
378 3612 498 3672 ltlinus
520 3629 627 3691 qumn
648 3611 776 3677 linita,
807 3629 865 3669 ιιοιι
889 3628 923 3669 er
948 3619 1010 3670 toto
1034 3611 1127 3680 linita,
1157 3613 1225 3688 quia
1247 3629 1303 3689 pro
1325 3613 1478 3689 praesenti

183 3720 212 3773 et
232 3712 348 3773 absenti
370 3720 533 3791 ponuntur.
577 3711 857 3791 Praepositiua,
880 3712 947 3789 quia
971 3730 1090 3789 semper
1112 3720 1337 3793 praeponuntur
1356 3712 1377 3771 i·
1393 3723 1476 3774 ante·
1490 3736 1516 3775 so

183 3822 343 3895 ponuntur.
389 3814 453 3875 Nou
476 3820 561 3892 potes
584 3814 663 3874 enirn
687 3813 788 3873 dicere
812 3815 870 3873 ‘uir
893 3815 972 3893 quis’
996 3812 1083 3874 ‘lilrer
1099 3814 1168 3883 lrie',
1192 3814 1243 3874 sed
1267 3816 1349 3890 ‘quis
1371 3815 1432 3874 uir'
1447 3823 1479 3876 et

80 3933 129 3982 nro,
143 3932 169 3973 ao
183 3917 243 3977 ‘irin
258 3916 357 3977 liber'.
390 3917 527 3977 Subiun
537 3917 633 3976 ctiuo
649 3924 733 3990 sunt,
749 3918 816 3995 qnia
832 3923 1049 3995 supponuntur,
1065 3924 1097 3976 ut
1112 3918 1238 3976 ‘Aeneas
1253 3914 1330 3975 iilius
1341 3916 1477 3985 Veneris,

183 4023 208 4081 is
231 4021 326 4080 tenuit
348 4018 483 4088 Troiam,
508 4018 586 4078 idem
609 4019 764 4096 superauit
786 4017 942 4077 Turnurn'.
971 4018 1080 4078 *Sunt
1107 4017 1181 4077 alia
1204 4019 1343 4096 gentis,
1374 4026 1407 4077 ut
1429 4017 1478 4080 lric

184 4131 213 4182 et
237 4121 308 4182 haec
330 4128 359 4181 et
381 4120 437 4181 hoc
459 4123 553 4182 cuias:
577 4120 691 4196 antiqui
714 4117 851 4180 dicebaut
874 4119 933 4179 ‘liic
950 4128 980 4179 et
995 4120 1067 4180 irone
1082 4121 1200 4179 cuiatis'
1223 4128 1253 4181 et
1275 4118 1344 4179 ‘hon
1359 4121 1477 4187 cuiate',

252 4411 370 4476 agranis
426 4410 640 4474 lgencracionis
693 4417 874 4457 steruaautcm
944 4409 1137 4457 9rousereutia
1207 4410 1239 4457 14
1257 4407 1393 4457 locutionis
1447 4411 1479 4460 19

185 4496 249 4544 peno
317 4482 350 4528 20
369 4494 433 4543 pene
484 4474 595 4541 tautum]
616 4479 670 4526 An:
691 4476 855 4525 tantundem?
915 4478 948 4525 22
967 4491 1041 4541 grece
1059 4489 1196 4525 orrtouoma
1266 4477 1300 4526 26
1318 4473 1478 4541 Priscianus]

184 4548 218 4611 cs.
237 4547 253 4596 I
269 4565 297 4612 p.
316 4550 375 4608 578,
395 4549 427 4597 18
443 4561 497 4610 seq.
515 4563 543 4610 p.
562 4549 620 4608 579,
639 4549 670 4594 15
688 4560 742 4610 aeq.

257 4772 287 4819 la
308 4770 398 4820 Gioaan
415 4769 511 4819 codicis
523 4766 665 4818 Bernenair
684 4769 735 4817 386
751 4768 773 4829 f.
788 4769 820 4817 δ’
831 4782 911 4830 marg.
926 4766 1027 4818 demta:
1052 4764 1123 4813 Sicut
1141 4765 1207 4814 enim
1228 4764 1365 4829 proconsul
1384 4766 1410 4814 iu
1423 4765 1479 4815 loco

186 4837 299 4886 consutis
319 4850 343 4887 et
360 4839 502 4887 uicecomes
520 4836 546 4885 in
564 4835 620 4884 loeo
638 4835 738 4883 comitis
757 4837 869 4900 ponitur,
888 4835 921 4882 ita
941 4847 1082 4897 pronomen
1102 4835 1156 4883 uice
1175 4833 1284 4882 nominis
1304 4832 1446 4883 ordinatur.
