3382 5476
566 414 570 423 ·
596 397 662 447 Ans
680 397 809 447 ASPERI
827 396 1067 449 GRAMMATICI.
1371 411 1481 459 LXXXI

197 602 267 644 uero
289 587 466 661 ortipraplei
487 588 604 646 nomine
624 589 713 644 etiam
736 586 871 645 dubitari
885 592 1001 660 potest:
1023 602 1079 659 epo
1101 588 1370 658 antiquissimorum
1392 587 1481 645 libro-

196 705 259 746 rum
287 691 495 747 auctoritatem
522 686 608 761 sequi
633 688 737 746 maliti.
751 682 783 767 *)
834 687 937 762 Neque
963 693 1062 746 tamen
1090 689 1120 746 in
1148 694 1232 747 textu
1258 704 1344 761 quem
1371 696 1485 747 uocant

196 791 401 849 constituendo
422 791 536 849 codicis
557 792 758 863 antiquissimi
778 792 940 849 Beruensis
964 795 1018 847 611
1039 806 1118 849 saec.
1149 789 1238 862 VIII,
1263 792 1312 849 niel
1332 792 1425 863 adeo,
1451 797 1483 848 ut

196 895 293 953 I'eilio
310 893 413 967 placet
430 909 464 966 p.
481 898 546 959 529,
568 895 693 966 septimo
712 886 882 971 seripti**)
904 892 998 950 uerba
1018 893 1168 966 expressi,
1191 895 1263 965 quia
1285 893 1365 950 burte
1386 894 1485 951 inultis

195 998 268 1055 loeis
295 995 391 1052 altero
417 1010 503 1068 quern
532 994 661 1052 adbibui
684 996 789 1053 codiee
810 991 961 1053 Beruensi
982 1000 1037 1052 266
1063 995 1239 1053 deteriorem
1262 1010 1325 1052 esse
1346 994 1484 1052 animod-

196 1097 355 1157 uertebam.
400 1096 466 1155 Hoc
480 1113 540 1155 urio
555 1097 692 1171 exemplo
714 1097 820 1155 adlato
842 1093 976 1154 dilucide
994 1093 1133 1170 perspici
1149 1103 1258 1171 potest.
1295 1095 1418 1170 16111111.
1432 1101 1481 1167 17,
1569 1100 1573 1108 ’

198 1206 233 1257 ib
249 1205 321 1274 post
336 1198 446 1256 uerba:
469 1196 562 1256 ‘Nam
573 1194 693 1272 plurali
707 1214 832 1257 nurnero
854 1194 1032 1257 accusatiao
1052 1213 1127 1256 casu
1140 1196 1195 1256 bos
1211 1196 1302 1270 socos
1316 1199 1370 1258 bos
1383 1213 1485 1257 muros

192 1318 249 1375 per
270 1318 288 1361 o
308 1299 441 1360 litteram
464 1297 655 1359 scribendum
677 1300 732 1358 est'
756 1297 788 1359 in
810 1300 878 1359 eod.
904 1306 959 1357 611
986 1296 1087 1359 statim
1113 1296 1250 1374 sequitur
1276 1307 1426 1359 tractatus
1448 1301 1486 1358 de

191 1401 384 1480 pronomine:
411 1401 479 1457 ‘DE
498 1403 924 1459 ΡΒοΝοΜΙΝΕ-ΡΒΟΝΟΘΕΝ
945 1399 1021 1475 quid
1038 1405 1103 1461 est?
1122 1419 1198 1478 pars
1220 1401 1384 1479 orationis,
1407 1417 1487 1476 quae

191 1523 251 1581 pro
283 1503 403 1565 nomine
431 1502 537 1579 posito
570 1503 745 1563 tantundem
775 1520 874 1578 poeria
905 1501 1060 1577 siqnificat
1084 1521 1306 1579 personamque
1332 1503 1484 1564 interdum

195 1605 319 1683 reecpit'
342 1614 409 1679 etc„
433 1604 554 1666 omnin
577 1604 683 1666 codice
701 1612 756 1664 267
778 1623 837 1666 nou
859 1607 953 1665 solmn
975 1604 1144 1666 adiciatur.
1155 1607 1247 1666 docta
1269 1607 1307 1666 de
1326 1612 1485 1681 poetaram

195 1711 323 1784 quodam
345 1725 429 1768 ruore
449 1706 614 1784 expositio,
643 1725 733 1782 qnam
755 1725 815 1768 non
839 1725 859 1766 a
880 1705 1012 1767 librario
1039 1706 1140 1768 nescio
1167 1725 1240 1782 quo,
1269 1709 1324 1768 sed
1352 1709 1392 1767 ab
1417 1705 1486 1782 ipso

194 1809 290 1871 libelli
322 1818 448 1870 auctore
474 1810 649 1884 profectam
682 1828 744 1870 esse
775 1811 870 1869 uerba
904 1808 1000 1869 ‘sicat
1025 1827 1121 1885 snpra
1151 1808 1308 1884 diximus',
1337 1827 1415 1884 quoe
1445 1809 1488 1868 ad

190 1931 224 1988 p.
249 1920 299 1986 13,
325 1919 444 1971 27—30
459 1910 632 1988 pertinent,
656 1910 863 1988 probabiliter
891 1912 1113 1985 demonstrant,
1144 1929 1249 1972 uerum
1277 1910 1369 1972 etiam
1394 1908 1488 1986 'quasi

195 2012 324 2090 epistula
346 2012 540 2074 dedicatoria
561 2012 677 2073 inserta
698 2013 738 2074 sit
755 2032 789 2091 p.
815 2020 864 2087 46,
890 2020 978 2083 3-7,
1008 2031 1097 2089 quam
1125 2013 1205 2074 alius
1232 2011 1295 2074 nisi
1321 2013 1388 2090 ipse
1409 2011 1486 2072 arti-

193 2117 332 2192 arapbus
358 2114 517 2192 scripsisse
543 2133 629 2176 nemo
652 2113 759 2191 possit.
810 2115 949 2190 Accedit,
979 2118 1062 2191 quod
1088 2117 1181 2176 umba
1202 2134 1238 2191 p.
1265 2122 1319 2188 ts,
1345 2122 1380 2175 6.·
1423 2115 1487 2174 ‘be

190 2217 372 2293 pronomine
400 2237 474 2279 uero
502 2216 582 2278 nibil
609 2216 746 2294 apertius
765 2217 837 2291 fieri
855 2226 964 2294 potest,
988 2236 1078 2293 quarn
1100 2221 1247 2292 quomodo
1268 2216 1301 2277 in
1323 2226 1391 2277 arte
1412 2215 1486 2292 lepi-

195 2338 259 2380 rnus
281 2319 417 2391 Donati',
441 2337 520 2394 quae
541 2327 569 2378 et
590 2319 660 2395 ipso
682 2317 716 2379 in
731 2318 837 2380 codice
854 2328 908 2379 611
923 2319 1148 2392 desiderantur,
1174 2322 1212 2379 ab
1227 2319 1306 2379 ortis
1321 2316 1487 2379 dernensis

195 2439 364 2498 anonymae
397 2431 521 2481 auctore
548 2420 661 2482 diserte
690 2423 804 2497 Aspero
837 2421 1014 2483 tribuuntur
1035 2441 1071 2499 p.
1098 2430 1165 2495 133,
1191 2430 1243 2500 32,
1277 2420 1321 2494 es.
1352 2419 1486 2482 Keilium

193 2542 225 2599 p.
249 2531 318 2583 530.
363 2524 430 2581 Iam
452 2540 527 2583 uero
548 2522 583 2583 ld
596 2540 715 2596 moneo,
739 2542 786 2583 me
806 2542 858 2598 ea,
882 2523 1015 2599 quaein
1037 2526 1104 2585 cod.
1131 2530 1187 2582 267
1208 2532 1368 2583 secuntur:
1390 2521 1485 2581 ‘Seri-

195 2626 265 2685 bere
287 2626 323 2685 ob
345 2625 400 2685 boe
419 2642 584 2700 pronomen
612 2624 689 2684 mibi
710 2644 770 2685 nou
794 2644 912 2686 necesse
928 2625 994 2700 suit
1022 2625 1206 2702 dupliee'ter’
1234 2643 1293 2686 non
1317 2626 1352 2685 ob
1374 2626 1432 2685 boc
1452 2622 1486 2683 in

195 2735 310 2787 tecnon
337 2725 499 2803 recepisse,
529 2726 602 2802 quia
630 2730 669 2788 ab
692 2731 807 2804 Aspero
840 2727 905 2804 ipso
932 2727 1017 2789 dicta
1044 2747 1106 2789 esse
1133 2728 1304 2801 crederem,
1333 2729 1388 2786 sed
1413 2724 1487 2800 quia

195 2828 304 2904 ubique
325 2831 406 2888 bunc
426 2827 536 2888 librum
559 2830 648 2905 quasi
669 2832 775 2891 ducem
797 2839 888 2905 atque
908 2829 1092 2906 sipniserum
1114 2829 1200 2905 sequi
1214 2837 1395 2890 statueram:
1417 2845 1487 2888 narn

195 2932 271 2991 baec
292 2939 375 2990 certe
396 2929 460 2990 eius
481 2930 606 2992 librarii
626 2941 711 3008 sient,
742 2932 795 3008 qui
822 2941 913 2993 toturn
940 2932 1052 2993 librum
1077 2940 1133 2991 iot
1155 2948 1270 2991 summa
1292 2930 1346 2990 ille
1367 2929 1488 3005 queidem

195 3032 356 3093 sedulitate
384 3041 475 3107 atque
501 3031 663 3108 diliqentia
690 3032 825 3106 confecit
852 3043 881 3093 et
908 3034 982 3109 qnia
1006 3035 1034 3108 s.
1061 3031 1224 3094 21--111ι
1248 3032 1362 3093 Donati
1390 3040 1486 3092 artem

194 3132 378 3210 scripserat,
401 3133 466 3193 eius
485 3142 603 3211 portem
626 3145 763 3212 repetere
789 3136 895 3196 noluit.
942 3136 1017 3196 Nam
1039 3154 1114 3197 raro
1136 3134 1195 3196 sibi
1214 3153 1234 3194 o
1251 3134 1398 3211 priucipe
1417 3152 1486 3210 per·

194 3253 325 3311 pantena
341 3235 488 3310 praeberi
509 3236 571 3297 alio
592 3241 659 3298 loco
680 3246 857 3313 conquestus
871 3246 915 3298 est
932 3237 962 3310 s.
980 3235 1043 3298 65⁶.
1075 3240 1171 3312 Atque
1185 3237 1290 3296 eadem
1302 3235 1367 3309 suit
1381 3253 1486 3310 caiisa,

194 3357 251 3398 eur
279 3346 443 3397 tractatum
472 3340 510 3398 de
532 3338 714 3415 pronomine
741 3358 761 3399 a
791 3342 910 3401 nouato
937 3339 1156 3416 transcriptum
1189 3346 1281 3400 totum
1311 3338 1486 3410 omitterem,

196 3440 271 3516 quin
292 3439 325 3500 in
347 3442 414 3500 eod.
435 3447 489 3498 207
512 3442 626 3514 deerat,
649 3440 707 3501 etsi
720 3444 801 3502 berne
816 3442 878 3502 iarn
893 3444 931 3503 ab
945 3441 1014 3519 ipso
1030 3445 1146 3518 Aspero
1161 3440 1378 3517 transcriptum
1390 3440 1489 3513 fuisse

195 3539 394 3601 certissimum
417 3550 475 3616 est,
500 3541 613 3619 quippe
633 3543 687 3617 qui
708 3552 737 3603 et
758 3562 837 3619 quae
858 3545 896 3604 de
916 3543 1129 3605 coniunctione
1147 3563 1180 3620 p.
1198 3551 1246 3617 57,
1269 3550 1383 3602 15—29
1404 3543 1487 3600 etde

196 3642 410 3704 interiectione
430 3663 465 3720 p.
491 3653 541 3715 61,
571 3652 695 3704 11-16
722 3645 860 3723 scripsit,
895 3648 939 3706 ad
965 3649 1085 3708 uerbum
1113 3647 1185 3720 sere
1212 3664 1252 3706 ex
1280 3643 1395 3706 Ilouati
1422 3652 1488 3702 arte

196 3745 313 3806 minore
330 3746 457 3819 saratas
478 3745 527 3807 sit.

753 3934 836 3995 One.
860 3933 923 3998 III.

494 4048 552 4112 DE
575 4049 858 4115 EMENDANDA
881 4050 1039 4116 ASPERI
1061 4051 1189 4117 ARTE.

282 4188 345 4248 Sed
370 4196 402 4249 ut
429 4190 473 4248 ad
493 4189 607 4266 priora
634 4193 772 4263 redeam,
799 4200 958 4267 postquam
981 4211 1015 4269 p.
1041 4202 1089 4266 tr,
1116 4201 1153 4252 26
1175 4211 1234 4268 seq.
1267 4189 1401 4252 codicem
1432 4195 1487 4246 611

196 4294 278 4350 male
298 4292 427 4364 deficere
448 4291 530 4361 uidi,
560 4292 736 4368 triticumque
764 4292 795 4352 in
819 4296 915 4353 altero
937 4293 1043 4354 codiee
1059 4298 1155 4371 plura
1175 4293 1237 4369 leqi
1264 4292 1420 4362 uidebant,
1450 4306 1486 4346 eu

197 4402 231 4452 at
251 4391 351 4468 ipsius
373 4393 482 4468 Asperi
503 4397 596 4454 uerba
620 4395 650 4455 iu
673 4403 786 4456 textum
809 4394 961 4472 recipere,
991 4395 1046 4455 illo
1068 4416 1140 4458 uero
1162 4396 1195 4457 t'n
1217 4397 1357 4456 codol!
1380 4393 1486 4450 decur-

196 4502 260 4554 tate
285 4494 406 4571 scripta
430 4494 464 4555 in
491 4497 658 4571 rnarqinem
686 4496 802 4559 reicere
829 4500 930 4558 mellus
956 4497 1139 4560 dubitabam.
1184 4500 1294 4573 Itaque
1310 4514 1345 4571 p.
1371 4501 1424 4568 to',
1451 4499 1487 4548 2?

283 4729 312 4797 *)
332 4732 425 4782 Eadem
443 4735 541 4783 ratione
560 4733 680 4799 Eutychis
699 4746 724 4784 et
741 4734 858 4800 Eutychis
877 4736 916 4785 uel
936 4735 1032 4785 susos
1051 4748 1075 4787 et
1093 4736 1185 4786 Euticii
1210 4735 1312 4784 nomios
1335 4727 1486 4794 explicanda

196 4816 259 4852 suin
277 4816 323 4850 neo
340 4815 391 4849 non
409 4803 521 4851 Audacis
541 4814 565 4852 et
584 4804 688 4852 Audacii
707 4802 751 4863 (cI.
771 4804 839 4853 Beda
856 4804 889 4853 de
906 4805 994 4855 metris
1015 4821 1040 4870 p.
1059 4806 1173 4865 13631)
1192 4803 1273 4851 Iornm
1291 4798 1395 4863 duplex.

267 4867 314 4932 ”J
331 4868 390 4917 Dixi
408 4871 439 4920 de
457 4871 505 4920 hoc
523 4872 610 4920 codice
628 4888 707 4936 nuper
724 4872 809 4926 urlani.
829 4872 891 4937 phil.
912 4873 1033 4923 Fleckeis.
1054 4876 1119 4923 1869
1137 4889 1163 4938 p.
1181 4874 1238 4922 731.
1259 4869 1318 4917 732.

248 4968 345 5009 (tutu.
360 4979 412 5011 ur.
426 4972 510 5011 suurn..
1273 4953 1286 5001 I
