3382 5476
662 399 889 453 PRISGIANEA.
1293 414 1423 464 cmm

215 592 265 651 Aa
291 610 320 670 p.
346 587 423 660 165,
450 586 488 649 12
509 609 589 669 sea:
623 588 783 650 CIaxendix
811 588 899 650 tubae
932 589 1064 675 castodIa
1092 592 1175 670 quasi
1210 589 1423 651 oanxendixa

126 691 224 753 uerbo
252 691 319 752 kan
346 690 423 751 idest
450 709 525 751 uoco
554 691 601 751 uei
629 690 802 752 oaIaxendix
832 689 1022 772 (0⁸Iaxendix)
1052 690 1130 771 quod
1159 692 1305 769 significat
1331 709 1423 751 conca

125 793 206 855 idest
227 792 313 862 tuba,
345 812 402 872 qua
425 795 542 870 signum
565 792 712 871 detegitur
739 792 817 854 idest
843 795 975 872 aperitur
998 801 1028 854 et
1050 802 1094 853 est
1115 795 1309 872 compositum
1331 811 1347 853 a
1371 810 1424 852 no·

126 897 212 956 miae
240 893 344 956 classis
370 894 447 955 idest
474 893 563 956 tubae
587 894 641 974 (-e)
675 893 821 955 etaltera
850 897 969 954 nomine
992 894 1078 962 dicis,
1108 894 1185 955 idest
1208 894 1422 955 manifestatio:

125 997 286 1058 claxendix
311 995 379 1057 tuba
404 997 629 1064 manifestatrix,
653 996 697 1070 cs.
721 995 855 1057 Martini
877 995 1000 1056 Hertzii
1022 998 1125 1057 tranat.
1150 995 1221 1081 crit.
1245 999 1266 1055 I.
1289 999 1311 1055 l.

690 1281 773 1345 Cae.
797 1280 877 1345 IIII.

125 1417 190 1483 DII
213 1417 373 1482 PAPIAE
395 1416 512 1482 ARTE
536 1414 830 1482 GRAMMATIOA
850 1416 910 1481 EX
927 1416 1160 1484 PRISCIANO
1177 1415 1422 1481 EXCERP'PA.

218 1593 301 1664 Quae
329 1594 373 1652 M.
403 1593 549 1652 Hertzius
570 1593 677 1668 praef.
700 1610 736 1667 p.
758 1591 792 1651 Χ
816 1600 901 1665 etp.
930 1592 1053 1652 XXIX.
1083 1592 1179 1651 XXX
1206 1593 1244 1651 de
1273 1589 1425 1652 Prisciani

126 1697 313 1756 auctoritate
342 1695 385 1753 ad
415 1696 551 1767 rependo
583 1695 675 1754 medii
706 1696 777 1753 aeui
803 1694 954 1754 hominnm
980 1690 1083 1754 studia
1109 1695 1313 1768 prammatica
1340 1694 1425 1754 docte

124 1798 281 1872 exposuit,
309 1798 420 1872 optime
443 1798 605 1867 firmantur
627 1795 745 1871 Papiae
772 1797 923 1871 exemplo,
953 1795 991 1855 de
1017 1798 1103 1856 cuius
1130 1803 1198 1856 arte
1223 1796 1425 1871 praumatica

124 1917 170 1961 ex
184 1900 344 1959 meiano
359 1899 509 1972 deflorato
523 1897 672 1957 Sinnerus
688 1899 807 1972 primia
829 1899 864 1957 ni
879 1895 979 1969 soliar
999 1899 1115 1959 rettulit
1135 1907 1195 1958 cat.
1212 1899 1279 1958 cod.
1296 1897 1390 1958 Bern.
1407 1897 1426 1958 I

120 2020 159 2080 p.
186 2007 257 2060 543.
301 2001 415 2076 Papias
436 1984 530 2073 enim',
560 2016 626 2060 cum
649 2002 681 2058 in
701 2001 852 2073 plassaria
873 2000 1043 2074 cottipenda
1064 2016 1119 2063 sua
1141 2017 1160 2059 a
1181 2001 1352 2075 plossorum
1373 2001 1427 2075 qui

123 2106 244 2165 dicitu
263 2104 348 2175 Iidri,
372 2099 460 2163 cuius
480 2104 576 2177 copiis
598 2103 754 2161 uberrimis
775 2103 1040 2177 saepissimeasus
1061 2109 1105 2162 est
1111 2149 1118 2170 ,
1142 2103 1316 2162 auctoribus
1337 2105 1367 2162 iu
1389 2116 1425 2161 eo

123 2216 230 2266 tamen
259 2207 400 2281 differat,
430 2205 515 2279 quod
539 2220 602 2264 una
629 2221 695 2263 cum
718 2201 825 2263 Boetia
853 2206 1018 2278 ceterisque
1038 2207 1238 2264 recentiorum
1260 2211 1424 2279 temporum

122 2307 328 2383 scriptoribus
350 2307 541 2366 Priscianus
570 2308 600 2364 in
625 2307 734 2380 primis
761 2307 918 2380 importes
939 2308 1074 2380 amauit,
1105 2314 1167 2367 tum
1187 2314 1345 2382 postquam
1367 2307 1424 2365 ete·

123 2409 310 2470 meritorium
332 2410 375 2468 ad
392 2410 482 2479 mem
502 2409 659 2483 perduxit,
678 2404 869 2482 peculiarem
891 2406 929 2466 de
950 2425 985 2467 re
1005 2411 1209 2482 prammatica
1230 2408 1338 2468 librum
1353 2423 1423 2467 con·

120 2513 240 2590 posuit,
265 2511 317 2585 qui
338 2511 369 2568 in
390 2508 504 2569 duadtts
524 2510 610 2569 libris
631 2506 846 2584 manuscriptis
867 2508 1071 2570 Beruensidus
1094 2516 1158 2569 tet
1182 2517 1199 2580 2
1219 2510 1273 2569 suIr
1299 2512 1425 2568 elemen-

123 2615 204 2674 tarii
222 2613 336 2672 calcem
356 2611 531 2671 subiunctus
551 2612 652 2685 est.*)
697 2612 825 2684 Vterque
847 2617 945 2670 autem
968 2612 1084 2686 Papiae
1103 2613 1180 2672 iiber
1201 2613 1322 2672 saeculo
1336 2613 1424 2671 tertio

124 2718 245 2776 decimo
267 2715 440 2774 tribuendus
461 2721 518 2787 est,
542 2714 596 2772 sed
616 2717 676 2786 ita,
702 2721 749 2788 ut,
772 2714 826 2787 qui
845 2714 979 2773 seeundo
1001 2731 1125 2774 numero
1148 2721 1267 2775 notatis
1288 2721 1345 2786 est,
1369 2714 1424 2772 aii-

123 2824 244 2894 quanto
271 2818 419 2876 uetustior
446 2831 508 2874 esse
535 2813 680 2874 uideatur
708 2817 821 2882 altero,
851 2832 1032 2905 quamquam
1055 2814 1183 2875 Sinnero
1204 2817 1296 2875 aliter
1317 2817 1439 2874 uisum.'

125 2922 227 2995 Atque
259 2932 370 2977 reuera
396 2918 483 2975 istam
511 2923 606 2975 artem
636 2934 655 2974 a
684 2917 784 2992 Papia
811 2920 956 2992 scriptam
984 2934 1049 2977 esse
1075 2920 1144 2977 inde
1171 2917 1314 2991 efficitur,
1344 2916 1437 2991 quod.

124 3025 210 3082 inter
236 3022 299 3079 eius
327 3020 444 3077 initium
472 3028 501 3077 et
522 3019 710 3078 elementarii
728 3021 817 3090 finem
840 3021 968 3078 insertus
989 3028 1033 3079 est
1054 3020 1118 3094 ipse
1138 3017 1191 3078 iile
1212 3020 1309 3092 Iocus,
1339 3034 1425 3093 quem

125 3138 229 3198 nuper
252 3122 468 3180 Wilmannsius
488 3136 561 3179 mars.
586 3119 681 3180 Iidem.
703 3118 859 3180 ‘Placidus
882 3121 997 3195 Papias
1023 3123 1089 3180 und
1112 3123 1226 3181 andere
1252 3118 1426 3180 lateiniscde

126 3223 280 3285 Glossare’
311 3223 368 3281 nol.
392 3221 508 3280 XXIV
521 3239 556 3297 p.
580 3228 639 3280 380
659 3223 754 3282 edidit
782 3225 871 3297 quasi
881 3213 1050 3283 ineditum.
1097 3224 1176 3283 Nam
1204 3240 1245 3282 ea
1273 3222 1330 3282 doc
1356 3223 1424 3282 loco

121 3333 215 3404 patet
234 3325 379 3400 Papiam,
405 3330 568 3399 postquam
595 3325 782 3384 elementarii
808 3326 852 3383 ad
870 3327 958 3396 finem
974 3328 1120 3400 perducti
1137 3327 1259 3399 pretias
1279 3321 1342 3398 epit
1363 3323 1426 3382 Deo

124 3443 272 3498 mmmm,
300 3427 345 3484 ad
365 3427 493 3484 aiterum
514 3423 615 3484 statim
638 3427 812 3501 opusculum
835 3429 1004 3504 transiisse,
1029 3429 1111 3502 quod
1131 3427 1186 3485 ‘ad
1205 3426 1335 3485 eiusdem
1353 3442 1423 3500 per-

121 3529 271 3604 fectionis
296 3529 458 3587 amnuium’
481 3525 652 3601 trausipere
674 3535 707 3586 ut
728 3528 786 3586 sibi
804 3530 907 3587 liceret
925 3531 978 3602 pie
996 3537 1141 3604 precatus
1161 3534 1213 3586 est.
1260 3526 1346 3598 Quod
1366 3543 1424 3602 quo

125 3634 235 3694 meiius
255 3632 400 3704 capnosci
416 3626 521 3704 possit,
547 3636 637 3689 tatum
659 3632 758 3690 Iocum
780 3630 869 3701 infra
891 3633 997 3689 iterum
1014 3647 1189 3706 propanam
1204 3627 1320 3690 additis
1333 3629 1423 3688 lidro-

124 3751 196 3793 rum
212 3729 412 3792 Bernenst'um
434 3733 611 3806 optimorum
632 3733 805 3808 scripturae
824 3729 1036 3807 discrepantia
1045 3735 1162 3809 passim
1176 3734 1423 3792 emendatiorem:

216 3850 346 3911 Infinitas
367 3849 584 3910 benedictionis
607 3852 716 3927 gratias
738 3850 796 3910 iam
815 3848 876 3909 [teo
899 3851 975 3929 patri
998 3850 1165 3920 referimus,
1189 3852 1239 3929 qui
1261 3868 1315 3930 per
1337 3867 1422 3910 coae-

125 3964 249 4016 ternum
277 3971 364 4013 suum
392 3951 483 4013 filium
511 3953 541 4032 in
569 3954 663 4012 sancti
691 3952 814 4029 spiritus
842 3953 934 4029 gratia
958 3959 1091 4012 nostrum
1115 3970 1190 4030 opus
1212 3970 1247 4012 ex
1271 3952 1372 4012 multis
1394 3959 1424 4011 et

99 4057 258 4146 adiuersis
281 4056 407 4115 texturis
430 4053 611 4114 elaboratum
634 4065 720 4132 atque
743 4063 913 4115 contextum
937 4052 1005 4114 iicet
1027 4072 1081 4133 per
1099 4052 1259 4115 muitarum
1275 4072 1420 4114 annorum

128 4209 359 4220 --——.--—-

198 4309 262 4362 Coa.
282 4309 361 4359 Bern.
380 4326 419 4362 nr.
440 4312 454 4358 1
471 4325 539 4358 saec.
559 4307 636 4357 XIII
654 4330 688 4350 =
706 4310 745 4366 Α,·
763 4311 819 4359 aad.
834 4310 912 4363 Bern.
931 4327 970 4359 nr.
989 4312 1005 4358 2
1023 4324 1091 4358 saec.
1106 4307 1184 4357 XIII
1201 4311 1235 4359 in.
1253 4327 1288 4351 =
1306 4307 1345 4364 B,-
1362 4308 1418 4358 cod.

126 4379 212 4429 Bern.
230 4395 270 4427 nr.
290 4381 424 4442 ato-saec.
445 4377 523 4427 XIII
539 4398 572 4417 =
592 4378 619 4426 θ.
692 4381 704 4426 1
724 4390 866 4426 caeternum
887 4377 952 4426 ABG
969 4390 1098 4427 aeternum
1122 4374 1303 4426 Wilmannst'ue

127 4515 333 4525 ....-—---—
342 4514 358 4520 *-

198 4612 228 4676 *i
246 4615 313 4665 Idem
331 4615 394 4664 liber
411 4614 514 4664 nomine
533 4616 630 4664 omisso
649 4625 711 4664 teste
722 4615 836 4664 Thuroto
855 4613 956 4664 Notices
975 4625 1000 4664 et
1016 4614 1129 4664 Eximius
1142 4614 1187 4663 des
1200 4613 1352 4663 Manuscrits
1371 4622 1418 4661 etc.

126 4696 192 4737 tom.
214 4682 287 4732 XXII
304 4685 397 4749 panni
421 4698 446 4748 p.
466 4686 500 4734 45
518 4694 591 4733 extat
608 4685 633 4731 in
652 4684 739 4732 codice
757 4682 873 4732 Parisino
892 4680 977 4732 Sancti
989 4683 1100 4732 Victoris
1122 4685 1152 4733 17
1170 4697 1237 4734 saec.
1250 4680 1318 4730 XIII:
1337 4679 1356 4732 I.
1368 4680 1419 4730 228

127 4752 222 4803 Petisia
239 4765 320 4814 ame,
338 4752 481 4810 karissImi,
500 4767 532 4799 ox
550 4763 604 4801 arte
621 4752 759 4816 grammicis
772 4752 846 4799 uobis
858 4763 1029 4815 competentes
1046 4749 1149 4816 regulas
1166 4750 1222 4799 dari
1239 4760 1283 4797 aut
1299 4749 1420 4814 componi

127 4846 163 4857 -
179 4819 200 4873 I.
220 4817 288 4870 266⁵
306 4820 355 4869 sibi
373 4833 474 4882 quoque
497 4820 561 4884 ipsis
584 4830 762 4884 preponuntur
780 4832 806 4867 ιιι
823 4829 849 4866 at
866 4831 1006 4869 astantem
1030 4831 1102 4868 tenus
1121 4831 1146 4868 et
1162 4829 1239 4880 atque
1259 4816 1377 4878 equidem
1395 4827 1421 4866 et

130 4903 190 4939 ιιιιιι
211 4902 293 4950 neque

1169 4968 1215 5020 ιιι*
