3382 5476
710 342 921 396 annuntium.
1402 344 1463 407 119

168 536 213 596 fax
243 535 332 602 facis:
361 535 528 593 communia
552 533 640 595 trium
663 549 823 610 generum,
853 541 885 593 nt
908 533 956 592 hic
978 540 1009 593 et
1031 531 1104 593 haec
1127 541 1157 594 et
1178 533 1235 593 hoc
1258 531 1346 593 fallax
1369 550 1460 593 uorax

165 645 322 698 contumax
345 654 436 715 rapax
458 635 551 695 audax
576 642 663 695 tenax
685 651 773 712 sagax
789 635 913 695 mendax
930 635 1086 714 perspicax
1102 635 1206 695 efficax
1220 651 1328 701 ueram
1352 632 1457 694 horum

165 741 296 800 omnium
332 738 488 815 genetinos
518 737 548 797 in
578 737 620 796 cis
653 736 838 799 terminatur.
896 737 982 796 Haec
1009 744 1109 797 autem
1136 739 1258 797 nomina
1285 739 1455 796 communic

163 846 255 903 trium
281 856 426 916 pennum
454 842 486 899 io
513 855 557 897 ax
584 838 753 899 desinentia
783 841 827 899 sic
854 840 1064 899 declinantur:
1105 836 1155 896 hic
1183 844 1213 897 ct
1240 836 1314 898 haec
1343 844 1373 897 et
1387 837 1457 897 .hoc

136 958 270 1011 snerax,
294 942 381 1002 huius
403 941 532 1009 ueracis,
556 939 624 1000 hnic
646 943 763 1009 nemci,
792 940 871 1000 hunc
895 948 923 999 et
947 938 1024 999 lianc
1050 956 1187 999 neracem
1214 945 1243 998 et
1270 937 1327 997 lroc
1354 956 1456 1006 uerax,

163 1065 180 1105 o
203 1062 311 1111 nerax,
340 1041 376 1102 ab
405 1040 462 1101 hoc
483 1049 512 1101 et
533 1041 571 1100 ab
593 1045 651 1100 inc
672 1048 702 1100 et
724 1038 762 1100 ab
784 1039 840 1100 hoc
862 1041 977 1109 neraei,
1007 1040 1039 1100 hi
1061 1049 1090 1100 et
1111 1039 1168 1099 liae
1190 1057 1314 1100 uoraces
1336 1050 1364 1100 et
1387 1038 1460 1100 haec

162 1147 296 1212 ueracia,
325 1144 432 1204 horum
455 1151 485 1202 et
506 1141 612 1202 irarum
635 1150 665 1202 et
687 1141 793 1203 horum
817 1131 983 1211 ueracinm,
1011 1141 1058 1201 liis
1081 1141 1253 1210 ueracibus,
1276 1139 1332 1200 hos
1354 1149 1383 1200 et
1404 1141 1458 1201 has

163 1265 287 1309 ueraces
310 1254 339 1306 et
361 1246 434 1305 llaec
457 1245 590 1312 ueracia,
616 1262 633 1303 o
655 1261 779 1303 neraces
801 1251 830 1303 et
852 1262 870 1303 o
894 1245 1027 1313 ueracia,
1051 1243 1087 1303 ab
1111 1243 1157 1303 liis
1179 1241 1346 1304 ueracibus.

244 1348 277 1408 ln
307 1365 342 1407 ex
365 1354 437 1423 quot
459 1363 569 1423 genera
592 1346 805 1406 inueniunturl
849 1344 911 1405 lloc
934 1352 979 1406 est
1000 1352 1155 1423 quattuor,
1184 1343 1348 1405 masculina
1370 1346 1456 1405 femi·

121 1465 147 1506 ιο
161 1452 229 1512 nina
252 1449 420 1511 communia
443 1447 550 1507 incerti
572 1447 704 1524 generis;
734 1444 910 1514 masculina,
935 1454 967 1506 nt
988 1444 1038 1505 liic
1060 1456 1162 1507 uertex
1186 1449 1325 1517 uerticis,
1350 1456 1455 1508 uertex

160 1554 290 1620 anaticis,
314 1568 389 1630 apex
412 1545 514 1627 apicis,
538 1548 672 1628 pontifex
695 1548 851 1628 pontilicis,
868 1566 920 1607 rex
935 1549 1022 1625 regis,
1039 1565 1111 1625 grex
1128 1549 1236 1627 gregis,
1253 1566 1342 1608 senex
1358 1549 1452 1615 senis:

158 1654 316 1721 feminina,
347 1661 378 1712 ut
400 1650 474 1711 haec
497 1650 543 1709 lex
566 1648 653 1726 legis,
682 1648 755 1709 haec
777 1648 909 1729 †uertex
934 1650 1068 1719 uerticis,
1090 1647 1223 1729 supellex
1246 1648 1455 1728 supellectilis:

158 1754 324 1815 communia
353 1755 442 1813 trium
470 1769 629 1829 generum,
659 1759 692 1811 nt
720 1751 768 1810 liic
791 1750 915 1811 ethaeo
938 1758 967 1812 et
988 1749 1045 1810 hoc
1068 1751 1181 1828 opifex,
1211 1751 1260 1811 hic
1282 1759 1313 1811 et
1334 1751 1408 1812 hoec
1429 1759 1458 1811 et

155 1858 213 1917 ltoc
235 1853 354 1935 duplex,
379 1855 422 1913 sic
446 1853 551 1932 triplex
575 1850 773 1931 quadruplam
797 1853 922 1912 duorum
945 1870 1098 1930 generum,
1123 1862 1155 1913 ut
1178 1852 1226 1911 hic
1248 1861 1279 1913 et
1300 1852 1374 1913 haec
1390 1871 1456 1913 car·

118 1971 143 2013 15
156 1958 245 2031 nifex,
269 1956 319 2016 hic
341 1965 371 2015 et
391 1955 465 2015 haec
488 1953 613 2022 uindex:
645 1955 751 2015 incerti
774 1956 907 2032 generis,
932 1963 964 2014 ut
986 1954 1034 2013 hic
1055 1952 1102 2014 nel
1127 1954 1201 2014 haec
1223 1953 1311 2024 silex,
1335 1954 1384 2014 hic
1406 1952 1455 2015 uel

105 2077 109 2090 ·
155 2057 229 2120 hacc
252 2064 369 2125 cortex,
393 2056 442 2116 hic
466 2055 512 2114 uel
536 2055 609 2115 haec
632 2073 745 2114 rumex.

240 2158 273 2219 ln
299 2161 330 2219 ix
359 2165 431 2237 quot
458 2172 568 2233 genera
596 2157 810 2217 terminantur?
854 2155 939 2226 Trio,
968 2156 1024 2219 hoc
1052 2167 1098 2218 est
1126 2155 1289 2218 masculina
1313 2156 1453 2217 feminina

155 2262 340 2327 commuuia;
366 2258 540 2325 masculina,
565 2266 597 2317 nt
619 2257 667 2317 hic
690 2256 765 2317 calix
788 2256 903 2326 calicis,
927 2261 977 2338 pix
1001 2260 1089 2337 picis,
1114 2259 1195 2337 pnlix
1217 2257 1337 2337 pulicis:
1369 2259 1454 2319 femi·

155 2364 237 2432 nina,
266 2369 299 2423 nt
326 2361 400 2421 haec
428 2361 511 2419 radix
541 2358 668 2426 radicis,
698 2360 839 2420 meretrix
868 2362 965 2421 nutrix
993 2361 1100 2420 textrix
1124 2361 1266 2428 creatum
1295 2377 1454 2420 commune

114 2466 245 2525 cotrium
268 2480 426 2541 generum,
452 2469 484 2520 nt
505 2459 554 2519 liic
576 2469 605 2521 et
627 2458 700 2520 hacc
714 2457 728 2541 Η
744 2461 763 2519 f.
784 2457 859 2521 107·
875 2458 887 2542 l
904 2469 933 2520 et
955 2460 1011 2520 hoc
1034 2460 1114 2522 felix.

239 2564 271 2626 ln
294 2583 332 2625 ox
355 2571 427 2643 qrxot
449 2579 559 2641 genera
581 2562 792 2622 inueniuntur?
828 2561 906 2632 Tria,
930 2561 1007 2622 idest
1028 2561 1189 2623 masculina
1213 2562 1355 2623 feminina
1371 2581 1452 2624 com·

154 2667 267 2736 munia;
306 2663 482 2733 masculina,
517 2672 550 2723 ut
577 2662 624 2723 hic
652 2662 737 2724 ferox
764 2664 886 2734 ferocis,
915 2664 964 2724 hic
992 2663 1131 2725 llllohrox
1160 2663 1341 2743 allobrogis,
1371 2665 1451 2744 qnod

156 2786 264 2829 nomen
293 2785 396 2828 ursum
423 2766 582 2843 significan
612 2765 767 2834 feminina,
797 2772 830 2826 nt
851 2764 924 2826 haec
945 2783 1003 2826 nox
1026 2767 1136 2836 noctis,
1165 2785 1223 2827 uox
1248 2766 1342 2832 uocis:
1370 2784 1451 2826 com·

153 2872 254 2931 munia
281 2870 369 2929 trium
399 2884 558 2945 generum,
588 2874 620 2926 nt
641 2865 691 2926 hic
713 2875 743 2927 et
764 2865 838 2928 haec
859 2874 889 2927 et
909 2866 966 2928 hoc
987 2865 1074 2928 uelox
1098 2866 1225 2938 uelocis,
1255 2867 1304 2929 liic
1326 2877 1356 2930 et
1377 2868 1451 2930 haec

111 2987 139 3028 xo
153 2981 184 3033 et
205 2973 262 3032 hoc
284 2979 368 3031 atrox
391 2971 499 3029 atrocis
522 2977 551 3028 et
572 2968 655 3028 ferox
679 2976 710 3028 et
730 2978 763 3029 ut
785 2966 835 3028 alii
857 2967 980 3063 dicunt·
981 3015 1073 3030 .....
1447 2983 1448 2988 ’

238 3073 270 3132 ln
293 3090 331 3131 ux
355 3079 426 3147 quot
448 3087 557 3146 genera
581 3069 791 3130 inueniuntur?
834 3068 913 3138 Tria,
936 3069 1108 3141 masculina,
1131 3080 1163 3132 nt
1186 3070 1234 3132 hic
1256 3070 1360 3133 Pollux
1383 3072 1450 3134 l‘ol·

113 3224 117 3231 .
150 3176 234 3244 lucis,
257 3172 336 3253 quod
358 3173 512 3252 proprium
535 3179 589 3241 est,
612 3179 641 3232 et
661 3173 888 3248 appellativum,
911 3179 944 3232 ut
965 3171 1013 3231 hic
1036 3172 1094 3234 dux
1116 3173 1217 3241 ducis;
1243 3174 1395 3244 feminina,
1419 3183 1452 3235 nt

152 3277 225 3337 haec
252 3294 312 3336 nox
341 3275 440 3342 nucis,
472 3271 521 3333 lux
547 3271 639 3342 locis,
668 3290 740 3333 crux
763 3274 873 3342 crncis;
903 3291 1060 3335 commune
1082 3274 1207 3336 duorum
1229 3292 1388 3353 generum,
1417 3286 1451 3338 nt

150 3377 197 3438 liic
219 3385 248 3437 et
270 3376 342 3436 haec
364 3376 445 3434 frux:
470 3391 525 3452 pro
548 3373 651 3452 ‘frugi’
668 3374 808 3435 Ennius
829 3373 908 3435 ‘frux
923 3375 1027 3435 honro'
1048 3377 1163 3456 posuit:
1187 3394 1344 3438 commune
1359 3379 1448 3439 trium

111 3494 308 3555 acgenernm,
333 3485 365 3536 nt
387 3475 435 3535 liic
458 3482 487 3535 et
509 3473 581 3546 llaec
603 3483 633 3536 et
656 3474 712 3534 hoc
734 3482 802 3536 trux
824 3478 925 3537 trucis.
973 3476 1050 3538 llaec
1073 3495 1144 3554 ergo
1167 3479 1286 3538 nomina
1309 3499 1327 3539 x
1349 3477 1447 3541 littera

149 3581 306 3640 terminata
335 3579 516 3638 nominatiuo
543 3591 614 3638 casn
642 3577 773 3655 quinque
802 3576 913 3655 regulis
940 3579 1049 3639 uariari
1076 3577 1216 3638 uidentur
1238 3580 1268 3639 in
1289 3581 1447 3662 genetiuis,

149 3681 206 3741 hoc
229 3687 274 3740 est
296 3677 351 3739 alia
373 3680 403 3738 in
426 3679 475 3752 cis,
499 3676 555 3738 alia
578 3679 608 3737 in
631 3679 684 3756 gis,
708 3676 764 3738 alia
786 3679 816 3738 in
838 3678 884 3747 lis,
907 3679 963 3740 alia
984 3681 1016 3740 in
1038 3681 1094 3750 uis,
1117 3679 1173 3741 alia
1194 3681 1225 3740 in
1248 3682 1304 3743 nis.
1348 3682 1382 3742 ln
1405 3684 1448 3744 cis

151 3790 247 3843 antem
270 3781 397 3841 maxime
419 3781 584 3865 terminata,
607 3787 640 3840 nt
661 3779 719 3841 dux
743 3778 835 3850 ducis,
859 3799 917 3841 nox
940 3783 1030 3851 nocis,
1054 3779 1145 3862 rapax
1167 3785 1284 3863 rapacis
1304 3790 1334 3844 et
1348 3791 1446 3846 cetera

217 4000 315 4051 isaias
384 4000 492 4048 deficax
544 4001 720 4064 3genetiuum
772 3999 840 4050 llaec
850 4011 935 4051 antem
948 4002 1263 4052 nominc-declinantur
1274 3998 1366 4054 addidi
1375 4007 1445 4055 m

149 4071 206 4120 lium
223 4072 334 4119 focorum
351 4069 474 4118 rationem
492 4068 642 4130 respiciens.
678 4069 823 4120 Praeterea
839 4071 865 4118 ln
882 4070 970 4120 codiee
987 4070 1067 4120 uerba
1075 4087 1099 4120 ιι.
1110 4074 1140 4120 9.·
1175 4072 1201 4119 ln
1221 4085 1254 4119 ex
1271 4080 1334 4132 quot
1351 4087 1445 4137 genera

148 4137 328 4187 inueniuntur?
348 4135 401 4184 lloe
413 4146 452 4185 est
464 4145 585 4197 quattuor
597 4143 656 4186 ante
668 4136 709 4186 liic
721 4136 820 4186 ethaeo
832 4146 857 4187 et
868 4137 917 4187 laoc
929 4151 1007 4186 nerax
1019 4144 1068 4189 etc.
1080 4139 1167 4201 posito
1177 4144 1244 4188 auat.
1289 4141 1305 4188 6
1318 4148 1342 4187 et
1353 4139 1385 4188 ab
1397 4139 1445 4189 lxac

149 4222 196 4258 om.
249 4205 328 4254 aerati
346 4203 381 4252 tm
400 4214 425 4252 et
441 4203 473 4252 lic
525 4204 648 4253 lucretia
701 4205 825 4254 neratinm
877 4205 1020 4266 anenno,
1038 4205 1077 4254 die
1147 4207 1178 4255 10
1191 4204 1251 4255 mad
1263 4215 1291 4255 nt
1302 4205 1344 4255 hic
1356 4217 1444 4257 uertex

150 4274 182 4324 ta
197 4272 261 4322 haec
278 4280 303 4321 et
320 4271 361 4320 hic
412 4271 453 4320 laic
470 4283 495 4321 et
512 4271 575 4320 haec
592 4272 688 4338 duplex
749 4274 782 4322 14
798 4283 827 4322 nt
843 4272 884 4321 hic
902 4272 942 4322 nel
960 4271 1023 4321 haec
1040 4272 1106 4322 silex
1123 4272 1165 4322 hic
1181 4273 1222 4322 uel
1240 4274 1302 4324 haec
1319 4273 1386 4324 silex
1403 4275 1445 4325 hic

149 4339 190 4390 nel
212 4339 274 4389 laceo
299 4338 395 4387 uindex
422 4341 512 4389 incerti
538 4341 639 4404 generis
664 4350 691 4389 ut
712 4339 753 4389 hie
776 4339 816 4391 nel
834 4350 859 4390 et
876 4341 938 4390 haec
959 4339 1073 4391 carnifex
1090 4340 1132 4390 hie
1149 4340 1252 4391 ethaeo
1270 4341 1366 4392 uindex
1383 4349 1443 4406 etc,

148 4409 276 4458 moletia
294 4406 334 4455 nel
352 4406 414 4455 haec
432 4406 498 4456 silex
516 4433 548 4444 -
566 4409 668 4473 generis
687 4416 714 4457 ut
730 4407 772 4457 hic
790 4408 829 4458 nel
848 4409 916 4459 linea
932 4409 1042 4459 indaletii
1130 4411 1162 4460 15
1180 4409 1220 4459 hic
1239 4409 1279 4459 uel
1297 4409 1360 4460 haec
1377 4410 1443 4460 silex

149 4476 190 4525 laic
208 4476 247 4524 nel
266 4475 328 4524 haec
346 4475 411 4524 silex
489 4477 521 4526 16
539 4491 643 4525 crumex
713 4477 744 4526 tr
763 4487 816 4526 tren
885 4478 917 4527 19
934 4477 1049 4526 meritrix
1116 4479 1148 4527 at
1167 4477 1237 4540 qnod
1288 4479 1443 4544 ingueninn-

147 4555 196 4606 tar,
215 4559 232 4608 g
250 4559 319 4596 erno.
372 4555 425 4592 tren
492 4546 525 4593 22
543 4543 650 4593 olabrox
667 4543 793 4594 alabrocis
861 4545 895 4594 26
912 4555 937 4593 et
954 4554 982 4594 ot
998 4544 1041 4594 olii
1057 4541 1156 4610 dicunt]
1173 4545 1304 4597 Laocoon
1321 4547 1441 4597 indicaui.

147 4612 269 4663 Fortunae
287 4611 446 4661 accidendum
463 4620 516 4661 eat:
535 4622 559 4661 et
576 4611 626 4661 alic
644 4626 712 4673 qnae
729 4612 845 4662 similiter
861 4611 981 4661 dicuntur
1065 4614 1099 4662 26
1135 4614 1186 4662 uod
1243 4624 1296 4664 tren
1352 4614 1443 4680 pollux

147 4678 257 4745 pnllncis
326 4681 358 4729 2⁵1
377 4689 402 4728 et
418 4679 601 4744 appellatinnm
619 4680 710 4729 addidi
776 4682 810 4731 29
828 4695 874 4745 pro
893 4678 947 4745 fugi
1016 4629 1442 4748 Enninsicfli'riec.1278,ld

146 4749 180 4798 32
197 4747 247 4796 alia
265 4747 290 4794 in
309 4744 356 4811 cis]
375 4747 425 4796 alin
442 4749 468 4795 in
487 4747 524 4796 sis
577 4749 601 4796 in
620 4746 661 4796 his
680 4757 763 4795 autem
848 4750 881 4799 33
899 4748 952 4798 dux
974 4747 1052 4808 lueis,
1074 4756 1103 4799 ut
1117 4749 1232 4813 sortasse
1252 4749 1365 4801 carlina:
1387 4751 1441 4802 dxxx

146 4814 220 4864 ducis
238 4814 283 4866 lux
299 4813 364 4864 lucis
416 4826 440 4864 et
457 4826 540 4865 cetera
545 4852 619 4867 .....
626 4812 637 4881 ]
656 4815 808 4879 Exemplum
825 4817 889 4880 ‘gis’
907 4818 1091 4870 terminationis
1107 4819 1238 4868 intercidit
