3382 5476
261 352 325 419 216
669 351 904 403 munerare
922 346 1166 401 arueruunuse

262 545 388 606 dicimus
410 545 488 605 enim
519 535 603 604 κατὰ
626 540 810 602 Ματθαῑον
833 540 873 598 ·ἰ·
896 536 1078 605 secundum,
1108 542 1137 596 et
1163 538 1267 609 †eata
1288 550 1377 595 mane
1399 535 1446 597 ·i·
1468 534 1567 597 toxo.

262 643 357 727 Πρός
378 662 497 725 quoque
519 643 653 705 diuersas
675 641 765 703 habet
786 638 1025 718 significationes.
1063 637 1099 699 Et
1120 635 1198 717 apud
1222 654 1276 699 nos
1297 638 1342 697 ed
1361 636 1486 716 ponitur
1507 654 1566 717 pro

262 746 357 828 apud,
382 757 414 808 ut
436 755 483 807 est
504 744 593 807 illud:

390 848 511 909 Prima
534 846 627 926 quod
650 846 691 907 ad
715 844 865 905 Troiam
889 861 954 921 pro
977 843 1078 903 caris
1099 849 1271 919 gesserat
1292 840 1417 918 Argia,

262 969 317 1029 pro
340 947 429 1028 ‘apud
451 948 593 1009 Troianr’.
1576 956 1593 997 ὅ

124 1081 145 1123 1».
159 1072 248 1119 aenea
322 1051 381 1112 ⁴1).
411 1051 598 1129 Onragister
627 1049 684 1118 da,
714 1050 753 1109 ·i·
778 1048 825 1108 dic
855 1046 1091 1126 praepositiones
1118 1043 1249 1105 ablatiui.
1293 1044 1440 1122 Superius
1461 1043 1567 1107 dixiati

262 1153 425 1213 aecusatiui
453 1152 703 1230 praepositiones,
733 1168 805 1227 ergo
828 1149 876 1209 dic
899 1146 978 1215 illas,
1009 1164 1083 1226 quae
1110 1146 1232 1226 propria
1258 1144 1388 1208 ablatiue
1414 1148 1566 1209 seruiunt.

265 1255 318 1316 llis
339 1255 418 1314 enixu
441 1251 558 1313 duobus
580 1271 634 1330 per
656 1252 873 1330 appositionem
890 1251 1054 1326 iunguntur
1068 1247 1319 1327 praepositiones,
1341 1250 1473 1311 caeteris
1488 1266 1566 1311 uero

124 1371 318 1432 parumper
341 1355 595 1434 compositionem.
640 1353 678 1413 lt.
703 1354 724 1413 l
748 1359 784 1411 et
805 1350 848 1411 ab
870 1358 900 1410 et
922 1348 1065 1430 reliquae.
1103 1348 1263 1419 ddum,
1286 1348 1434 1428 egredior.
1468 1350 1565 1413 Domu

264 1457 377 1517 Graece
401 1465 510 1517 tectum
536 1454 648 1515 latine.
686 1454 762 1515 llinc
784 1462 814 1513 et
835 1452 1027 1513 Salomon:
1051 1449 1181 1512 lllelius
1203 1456 1260 1511 est
1280 1449 1415 1512 sedere
1436 1451 1474 1513 in
1497 1460 1604 1513 an·¹⁰

126 1555 350 1634 arcangelo
372 1557 551 1624 domatis,
576 1573 681 1634 quant
704 1573 781 1616 cum
805 1552 962 1615 muliere
985 1553 1165 1631 litigiosa.
1203 1551 1430 1621 dbhomina,
1447 1555 1566 1635 accepi.

265 1656 359 1716 llorno
387 1656 425 1717 ab
457 1657 546 1717 lrurno
569 1657 686 1717 dicitur.
731 1655 803 1717 xbs
834 1654 1020 1734 quolibet,
1054 1656 1094 1714 ·i·
1120 1652 1157 1713 ab
1189 1652 1288 1731 alique
1321 1655 1432 1734 accepi.
1477 1655 1565 1719 Cum

265 1759 450 1831 exercitu,
486 1758 567 1819 uadit
597 1777 659 1826 rex,
704 1759 857 1819 Exercitus
887 1756 997 1817 dicitur
1030 1755 1066 1816 ab
1095 1756 1249 1816 exercitio:
1287 1763 1445 1817 exercetur
1482 1758 1566 1818 euim

265 1860 364 1920 studio
387 1878 553 1929 armorum,
585 1862 625 1919 ·i·
649 1860 783 1919 docetur.
828 1859 955 1919 Coram
984 1856 1163 1924 testibus,
1194 1854 1310 1918 locutus
1338 1866 1384 1917 cst
1410 1856 1565 1921 domiuus.

265 1960 371 2021 Testes
394 1958 535 2022 dicuntur
558 1980 573 2020 a
597 1960 742 2021 testiculis
764 1959 811 2020 uel
827 1979 843 2019 a
860 1957 1040 2027 testonibus,
1064 1960 1133 2036 quia
1157 1958 1269 2025 minus,
1293 1975 1379 2037 quam
1402 1957 1477 2029 duo,
1502 1978 1565 2022 non
1580 1970 1608 2011 ¹⁵

264 2062 457 2140 recipiuntur.
503 2061 645 2123 'resticuli
673 2069 771 2122 autem
801 2070 829 2121 ct
859 2069 989 2121 testones
1023 2060 1101 2120 idern
1129 2067 1207 2120 sunt.
1259 2058 1358 2121 Clam
1391 2061 1566 2123 custodi·

265 2161 346 2231 boa,
380 2165 511 2224 surrexit
539 2161 692 2232 ‹lorulrrus,
717 2164 757 2222 ·i·
782 2160 913 2231 occulte,
941 2160 1147 2223 nescientibus
1176 2159 1359 2222 custodibus.
1401 2160 1513 2223 Quam
1535 2173 1568 2225 et

126 2302 147 2341 p,
161 2292 213 2337 pp,
227 2292 252 2329 25,
266 2262 362 2342 palam
385 2264 464 2326 idem
487 2273 570 2333 sunt;
600 2265 675 2326 clam
699 2283 772 2325 rrero
795 2265 977 2324 contrarium
1000 2271 1046 2323 est
1067 2262 1120 2322 illi.
1166 2263 1214 2323 lle
1237 2263 1336 2332 loro,
1359 2262 1447 2323 uenio
1471 2266 1503 2324 ·i·
1528 2264 1568 2327 de

266 2375 406 2427 mercato.
452 2368 561 2428 Forum
590 2369 688 2428 neutri
717 2367 836 2444 generis
866 2374 909 2425 est
932 2373 962 2425 et
984 2366 1132 2442 signilicat
1159 2371 1320 2426 mercatum
1349 2366 1380 2424 iu
1402 2365 1568 2443 singulari·

265 2474 336 2536 tate;
371 2467 427 2527 lori
460 2487 532 2528 uero
566 2468 721 2547 pluraliter
752 2466 907 2529 masculini
940 2468 1058 2544 generis
1091 2464 1195 2526 sedilia
1227 2473 1297 2527 sunt
1328 2467 1448 2527 nauium
1480 2468 1610 2531 nodato

265 2567 462 2647 Virgilius:
487 2569 661 2650 laxatque
689 2572 791 2631 loros
815 2571 856 2629 ·i·
880 2570 1001 2630 nauium
1019 2565 1030 2648 ΙΙ
1048 2565 1136 2648 1351}
1152 2566 1264 2629 sedilia.
1311 2566 1334 2627 E
1355 2568 1454 2642 iure,
1478 2568 1567 2631 dam·

264 2678 348 2731 natus
371 2679 416 2730 est
439 2672 468 2729 ·i·
493 2690 527 2732 ex
557 2670 632 2749 lege.
678 2671 724 2733 Ex
748 2673 1006 2750 praefectura,
1036 2669 1168 2730 abiectus
1196 2676 1241 2728 est
1269 2670 1309 2728 ·i·
1339 2687 1376 2730 ex
1408 2669 1569 2749 dignitate.

264 2772 452 2833 l'raeleclura
469 2775 548 2834 enim
568 2781 615 2833 est
635 2793 742 2835 nouren
759 2772 921 2850 dignitatis,
947 2770 1015 2832 iude
1039 2769 1230 2849 ‘praelectus’
1254 2771 1447 2850 antepositus.
1493 2772 1567 2835 Pro

264 2871 488 2943 clientibus,
511 2874 627 2934 laborat
649 2875 800 2951 magister.
847 2872 974 2933 Clientes
990 2873 1129 2934 dicuntur
1145 2871 1297 2951 discipuli,
1321 2874 1405 2950 quasi
1427 2872 1568 2937 colentes

125 2977 455 3053 puaeemagistrunr,
486 2973 531 3034 nel
561 2974 651 3053 aliqui
679 2974 804 3034 subiecti
827 2976 876 3052 qui
900 2984 1043 3035 metuunt.
1088 2973 1179 3033 Prae
1207 2976 1357 3042 timore,
1385 2973 1483 3053 angeli
1512 2988 1610 3039 eme

265 3076 361 3135 territi
383 3083 452 3135 sunt
474 3075 621 3135 custodes.
666 3075 787 3136 Palam
817 3075 999 3143 omnibus,
1030 3075 1147 3137 locutus
1176 3084 1221 3136 est
1242 3075 1381 3136 dominus
1403 3077 1445 3135 ·i·
1468 3080 1567 3139 maui-

265 3177 348 3236 leste.
394 3177 479 3237 Sine
509 3174 650 3243 labore.
675 3175 822 3253 gubernat
844 3176 918 3237 deus
941 3176 1094 3236 mundum.
1139 3175 1284 3253 Absque
1306 3178 1462 3247 iniuria,
1486 3181 1569 3259 regit

265 3279 364 3338 omnia
389 3280 417 3337 ·i·
442 3276 553 3357 absque
576 3279 731 3347 iniustitia;
762 3279 807 3338 ius
830 3276 937 3338 dicitur
960 3277 1021 3348 lex,
1051 3277 1118 3339 inde
1143 3279 1266 3347 iniuria,
1295 3278 1434 3357 quicquid
1459 3291 1566 3345 contre

264 3377 360 3458 legem
376 3381 481 3458 agitur.
519 3380 644 3440 Tereus
667 3380 772 3459 pube.
811 3380 911 3442 Tenus
933 3381 1112 3460 praepositio
1135 3388 1180 3439 est
1202 3387 1232 3439 et
1253 3378 1321 3440 licet
1342 3384 1485 3460 praeponi
1511 3381 1564 3445 de·

265 3481 346 3549 beat,
378 3491 474 3542 tanreu
504 3481 670 3560 euphoniae
699 3501 785 3543 causa
815 3484 1018 3562 postponitur,
1053 3490 1086 3541 nt
1113 3480 1192 3558 prebe
1220 3490 1316 3544 tenus.
1360 3481 1460 3543 Pubes
1488 3482 1607 3545 dtu-³⁰

264 3592 311 3643 tur
334 3582 424 3643 barba
449 3583 495 3644 uel
518 3583 601 3644 locus
623 3587 760 3663 corporis
782 3583 949 3662 pudendus.
984 3582 1064 3644 Vnde
1080 3581 1187 3660 legitur
1211 3581 1372 3662 deScylla,
1394 3584 1425 3645 in
1441 3584 1564 3647 diuersa

126 3693 396 3762 ,ammoniaca
426 3682 506 3764 pube
535 3693 621 3744 tenus
650 3686 743 3746 luisse
772 3703 957 3747 conuersam.
1004 3684 1041 3745 ln
1070 3682 1139 3744 sub
1174 3702 1286 3763 super
1314 3683 1455 3746 subter.
1500 3686 1566 3748 Hae

263 3792 402 3864 quattuor
425 3784 569 3846 ambobus
592 3785 708 3847 casibus
730 3789 881 3854 seruiunt,
905 3790 983 3848 sicut
1006 3787 1068 3865 ipse
1091 3787 1120 3846 in
1143 3784 1339 3864 sequentibus
1361 3786 1566 3850 manifestauit

126 3885 417 3966 ¹.‚³s,5‚2gexempll5.
465 3885 524 3947 Vel
552 3886 758 3966 quoslibet,
784 3888 823 3946 ·i·
848 3904 1058 3966 quoscumque.
1104 3887 1176 3960 lrc,
1206 3887 1243 3948 de
1270 3887 1436 3966 praesenti:
1467 3891 1564 3959 isse,

126 4018 210 4067 pasc,
225 4018 248 4056 ³1
263 3989 300 4049 de
322 3991 499 4067 praeterito:
524 3990 646 4049 ituros
670 4007 765 4059 esse,
791 3989 827 4049 de
850 3990 958 4050 lutuno.
1003 3987 1096 4056 ltur,
1131 3988 1478 4067 pergitura'lroianis.
1523 3989 1604 4053 luas

264 4091 455 4166 antiquam
471 4091 614 4159 siluam,
631 4110 700 4153 ecce
717 4094 823 4159 metim
840 4093 889 4170 qui
906 4091 985 4151 enim
1001 4091 1030 4157 it,
1048 4097 1196 4151 mouetur.
1227 4090 1352 4160 Stans,
1369 4090 1563 4154 stabilitatem

264 4192 418 4268 siguificat.
464 4193 573 4273 Puppis
589 4193 697 4255 dicitur
713 4195 860 4272 posterior
876 4210 945 4271 pars
962 4192 1056 4259 caule,
1081 4194 1158 4252 sicut
1173 4210 1261 4271 prora
1278 4193 1419 4253 anterior.
1458 4193 1566 4256 Postea

125 4292 404 4372 p,repudientur
427 4312 477 4361 eo,
508 4294 587 4372 quod
609 4304 676 4374 post
698 4297 778 4355 lorea
800 4302 886 4355 stant.
932 4293 1126 4366 Nituutur,
1157 4295 1197 4353 ·i·
1221 4300 1367 4354 currantur
1389 4293 1563 4367 ascendere,

335 4566 423 4613 lcata
442 4563 567 4613 mnrlreunr
654 4566 750 4628 2prus
837 4564 869 4613 ad
887 4564 978 4614 addidi
1063 4560 1168 4628 3illud]
1192 4564 1270 4629 Verp.
1291 4566 1355 4614 Aen.
1376 4565 1394 4614 I
1410 4567 1445 4614 24
1534 4569 1567 4618 10

265 4628 400 4697 Salomon]
423 4632 498 4682 Pnou.
519 4635 596 4695 21‚9
674 4634 713 4736 lit}
734 4630 845 4697 tilgiosa
914 4629 1103 4700 21Virgiliue]
1125 4634 1190 4682 Aen.
1212 4631 1322 4682 Vtere
1392 4632 1531 4696 laxantque

266 4749 368 4797 nauium
387 4751 413 4798 ·i·
433 4750 523 4800 sedilia
592 4750 625 4799 27
643 4750 700 4798 sirre
718 4752 843 4815 gubernat
860 4750 911 4812 dria
981 4754 1014 4803 29
1032 4752 1117 4802 Tenus
1136 4752 1203 4817 pube
1221 4768 1268 4803 orn.
1338 4753 1370 4802 31
1389 4751 1461 4801 scilla
1530 4756 1565 4806 88

264 4830 389 4865 00¹¹utrsa
457 4821 490 4870 33
509 4817 680 4868 manifestabit
748 4820 781 4868 36
799 4817 886 4868 enimit
