3382 5476
253 383 360 434 cnvtn
664 367 713 420 DE
734 365 897 420 cnantsu
916 367 1120 420 Excutiens

256 559 294 623 13
316 563 374 621 iter
439 559 672 620 subiunctatinis
731 554 772 618 14
793 557 1015 620 subiunetatiuis
1080 557 1157 617 enim
1181 574 1238 618 om.
1306 558 1421 637 quoties
1478 574 1545 636 age·

253 663 303 724 bat
367 679 433 722 cum
456 659 657 722 declamabant
681 666 713 719 nt
735 668 806 739 aput
829 658 896 738 uiri
916 677 984 720 cum
1007 661 1090 720 uenit
1110 658 1206 720 auleis
1275 655 1317 719 20
1343 658 1373 719 id
1401 668 1545 737 tempore.

337 764 497 840 Sequitur.-
525 761 757 824 Subiunctatiuis
785 780 857 823 uero
882 796 920 806 —
944 769 974 822 et
1003 763 1046 822 sic
1069 762 1185 840 cepisse
1207 759 1336 821 ciamare
1356 786 1400 814 =
1420 780 1450 841 p.
1472 757 1545 828 226,

253 864 394 928 28-30:
428 862 469 926 28
493 864 548 924 alia
572 863 640 943 quid
705 860 748 924 29
770 862 956 925 declamauit.

338 970 454 1030 Deinde
475 968 619 1027 additur:
641 962 712 1027 Corin
735 965 778 1025 sic
799 965 934 1026 simodo
956 966 1078 1026 flnitiuis
1094 963 1141 1026 uei
1156 966 1180 1026 si
1196 966 1287 1027 iacias
1301 967 1326 1027 si
1347 967 1460 1027 iaceret
1474 966 1544 1027 dum

253 1072 386 1148 iungitur
413 1069 534 1130 finitiuis
563 1067 598 1129 ιιῐ
630 1067 700 1128 ιΙιιιιι
729 1067 815 1128 uenio
844 1068 960 1146 quoties
989 1085 1062 1128 uero
1093 1102 1129 1110 -
1159 1066 1320 1128 dummodo
1349 1068 1545 1130 contenderet

254 1201 295 1223 ==
317 1191 347 1254 p.
370 1165 442 1239 226,
465 1165 507 1231 32
533 1175 567 1244 ÷
595 1188 626 1249 p.
649 1165 721 1238 227,
748 1165 787 1228 10
808 1168 848 1248 -Ι-
874 1165 1011 1231 12-15:
1072 1167 1111 1231 13
1133 1167 1352 1231 subiunctatino
1412 1167 1452 1230 14
1473 1169 1545 1232 dum

254 1275 474 1353 contenderet..
979 1329 985 1341 ,
1372 1277 1374 1281 ’

338 1376 495 1452 Sequitur:
519 1372 590 1434 Coria
613 1392 683 1434 num
706 1392 760 1446 cup
783 1391 875 1453 quare
898 1373 967 1452 quid
990 1381 1146 1453 postquam
1169 1376 1200 1436 ni
1223 1382 1253 1435 et
1275 1375 1332 1435 nisi
1355 1372 1406 1452 (=
1428 1392 1457 1453 p.
1471 1368 1546 1442 227,

257 1475 304 1540 19.
328 1475 379 1538 22.
402 1474 458 1544 23;
482 1493 510 1553 p.
533 1471 605 1545 228,
629 1471 680 1535 22.
704 1472 755 1553 30)
779 1477 835 1536 etsi
858 1475 896 1554 (p.
912 1471 984 1545 229,
1001 1473 1032 1552 3)
1054 1485 1211 1555 antequam
1236 1475 1276 1555 (p.
1292 1472 1365 1545 228,
1380 1472 1432 1553 26)
1456 1474 1546 1535 modo

255 1581 377 1644 finitiuis
411 1578 498 1639 modo
532 1577 759 1638 subiunctatiuis
794 1579 952 1655 iunguntur
980 1579 1037 1656 (=
1058 1597 1088 1657 p.
1111 1574 1189 1648 228,
1211 1573 1275 1657 26).
1317 1584 1420 1638 contra
1449 1583 1547 1637 autem

255 1683 392 1763 superius
414 1683 546 1740 iunctum
570 1698 640 1739 uum
664 1678 714 1759 (=
738 1678 837 1759 ueluti)
862 1687 1018 1759 antequam
1048 1680 1178 1740 uenisset
1200 1678 1377 1740 disiunctum
1403 1714 1441 1721 —
1466 1678 1547 1740 niolo

255 1812 297 1834 =
319 1804 348 1865 p,
371 1780 443 1852 228,
466 1777 602 1842 27-29.
1491 1847 1500 1856 ,

341 1887 473 1947 Deinde:
496 1882 566 1944 Coria
589 1885 647 1943 iter
669 1883 806 1961 quamuis
828 1901 995 1962 quanquam
1019 1882 1114 1943 donec
1130 1884 1271 1946 dnmmob
1293 1883 1547 1945 iicetsubiuncta·

259 1990 327 2049 tiuis
348 1989 513 2064 iunguntur
535 2013 576 2035 =
598 2004 627 2065 p.
650 1982 722 2055 227,
745 1981 796 2045 26.
818 1981 869 2045 28.
895 1981 943 2045 18.
967 1982 1018 2045 27.

340 2090 491 2149 Subinde:
514 2087 573 2147 iter
596 2094 627 2146 ut
649 2084 739 2165 recep
758 2087 869 2147 smitiua
892 2094 979 2146 acuto
994 2095 1148 2147 accentum
1166 2085 1291 2148 rolatum
1308 2088 1432 2148 effertur
1448 2096 1548 2148 antem

256 2192 441 2272 quocies-
463 2189 640 2268 contempsit
663 2187 690 2247 id
715 2190 753 2248 sit
775 2189 921 2268 quomodo
944 2189 982 2249 sit
1009 2196 1042 2249 ut
1070 2206 1123 2268 pro
1151 2191 1292 2266 continuo
1315 2190 1347 2250 iit
1368 2208 1423 2268 pro
1445 2188 1494 2266 qaia
1516 2190 1549 2249 iit

257 2313 312 2375 pro
335 2295 445 2354 utinam
468 2318 510 2341 =
532 2309 561 2370 p.
584 2286 656 2359 227,
680 2287 722 2351 30
746 2325 783 2333 -
808 2308 835 2368 p.
859 2287 930 2361 228,
958 2289 984 2350 l.

341 2397 466 2456 Postea:
493 2391 643 2454 Comiter
670 2394 795 2457 utinam,
812 2393 918 2471 recipit
942 2393 1105 2472 optatiuum
1130 2394 1240 2454 utinam
1266 2396 1430 2454 uenias-
1454 2395 1548 2471 impe·

257 2497 353 2559 ratiua
376 2493 458 2575 recipi
483 2494 523 2556 uti
549 2496 590 2555 uti
614 2514 651 2555 ne
680 2494 725 2556 iac
753 2495 873 2571 quocies
900 2512 974 2555 uero
1001 2496 1086 2572 graui
1115 2503 1238 2555 accentu
1266 2496 1389 2557 offertur
1415 2497 1549 2575 optatiuo

257 2601 364 2679 recipit
387 2606 418 2658 ot
439 2597 516 2676 apud
540 2598 666 2657 cratium
689 2615 727 2656 ne
749 2597 839 2657 iacias
862 2597 974 2657 utinam
997 2625 1038 2646 =
1060 2615 1089 2676 p.
1112 2593 1184 2665 228,
1208 2594 1322 2658 8-10,

341 2701 484 2776 Sequitur
502 2701 608 2776 paralio
619 2707 705 2774 post:
727 2696 798 2760 Corin
820 2707 850 2758 at
864 2716 918 2776 pro
934 2707 1031 2758 autem
1055 2698 1094 2757 sit
1114 2707 1141 2758 et
1166 2708 1253 2779 atque
1268 2718 1323 2778 pro
1338 2708 1368 2760 et
1390 2709 1420 2760 et
1442 2719 1478 2760 an
1494 2719 1550 2780 pro

257 2822 324 2864 cum
347 2812 379 2863 ut
402 2799 480 2878 uiri.
503 2817 540 2860 an
564 2802 604 2861 mi
627 2799 773 2860 cantando
797 2802 892 2860 nictus
914 2818 972 2860 non
996 2799 1137 2861 redderet
1163 2799 1212 2860 ilie
1241 2819 1328 2880 quem
1350 2819 1478 2862 mea-
1500 2820 1549 2863 ca·

260 2923 345 2985 prum
367 2931 409 2953 =
435 2921 464 2981 p.
487 2898 560 2970 229,
584 2898 613 2962 9.
635 2897 686 2960 21.
712 2898 751 2963 15
772 2920 816 2979 sq.

341 3007 472 3066 Deinde:
501 3005 547 3064 Fit
568 3021 605 3064 an
628 3022 683 3083 pro
706 3020 778 3081 ergo
801 3002 852 3081 (=
874 3022 902 3084 p.
926 3000 997 3075 229,
1023 3000 1083 3077 19).
1117 3008 1170 3066 Ast
1197 3004 1273 3085 apud
1296 3006 1433 3083 antiquos
1456 3041 1494 3048 -
1518 3008 1550 3066 in

258 3108 347 3186 glosis
369 3107 576 3184 antiquitatum
599 3104 724 3184 legimus
746 3106 888 3185 scriptum
910 3134 951 3157 =
976 3125 1006 3186 p.
1027 3102 1099 3174 229,
1122 3103 1258 3169 30-32.

344 3212 494 3286 Denique:
516 3206 653 3288 Optatiue
676 3216 708 3268 ut
731 3225 767 3267 ne
790 3205 889 3289 ueilim
913 3207 964 3288 (=
986 3227 1015 3288 p.
1038 3205 1110 3280 226,
1126 3205 1166 3286 6).
1200 3211 1345 3271 inimitiue
1367 3208 1437 3270 dum
1454 3228 1549 3288 quan·

259 3330 347 3392 quam
372 3347 408 3356 -
434 3320 552 3411 etcum
574 3337 616 3360 ==
637 3328 665 3390 p.
689 3304 761 3380 226,
784 3306 815 3371 4.

344 3519 364 3578 i.
385 3514 447 3578 30³
469 3512 540 3575 Corio
564 3515 603 3574 ita
619 3522 686 3574 ante
701 3521 768 3593 post
781 3549 824 3558 —
838 3513 920 3576 ilium
944 3524 1012 3577 ante
1034 3545 1076 3567 =
1098 3535 1127 3596 p.
1143 3513 1216 3586 232,
1235 3513 1283 3577 19.
1298 3512 1353 3577 20:
1384 3512 1424 3576 19
1439 3524 1550 3577 motato

342 3619 501 3694 Sequitur:
524 3616 581 3675 iter
596 3635 664 3676 oum
681 3617 766 3692 tertie
788 3650 830 3660 —
852 3617 940 3698 panio
955 3626 1043 3680 tenus
1064 3644 1106 3669 =
1129 3636 1156 3696 p.
1178 3615 1250 3689 232,
1266 3615 1308 3679 33
1322 3653 1365 3666 -
1379 3636 1409 3697 p.
1424 3614 1497 3689 233,
1513 3615 1550 3679 3:

260 3741 287 3801 p.
311 3717 382 3791 232,
406 3716 447 3780 33
470 3719 662 3798 praeponitur
686 3716 800 3780 tamnu
819 3738 886 3781 cum
908 3721 959 3782 iilo

344 3822 413 3882 ibid.
450 3821 520 3884 con
541 3838 619 3880 nuno
647 3824 668 3903 q
691 3816 707 3881 ἐ
735 3822 896 3883 uerborum
925 3857 966 3868 —
989 3832 1109 3884 transeo
1130 3849 1172 3872 =
1194 3841 1223 3901 p.
1245 3818 1326 3892 231,
1350 3818 1465 3883 7-18
1488 3821 1548 3895 (cs.

261 3928 353 3988 Keilii
373 3927 511 4000 adnot.).·
539 3940 571 3982 re
594 3931 746 3983 reuertere
770 3942 803 3984 re
826 3943 969 3986 reuocare
1034 3944 1068 3984 ac
1090 3926 1213 4002 accingo
1236 3942 1267 3983 as
1289 3923 1444 4003 aspeliere.
1475 3923 1551 3984 Sunt

260 4037 345 4097 etiam
414 4030 453 4094 10
480 4033 519 4094 ιιι“ι
544 4054 559 4094 a
588 4033 669 4094 caeto
736 4032 773 4093 11
798 4033 833 4094 ad
856 4033 954 4104 iilum,
984 4038 1080 4096 altero
1103 4034 1138 4095 ad
1162 4052 1218 4095 om.
1265 4029 1331 4094 '14
1360 4037 1390 4094 in
1413 4017 1547 4114 pisimem

218 4118 223 4127 ⁸
262 4135 300 4199 16
323 4147 440 4220 praeter
463 4144 582 4215 {tracter
603 4135 685 4195 iilum
707 4137 885 4216 praeterrita
909 4139 999 4213 (sici)
1067 4134 1104 4196 17
1128 4136 1348 4215 supergredior.

345 4239 414 4300 ibid.
450 4236 521 4298 Corin
544 4237 743 4299 similiter-
766 4256 857 4318 pones
880 4241 959 4300 iuxta
980 4267 1021 4289 =
1045 4256 1073 4317 p.
1096 4235 1169 4306 231,
1191 4235 1335 4300 21—23:
1365 4233 1408 4299 22
1430 4237 1516 4300 obter

346 4341 416 4402 ibid.
451 4340 521 4402 Coria
541 4341 685 4420 quaedam
708 4340 842 4401 similitor
865 4377 905 4385 -
934 4349 1069 4401 notamus
1097 4349 1126 4400 et
1153 4349 1223 4401 sunt
1250 4340 1327 4401 inira
1356 4358 1445 4421 supra
1468 4348 1552 4403 exuo

261 4447 337 4506 intra
359 4491 472 4505 ......
494 4445 581 4519 (solii
596 4442 754 4518 particula
775 4444 907 4504 abscisso
929 4448 986 4518 est)
1015 4443 1089 4503 citra
1116 4444 1195 4504 circa
1218 4444 1297 4502 iuxta
1321 4450 1423 4503 contra
1446 4441 1552 4505 subtus

262 4565 362 4607 coram
386 4555 453 4607 ante
477 4555 543 4624 post
565 4563 657 4623 prope
681 4563 773 4622 usque
794 4573 836 4595 --·
859 4565 887 4624 p.
911 4542 982 4614 231,
1006 4541 1146 4606 24-30;
1175 4541 1218 4605 24
1239 4552 1349 4604 motato
1415 4544 1552 4606 accidunt

346 4749 397 4810 ini.
420 4747 484 4811 30b
512 4747 582 4810 eon
602 4768 630 4827 q;
654 4747 772 4810 casibus
793 4751 929 4812 seruiunt
945 4784 981 4792 —
1001 4757 1029 4809 et
1044 4759 1113 4811 suut
1134 4750 1292 4810 accusatiui
1316 4766 1400 4809 casus
1421 4748 1456 4810 ad
1473 4749 1551 4827 apud

263 4857 329 4911 anto
359 4852 517 4913 aduersum
546 4870 601 4912 con
630 4859 732 4912 contra
761 4853 873 4912 circum
902 4854 980 4913 circa
1008 4854 1126 4912 circiter
1154 4854 1228 4911 citra
1258 4852 1300 4911 cis
1323 4859 1404 4912 extra
1428 4867 1498 4928 erga
1520 4852 1552 4912 in
