3382 5476
194 371 235 435 95
708 370 776 422 nes
793 367 972 422 lucerua

193 558 309 638 Europa
339 557 462 618 Graecia
485 555 566 617 ltalia
590 556 713 618 Francia
738 554 749 637 ΙΙ
765 557 816 617 lol.
839 554 901 617 96·
917 555 928 637 ΙΙ
952 554 1042 616 Gallia
1066 555 1205 635 Hispania
1228 555 1328 617 Sicilia
1350 555 1438 618 Creta
1460 564 1493 618 et

193 668 303 721 cetera.
350 659 421 720 ltem
446 658 621 718 diminutiua
646 660 764 719 nomina
788 658 927 719 iemiuiua
944 659 974 717 in
989 676 1006 716 a
1022 656 1189 719 desinentia
1211 658 1325 738 primae
1346 665 1418 720 sunt
1439 656 1490 719 do·

193 761 369 828 minationis,
386 768 417 820 ut
440 760 513 821 haec
536 761 666 821 mensula
688 757 799 839 capella
822 759 935 819 anicula
959 758 1047 820 asella
1070 756 1195 837 gomella
1210 756 1491 821 columellalahella

194 862 299 924 tenella
323 860 432 922 tabella
456 861 563 922 sacella
579 860 692 922 misella
716 861 832 922 literula
847 858 1003 940 uulpecula
1026 861 1150 922 reticula
1173 859 1287 921 diecula
1309 858 1410 923 arcada
1424 879 1490 923 cer·

193 964 291 1026 nicola
316 974 345 1024 et
367 970 477 1025 cetera.
522 961 634 1024 Neutra
662 963 780 1024 uomina
804 964 917 1042 primae
940 960 1146 1023 declinationis
1168 964 1199 1022 in
1221 980 1238 1023 a
1260 961 1426 1025 desinentia
1446 964 1515 1024 sica

193 1066 394 1127 declinantur:
419 1064 475 1124 hoc
498 1063 610 1125 Pascha
632 1064 719 1125 huius
741 1063 871 1124 Paschae
893 1061 963 1123 huic
979 1063 1109 1125 Paschae
1131 1063 1189 1124 hoc
1204 1063 1316 1125 Pascha
1338 1082 1358 1123 o
1379 1062 1489 1127 Pascha

194 1168 230 1229 ab
253 1168 311 1228 hoc
333 1165 458 1228 Pascha:
494 1169 536 1227 sic
566 1164 755 1228 declinantur
778 1164 834 1225 hoc
857 1182 965 1224 manna
988 1163 1044 1226 hoc
1066 1164 1089 1245 †
1111 1165 1206 1227 iliaria
1229 1165 1286 1226 hoc
1307 1166 1399 1235 toria,
1421 1167 1491 1246 quia

193 1269 338 1348 pluralem
363 1286 519 1328 mimorum
542 1285 601 1327 non
619 1267 737 1328 habent.
775 1267 847 1327 ltem
871 1267 990 1326 nomina
1006 1270 1172 1327 communia
1195 1266 1323 1328 duorum
1344 1283 1489 1345 generum

193 1372 223 1430 iu
246 1389 262 1430 a
284 1369 449 1431 desinentia
471 1371 502 1429 in
519 1372 613 1448 prima
638 1366 836 1430 declinatione
860 1370 898 1426 ita
922 1365 1124 1428 declinantur:
1147 1367 1195 1429 hic
1210 1369 1328 1430 ethaeo
1351 1370 1490 1439 conuiua,

193 1470 281 1535 huius
303 1473 457 1539 conuiuae,
481 1470 551 1530 huie
573 1472 732 1539 conuiuae,
757 1468 835 1529 hunc
858 1477 887 1529 et
902 1469 978 1529 hanc
1000 1472 1170 1545 conuiuarn,
1188 1489 1205 1530 o
1221 1472 1363 1541 conutua,
1379 1469 1418 1531 ab
1433 1469 1489 1531 hoc
1501 1489 1526 1530 n

193 1582 224 1634 et
245 1571 300 1633 hac
324 1574 466 1642 conuiua,
496 1580 525 1632 et
547 1572 703 1651 pluraliter
731 1571 761 1631 hi
790 1578 820 1630 el
841 1569 897 1630 hae
920 1573 1079 1640 conuiuae,
1109 1569 1216 1633 horum
1239 1581 1268 1633 et
1290 1571 1397 1634 harum
1419 1590 1491 1634 cou-

192 1677 346 1743 uiuarum,
370 1674 416 1736 his
438 1675 589 1743 conuiuis,
613 1675 669 1737 hos
692 1680 721 1732 et
744 1672 796 1733 has
819 1674 976 1742 conuiuas,
1000 1692 1018 1732 o
1040 1673 1195 1742 conuiuae,
1218 1671 1256 1732 ah
1278 1672 1325 1734 his
1346 1673 1489 1735 conuiuis.

195 1777 244 1836 Sic
267 1775 453 1836 declinantur
475 1775 525 1835 hic
547 1783 577 1836 et
599 1776 672 1834 haec
694 1772 794 1833 accola
824 1773 919 1834 incola
942 1774 1052 1853 collega
1076 1783 1162 1835 nauta
1187 1777 1337 1854 terrigena
1360 1774 1490 1854 agricola

195 1876 334 1936 caelicola
364 1877 509 1956 parricida
537 1876 704 1952 Graiugeua
727 1875 905 1952 Troiugena.
951 1875 1024 1936 ltem
1052 1877 1172 1936 nomina
1202 1877 1370 1937 communia
1400 1877 1491 1937 trium

194 1997 337 2055 generum
361 1979 391 2038 iu
414 1979 508 2056 prima
526 1976 723 2037 declinatione
745 1977 787 2034 sic
803 1975 1004 2037 declinantur:
1028 1976 1076 2037 hic
1100 1976 1216 2037 ethaeo
1239 1976 1529 2048 ethoeaduena,1a

195 2080 281 2140 liuius
310 2079 457 2146 aduenae.
486 2080 557 2139 huic
579 2081 728 2148 adrianae,
752 2077 831 2137 hunc
854 2086 883 2137 et
909 2077 985 2139 hauc
1008 2079 1153 2140 aduenam
1182 2086 1212 2138 et
1239 2080 1296 2139 hoc
1319 2078 1448 2148 aduena.
1472 2098 1492 2140 o

194 2181 322 2254 aduena,
352 2179 469 2241 abhoc
492 2188 522 2240 et
544 2180 580 2239 ab
603 2180 659 2240 hac
690 2188 719 2240 et
746 2178 782 2239 ab
806 2178 863 2239 hoc
884 2179 998 2241 aduena
1021 2189 1051 2241 et
1077 2179 1232 2261 pluraliter
1254 2179 1284 2240 hi
1308 2189 1337 2240 et
1359 2180 1416 2241 hae
1439 2180 1494 2242 ad-

196 2302 290 2344 uenae
313 2282 438 2342 ethaeo
461 2280 591 2351 aduena,
616 2282 721 2342 horum
745 2290 775 2341 et
797 2281 901 2342 harum
925 2291 954 2343 et
977 2281 1083 2343 horum
1107 2282 1305 2351 aduenarum,
1328 2280 1377 2343 his
1399 2280 1492 2344 adue·

195 2389 256 2452 nis.
281 2383 335 2443 hos
362 2393 392 2444 et
414 2383 466 2443 has
489 2383 618 2444 aduenas
641 2392 670 2443 et
691 2383 765 2443 haec
789 2383 917 2452 aduena,
947 2403 964 2443 o
988 2383 1121 2444 aduenae
1144 2391 1173 2444 et
1195 2402 1213 2443 o
1236 2383 1360 2452 aduena,
1383 2381 1422 2445 ah
1445 2384 1495 2447 his

197 2488 330 2548 aduenis.
368 2485 431 2546 Hoc
447 2493 492 2546 est
506 2505 629 2559 nomeu,
654 2484 731 2564 quod
748 2484 855 2545 dicitur
870 2485 998 2545 aduena:
1022 2484 1087 2544 alii
1111 2485 1220 2555 dicunt,
1238 2484 1316 2564 quod
1333 2502 1533 2549 communem

192 2591 230 2650 sit
252 2589 378 2649 duorum
403 2605 561 2665 generum,
585 2586 638 2648 sed
662 2587 782 2654 melius,
813 2594 845 2647 ut
867 2593 1043 2646 auctores
1066 2586 1198 2653 tradunt.
1228 2588 1317 2647 trium
1344 2604 1494 2666 generum

194 2709 361 2752 commune.
408 2688 613 2750 diciturenim
637 2691 877 2768 ‘mancipium
900 2688 968 2749 hoc
984 2687 1127 2748 aduena
1151 2690 1222 2749 est'
1247 2696 1277 2748 et
1298 2689 1402 2750 inalio
1424 2687 1495 2751 loco

149 2837 156 2848 .
193 2798 297 2853 ‘ossa
321 2791 490 2852 adueua'.
536 2791 776 2852 Cominiauus
799 2799 896 2851 aretem
918 2790 1005 2850 dixit:
1029 2791 1222 2851 Commune
1244 2792 1355 2850 trium
1376 2808 1495 2869 geue·

194 2913 270 2954 rum
300 2893 333 2951 iu
358 2912 373 2951 a
397 2909 506 2951 unitur
530 2892 649 2961 uenit,
678 2900 717 2952 ut
740 2892 798 2952 hic
821 2902 853 2952 et
878 2892 967 2952 haec
996 2899 1031 2950 et
1052 2891 1121 2951 hoc
1144 2910 1272 2971 nequa.
1317 2891 1496 2955 Promiscua

194 2997 237 3055 sic
261 2993 459 3060 declinantur,
484 3001 515 3052 ut
539 2991 586 3053 hic
609 2992 656 3052 uel
680 2992 754 3053 haec
776 2991 883 3069 aquila,
907 2993 996 3054 huius
1018 2992 1142 3072 aquilae,
1167 2993 1238 3053 huic
1259 2992 1385 3073 aquilae,
1408 2992 1536 3059 huncas

193 3094 241 3156 uel
265 3093 342 3153 lianc
364 3091 500 3170 aquilam,
524 3114 542 3153 o
565 3094 670 3173 aquila,
694 3094 731 3154 ah
754 3094 811 3154 hoc
833 3092 881 3155 uel
904 3094 940 3155 ab
963 3095 1017 3154 hac
1033 3094 1138 3174 aquila,
1163 3104 1192 3154 ct
1214 3093 1368 3174 pluraliter
1390 3093 1422 3155 hi
1443 3095 1494 3158 uel

193 3196 249 3256 hae
272 3194 398 3276 aquilae,
421 3194 528 3254 horum
550 3194 599 3255 uel
614 3195 720 3257 harum
743 3196 917 3273 aquilarum,
942 3196 988 3254 his
1003 3195 1119 3274 aquilis,
1143 3196 1197 3256 hos
1221 3197 1268 3258 uel
1291 3195 1344 3257 has
1366 3195 1493 3277 aquilas,

192 3296 362 3378 caquilae‚
386 3297 423 3357 alr
446 3295 493 3356 his
515 3296 631 3376 aquilis.
675 3298 733 3358 Sed
756 3307 854 3358 tamen
884 3299 961 3359 scire
984 3297 1090 3366 debes,
1118 3298 1197 3378 quod
1224 3297 1298 3359 haec
1320 3299 1493 3377 promiscua
1560 3292 1564 3297 ’

163 3467 166 3471 ‚
194 3402 327 3468 nomina,
351 3397 422 3459 licet
444 3400 505 3459 sint
526 3400 631 3461 incerti
654 3402 786 3479 generis,
816 3399 872 3460 sub
896 3419 955 3460 uno
978 3398 1102 3460 articulo
1126 3407 1262 3460 auctores
1284 3401 1493 3479 pronuntiant.

192 3501 253 3563 etta
282 3520 316 3561 cx
347 3500 395 3563 his
422 3501 565 3562 feminino
593 3502 717 3563 articulo
746 3502 896 3563 declarant
930 3510 1053 3581 propter
1085 3502 1211 3561 iormam
1239 3510 1270 3562 et
1301 3501 1536 3581 superficiemao

194 3607 277 3672 soni.
301 3610 334 3663 ut
356 3602 429 3662 haec
452 3602 565 3682 aquila,
582 3606 650 3684 quia
673 3605 791 3665 nomina
815 3607 845 3664 in
869 3623 888 3664 o
911 3603 1074 3663 desinentia
1098 3587 1224 3663 maxime
1247 3603 1386 3663 lerninina
1410 3612 1492 3665 sunt.

195 3703 258 3765 Alia
281 3722 355 3765 uero
378 3705 546 3782 promiscua
570 3706 732 3767 masculino
755 3704 879 3766 articulo
902 3705 1102 3772 manifestam,
1126 3712 1158 3765 ut
1180 3704 1228 3765 hic
1250 3722 1361 3765 coruus
1389 3712 1420 3767 et
1441 3703 1494 3766 hic

193 3825 309 3886 passer.
339 3807 408 3885 quia
423 3805 452 3866 iu
469 3806 521 3868 has
537 3809 759 3870 terminationes
775 3806 934 3868 masculina
952 3807 1070 3866 nomina
1088 3808 1295 3867 terminantur.
1325 3807 1493 3869 Priscia-

195 3927 261 3969 nus
283 3908 369 3968 dixit:
393 3908 612 3986 promiscuum,
637 3916 670 3969 ut
692 3909 787 3988 talpae
811 3916 840 3969 et
863 3908 1007 3976 dammae,
1032 3907 1264 3986 utVirgilius
1285 3910 1398 3988 primo:
1421 3911 1494 3970 hut

192 4008 316 4071 oculis
339 4011 441 4088 capti
465 4009 595 4071 ledere
619 4009 760 4071 cubilia
782 4009 918 4090 talpae.
963 3997 1058 4070 idem:
1083 4010 1169 4072 Cum
1191 4010 1345 4072 canibus
1366 4010 1533 4074 timidias

193 4150 419 4158 —-.a-—-.--..—-

261 4235 393 4296 leorope
445 4230 540 4293 hytalia
591 4230 689 4280 scancia
741 4225 1009 4297 goiiil.9d¹ssgnllin
1062 4232 1169 4296 espania
1237 4230 1403 4281 3colomella
1471 4234 1491 4282 4

191 4299 283 4349 tenelle
328 4298 457 4363 irrripieuln
500 4299 599 4348 diecula
613 4298 732 4347 ornacula
806 4298 922 4348 titiana
941 4297 988 4345 hoc
1008 4295 1083 4364 toria]
1104 4299 1190 4364 Supra
1201 4316 1228 4363 p.
1239 4303 1282 4365 92,
1293 4303 1326 4348 12
1338 4299 1492 4350 dicebantur

191 4369 281 4417 ecdem
297 4368 421 4417 uocabula
439 4365 545 4414 ‘hiliria’
564 4374 590 4415 et
608 4366 747 4416 ‘hieronem
814 4356 981 4417 Sndmerum
1034 4382 1127 4430 genera
1182 4368 1276 4416 9item
1294 4368 1456 4417 declinentur

191 4436 237 4484 hec
255 4437 375 4484 cirniuiun
433 4432 518 4481 ll.hii
571 4436 602 4483 13
619 4437 741 4499 terriginae
759 4433 872 4499 agriculo
890 4433 993 4482 caliculo
1063 4436 1093 4482 14
1111 4449 1248 4502 commune
1317 4436 1348 4484 16
1366 4434 1490 4485 huioud·

192 4517 272 4552 uenae
290 4519 336 4553 om.
406 4502 436 4549 l'i
456 4499 491 4548 hii
578 4504 610 4551 19
630 4502 676 4552 hos
695 4502 741 4551 hus
826 4503 857 4550 21
878 4504 900 4550 si
918 4502 1009 4551 melius
1079 4505 1111 4552 22
1130 4504 1282 4568 mancipium
1351 4505 1385 4554 23
1403 4502 1490 4554 Comi-

192 4568 294 4635 uinuus]
314 4582 446 4623 commun:
470 4569 504 4631 es.
525 4569 622 4619 Choria.
640 4587 666 4634 p.
686 4573 731 4632 53,
750 4573 786 4619 23
804 4570 832 4620 K
882 4567 958 4633 dixit]
976 4570 1089 4620 diximus
1159 4573 1192 4620 24
1211 4572 1386 4636 promiscuum
1455 4573 1490 4621 25

191 4640 231 4687 uel
249 4639 311 4687 haec
329 4636 369 4686 uei
387 4635 473 4697 aquila
524 4638 558 4685 26
576 4636 610 4686 hii
662 4639 695 4687 28
713 4638 790 4687 huius
808 4639 952 4703 promiscua
1005 4641 1037 4689 29
1056 4640 1150 4688 incerto
1231 4643 1264 4690 30
1282 4638 1403 4688 lemiuinn
1456 4642 1488 4689 31

192 4705 267 4755 hrrius
285 4705 371 4768 aquila
422 4704 608 4753 indesinentia
676 4709 709 4755 32
727 4705 769 4754 ulii
820 4709 963 4771 capesses
1016 4705 1150 4769 lllllicrriina
1202 4704 1360 4773 Priscianus]
1380 4708 1447 4771 “s-J
1461 4725 1489 4772 p.

193 4775 252 4890 ἕξ,
272 4777 347 4890 {Im
364 4774 404 4891 ²3⁸}
423 4772 488 4838 calpe
506 4784 530 4822 et
547 4773 638 4823 danrue
708 4773 832 4840 Virgilius
854 4771 950 4841 primo]
976 4775 1155 4838 Georgicorum
1171 4793 1195 4825 a.
1216 4779 1267 4826 183
1353 4779 1387 4826 3ὃ
1406 4772 1488 4845 idem]

217 4856 248 4890 c·
366 4847 372 4863 .
