3382 5476
709 286 922 340 BERNENSIS.
1404 289 1462 352 111

168 474 190 532 ti
212 473 263 541 tio,
288 472 372 533 datus
388 473 409 533 ti
425 472 475 542 tio,
498 490 594 534 nexus
615 473 645 533 xi
667 474 725 544 xio,
749 475 900 553 perlectus
921 476 1046 554 perlecti
1068 474 1222 555 perfectio.
1258 476 1320 538 Alia
1344 478 1463 537 nomina

168 573 360 633 inueniuntur
388 573 417 631 in
446 571 484 631 do
512 572 676 633 desinentia
703 574 845 636 feminina
873 576 1038 637 deriuatiua
1060 585 1119 637 mm
1143 577 1354 639 a·nominibus
1375 594 1462 655 quarn

167 693 183 734 a
218 673 320 734 uerbis
353 673 400 735 uel
434 675 597 753 participiis
629 676 788 736 uenientia.
844 676 925 738 llaec
957 695 1075 757 quoque
1106 676 1262 755 aliquando
1296 698 1313 739 e
1346 677 1462 756 longam

168 771 181 855 j]
200 775 219 834 l.
237 771 312 835 103·
329 772 341 854 ΙΙ
358 783 388 834 et
410 768 566 854 aliquando
589 778 599 835 i
622 774 739 854 longam
762 776 973 855 paenultimam
997 778 1115 849 babent,
1141 780 1265 841 ethaeo
1287 782 1385 841 omnia
1404 790 1462 840 ter·

139 877 224 936 stiae
246 874 451 937 declinationis
473 884 551 947 sunt,
575 886 607 938 ut
624 879 702 938 acris
716 878 824 938 acredo
839 878 935 940 dulcis
950 879 1076 941 dulcedo
1091 882 1255 959 intercapio
1270 880 1463 960 intercapedo

165 984 269 1056 torpeo
297 976 422 1057 torpedo
449 976 523 1038 libet
548 977 640 1038 libido
668 980 755 1058 cupio
777 981 898 1059 cupido,
927 983 998 1040 item
1021 981 1149 1043 lormido
1172 982 1313 1043 formidas
1335 983 1463 1043 lormido

165 1078 341 1139 lormidinis
386 1080 424 1139 Et
451 1081 549 1140 omnia
579 1082 698 1140 nomina
720 1082 751 1140 in
775 1081 844 1141 tudo
868 1082 1033 1143 desinentia
1055 1082 1212 1144 diriuatiua
1235 1090 1305 1144 sunt
1326 1093 1356 1144 et
1376 1084 1463 1144 lemi-

165 1181 235 1240 nina
264 1189 294 1241 et
321 1183 425 1241 tertiae
449 1180 654 1242 declinationis
676 1200 696 1241 u
717 1180 930 1261 paenultimam
951 1182 1069 1262 longam
1093 1183 1231 1246 babentia
1253 1185 1393 1262 genetiuo
1416 1203 1462 1245 se·

166 1283 279 1343 cundae
301 1282 507 1344 declinationis
529 1283 643 1343 adiecta
665 1284 747 1353 tudo,
769 1293 803 1346 ut
823 1292 926 1345 rectus
947 1287 1023 1346 recti
1043 1287 1201 1356 rectitudo,
1224 1288 1269 1347 sic
1291 1286 1463 1364 magnitudo

127 1406 152 1444 m
165 1383 311 1445 celsitudo
334 1382 456 1444 altitudo
478 1384 625 1445 rectitudo
648 1385 812 1446 crassitudo
835 1384 990 1464 longitudo
1012 1390 1021 1448 i
1043 1388 1293 1469 antepaenultima
1316 1397 1462 1467 correpta.

165 1485 227 1546 Alia
249 1504 266 1545 a
289 1486 389 1546 datiuo
416 1487 520 1546 tertiae
543 1485 750 1548 declinationis
771 1489 911 1558 ueniunt,
939 1497 972 1548 ut
993 1488 1098 1549 similis
1120 1489 1225 1550 similis
1248 1487 1337 1550 simili
1359 1488 1462 1549 simili-

165 1584 246 1656 tudo,
269 1589 312 1646 sic
334 1586 485 1647 dulcitudo
507 1587 663 1647 suauitudo
686 1588 838 1649 fortitudo.
875 1588 947 1650 ltem
971 1599 1045 1652 testa
1067 1593 1132 1652 siue
1155 1600 1232 1652 testu
1250 1591 1321 1652 lacit
1335 1590 1461 1658 testudo,

165 1689 243 1765 quod
266 1698 311 1749 est
333 1687 503 1768 corporale;
527 1688 583 1749 alia
605 1691 685 1750 enim
707 1692 836 1761 nomina,
859 1709 936 1771 quae
957 1692 1087 1753 diximus
1108 1693 1139 1751 in
1159 1691 1238 1763 tudo,
1262 1691 1461 1771 incorporalia

164 1799 243 1851 sunt.
288 1790 361 1851 ltenr
390 1790 518 1851 hirundo
544 1790 681 1873 barundo
710 1812 729 1853 u
754 1792 909 1871 producta.
955 1793 1033 1855 llaec
1056 1811 1128 1872 ergo
1151 1796 1269 1854 nomina
1292 1794 1323 1854 in
1346 1812 1364 1853 o
1386 1792 1461 1854 desi·

111 1912 152 1964 ,ro
165 1894 276 1962 nentia,
298 1898 331 1951 ut
354 1895 394 1952 ait
417 1893 647 1963 Priscianus,
671 1912 689 1953 o
711 1901 833 1954 seruant
853 1895 884 1955 in
906 1897 1059 1972 genetiuo,
1084 1895 1214 1975 exceptis
1235 1912 1343 1955 nouem
1367 1895 1461 1955 nomi·

166 1992 266 2053 nibus:
290 1994 338 2053 bic
360 1993 434 2054 ordo
458 1995 581 2063 ordinis,
604 1993 653 2054 bic
674 1994 765 2055 cardo
787 1996 930 2067 cardinis,
953 1998 1001 2058 hic
1024 1995 1138 2077 Cupido
1160 1997 1322 2077 Cupidinis,
1345 1995 1463 2074 quando

165 2098 319 2175 proprium
343 2095 401 2166 dci,
425 2097 600 2157 lemininum
623 2115 704 2167 uero,
727 2099 852 2173 quando
872 2099 968 2178 ipsam
990 2117 1064 2167 rem,
1088 2098 1161 2159 baec
1177 2097 1285 2178 cupido
1300 2097 1462 2177 cupidinis;

164 2197 213 2258 bic
236 2215 339 2275 margo
362 2199 513 2276 marginis,
537 2199 586 2258 hic
608 2206 639 2258 et
660 2198 734 2259 baec
756 2199 846 2259 homo
868 2198 1006 2268 bominis,
1029 2201 1079 2262 bic
1093 2209 1123 2262 et
1136 2203 1212 2262 boec
1226 2217 1311 2261 nemo
1325 2203 1461 2269 nemiar's,

164 2297 268 2376 Apollo
290 2299 432 2378 Apollinis
455 2308 593 2380 correpta
614 2301 812 2381 paenultima;
841 2301 915 2361 Anio
937 2308 1036 2360 autem
1059 2309 1088 2361 et
1109 2302 1203 2362 Anien
1232 2301 1344 2381 duplici
1366 2303 1461 2361 nomi·

109 2421 151 2471 rao
164 2402 266 2461 natiuo
288 2403 449 2480 profertur,
473 2404 612 2480 genetiuo
634 2404 769 2469 Anienis;
793 2401 842 2461 bic
864 2401 951 2462 turbo
975 2401 1111 2472 turbinis,
1135 2403 1253 2480 quando
1275 2401 1312 2463 de
1333 2405 1364 2462 ui
1387 2420 1459 2462 uen-

164 2509 262 2563 torum
290 2503 453 2582 loquimur;
488 2523 555 2565 nam
584 2506 609 2564 si
637 2507 676 2565 sit
703 2505 873 2583 proprium,
901 2510 1002 2563 seruat
1030 2523 1048 2562 o
1076 2505 1106 2563 in
1134 2505 1273 2579 genetiuo
1300 2503 1459 2565 Turbonis.

164 2604 237 2665 ltem
259 2602 334 2665 baec
356 2624 427 2665 caro
449 2596 560 2666 carnis:
585 2613 615 2665 et
636 2605 710 2666 haec
732 2607 830 2666 earnis
851 2605 1033 2665 nominatiuo
1056 2606 1167 2683 antiqui
1190 2605 1339 2666 dicebant.
1421 2589 1422 2593 ¹

248 2705 280 2765 ln
303 2705 331 2766 al
354 2715 521 2786 correptam
543 2715 616 2786 quot
637 2725 746 2786 genera
769 2706 981 2767 inueniunturl
1018 2706 1090 2778 lluo,
1114 2706 1171 2767 boc
1193 2715 1239 2767 est
1255 2706 1416 2768 masculina
1431 2714 1461 2767 et

163 2816 287 2869 neutra:
316 2811 435 2888 propria
464 2816 563 2867 autem
584 2813 755 2870 masculina
776 2815 861 2887 saort,
888 2819 922 2868 ut
943 2807 1089 2869 Hannibal
1111 2808 1260 2870 Adherbal
1282 2806 1459 2876 Hasdrubal,

122 2933 150 2972 aa
164 2901 340 2990 appellatiua
368 2920 465 2970 autem
489 2912 518 2968 iu
541 2909 569 2969 al
591 2909 755 2972 desinentia
784 2908 929 2972 neutralia
955 2919 1037 2981 sunt,
1066 2917 1099 2972 ut
1121 2911 1178 2971 hoc
1200 2908 1309 2971 animal
1329 2909 1459 2970 ceruical

162 3011 289 3089 uectigal
317 3009 465 3091 †crismal
493 3011 633 3073 tribunal.
683 3013 838 3093 Excipitur
871 3031 963 3075 unum
998 3031 1121 3082 nomen,
1154 3012 1233 3092 quod
1263 3011 1459 3072 masculinum

163 3122 209 3174 est
236 3125 266 3173 et
293 3115 323 3172 in
351 3114 378 3174 al
407 3112 582 3192 productam
605 3118 796 3186 terminatur,
827 3124 859 3175 ut
882 3115 930 3175 bic
952 3114 994 3176 sal
1017 3114 1105 3175 huius
1125 3113 1195 3174 salis
1216 3113 1285 3173 buic
1307 3113 1360 3174 sali
1382 3112 1460 3174 bunc

161 3214 255 3276 salem
279 3234 296 3275 o
318 3214 361 3275 sal
385 3214 423 3274 ab
445 3215 501 3275 boc
523 3214 594 3278 sale.
639 3215 710 3276 lnde
733 3215 849 3296 Caper
871 3217 958 3277 dicit:
987 3215 1055 3276 llle
1083 3216 1159 3277 sale
1187 3232 1362 3295 aspersus
1384 3215 1459 3274 llu-

162 3334 296 3378 sarum.
340 3316 406 3377 Non
434 3319 490 3377 erit
518 3315 575 3377 hoc
600 3317 643 3377 sal
666 3328 697 3378 et
717 3318 773 3379 bae
796 3316 886 3389 sales,
915 3317 966 3378 sed
990 3312 1123 3389 ἑνικῶς,
1151 3316 1231 3377 idest
1251 3318 1282 3376 in
1305 3313 1458 3392 singulari,

123 3421 229 3489 merit,
252 3418 331 3498 quod
354 3418 480 3479 edimus.
517 3417 591 3479 ltem
615 3419 645 3479 bi
667 3417 745 3479 sales
766 3419 920 3498 pluraliter
941 3418 1117 3480 urbanitatis
1133 3419 1267 3487 alicuius,
1291 3424 1335 3476 ut:
1360 3415 1460 3477 sales

162 3522 266 3581 intus
294 3521 327 3579 ei
354 3520 637 3581 adhaerescunt
683 3521 755 3581 ltem
779 3520 995 3582 Priscianus
1017 3521 1102 3581 dicit:
1131 3518 1227 3579 inal
1256 3534 1363 3577 unum
1393 3534 1458 3576 oo·

162 3640 244 3683 rnen
267 3621 560 3702 monosyllabum
583 3622 826 3683 masculinum
849 3623 1059 3689 inuenitur,
1082 3618 1274 3680 uthicsal.
1313 3618 1457 3678 'leren-

162 3726 238 3785 tius
270 3724 379 3784 dicit:
413 3726 475 3801 qui
508 3723 622 3785 babet
655 3727 754 3785 inse
783 3723 906 3784 salem.
958 3721 1162 3784 Salustius:
1197 3738 1316 3797 neque
1345 3718 1458 3780 salem

163 3844 285 3905 neque
308 3823 380 3887 alia
402 3827 647 3888 inritamenta
670 3826 780 3904 gulae
803 3824 1015 3905 quaerebat
1059 3825 1310 3886 Inueniuntur
1337 3829 1458 3881 tamen

232 4015 244 4061 1
264 4014 339 4062 uatus
358 4016 375 4063 o
395 3983 443 4080 ull]
476 4014 533 4062 Aa:
559 4014 661 4064 amarus
687 4014 766 4063 amru
795 4012 908 4063 durator
994 4014 1134 4061 eueniunt
1219 4005 1370 4058 ttoemtdts
1388 4006 1414 4053 an
1433 4016 1460 4053 ιιι

162 4081 306 4131 desinentia
374 4083 546 4132 9habentiam
617 4086 649 4132 10
665 4079 786 4147 altitudo]
805 4080 926 4131 habitudo
979 4075 1112 4142 rectitudo]
1131 4077 1195 4137 Quia
1213 4075 1361 4124 ‘rectitudo'
1378 4089 1461 4136 paru·

163 4151 247 4214 ιὶίριια
264 4151 382 4211 maluit,
405 4151 476 4200 atiud
493 4150 637 4200 uocabulum
655 4152 680 4199 εἰ
696 4151 744 4200 boc
760 4154 817 4201 loeo
833 4149 983 4208 rubratam,
999 4147 1063 4209 sort.
1081 4144 1206 4194 certimdo
1277 4144 1308 4190 ll
1327 4155 1342 4188 a
1359 4134 1459 4202 datiuo]
1551 4178 1554 4183 .

162 4218 274 4266 ablatiuo
350 4221 380 4266 12
399 4216 423 4268 lr‘
442 4229 490 4266 tem
510 4230 574 4267 testa
661 4221 691 4267 14
710 4218 812 4266 nomina
830 4220 855 4267 io
943 4219 974 4264 lb
992 4209 1150 4275 Priscianus]
1170 4211 1204 4272 cs.
1224 4210 1241 4258 1
1257 4225 1285 4272 p,
1304 4209 1426 4270 2ddrep.

161 4296 284 4334 useruant
352 4287 384 4334 16
401 4287 475 4335 eardo
545 4287 576 4336 l’l
593 4285 716 4335 feminino
734 4300 795 4335 uero
813 4287 896 4350 ipsam
967 4281 998 4329 18
1016 4280 1127 4328 bominis
1144 4273 1242 4342 apollo]
1262 4275 1365 4356 ‘deno'
1383 4289 1462 4352 uoco·

162 4353 251 4412 butun,
269 4355 302 4403 de
320 4369 368 4418 quo
387 4358 440 4418 opit
458 4354 569 4402 Prisc!
579 4370 608 4418 p.
619 4353 679 4418 207,
690 4357 715 4413 2,
734 4354 765 4403 ab
783 4352 935 4409 latuerat,
954 4349 1064 4414 preinde
1082 4361 1169 4396 nouem
1186 4342 1326 4422 nominebus
1342 4347 1463 4419 exceptu

162 4427 253 4471 auctor
269 4424 366 4471 locutam
383 4429 430 4472 eat.
526 4423 557 4470 19
575 4423 678 4487 dupluci
764 4423 797 4471 23
815 4419 864 4470 boc
881 4414 963 4466 θεὼ
980 4414 1122 4463 masculina
1143 4425 1251 4478 proprra
1273 4420 1317 4458 aut
1342 4407 1463 4484 carrorual

161 4487 266 4538 eteriual
284 4489 396 4537 astruual
465 4491 498 4538 25
515 4491 622 4538 eernieal
641 4487 748 4537 cernical
766 4485 874 4552 uectigal
891 4483 993 4533 crismal
1072 4484 1107 4532 26
1124 4491 1189 4542 quot
1279 4478 1313 4526 27
1330 4475 1381 4524 boe
1398 4475 1464 4523 salis

160 4557 195 4606 28
213 4552 308 4621 Caper]
328 4558 360 4606 de
378 4559 561 4621 ortdopraplu‘a
576 4575 604 4622 p.
623 4559 707 4619 2244,
726 4559 760 4604 24
778 4556 825 4604 Ρ..·
851 4554 895 4601 llle
912 4551 965 4599 sale
983 4564 1105 4614 aspersus
1124 4560 1163 4597 est
1182 4547 1325 4623 Musarum,
1343 4556 1394 4620 non
1412 4541 1465 4619 boc

161 4624 200 4674 sal
219 4626 259 4673 uel
278 4625 353 4674 sales.
390 4624 441 4674 Sed
460 4625 486 4673 lri
503 4642 517 4673 e
534 4626 572 4674 sal
591 4627 651 4682 erit,
671 4624 739 4684 quod
758 4624 866 4684 edimus,
886 4620 911 4667 lri
929 4618 996 4666 sales
1015 4616 1146 4681 pluraliter
1164 4614 1324 4690 urbanitates
1342 4609 1464 4661 alrcurus,

161 4692 200 4744 sal
218 4707 341 4758 aspersus
392 4695 425 4742 29
443 4703 467 4742 et
484 4693 532 4742 hae
549 4694 602 4742 asle
620 4693 666 4741 sed
678 4691 719 4739 bic
731 4693 818 4739 enices
868 4690 965 4747 :loquo
977 4684 1077 4732 edimus
1128 4685 1160 4732 31
1175 4683 1200 4730 in
1215 4693 1281 4728 tussa
1293 4677 1467 4725 subcrescunt

196 4759 353 4825 Priscianus]
371 4762 406 4824 rs.
423 4762 440 4810 I
455 4779 482 4826 p.
503 4763 590 4819 um
608 4775 661 4826 seq.
729 4761 762 4809 32
780 4755 913 4807 terrentius
965 4754 999 4803 33
1016 4751 1144 4801 saluscius
1214 4750 1248 4799 at
1264 4743 1325 4812 gule
1341 4744 1467 4806 querebat
