3382 5476
691 397 772 449 COD.
792 398 897 448 BERN.
919 399 956 447 lli.
1405 415 1475 461 XLV

258 590 279 646 1.
299 589 380 648 108·
396 589 446 645 ool.
466 590 481 644 1
506 589 638 661 liactylica
660 587 772 643 iambica
796 598 824 643 et
847 587 982 643 trooliaira
1006 596 1092 643 metra
1111 605 1126 643 a
1142 587 1256 662 pedibus
1279 597 1344 644 suut
1367 600 1472 646 uocata.

160 674 310 747 Dactylica
333 683 417 729 metra
439 673 597 748 principalia
621 682 701 743 sunt,
729 671 865 745 recipiunt
889 660 977 727 tanien
1000 672 1135 745 dactylum
1158 673 1254 745 pedem
1277 681 1305 728 et
1328 675 1472 748 spondium

161 760 241 816 loeis
266 757 410 828 omnibus,
433 760 459 813 in
482 757 535 813 line
558 767 664 815 tautum
687 757 854 816 trochaeum.
898 756 1034 829 liactylico
1059 765 1145 814 metro
1168 756 1274 813 iambus
1295 774 1404 832 semper
1425 760 1473 815 ad-

163 846 286 900 iunctus
309 852 361 899 est.
404 842 495 898 Altero
518 844 589 898 enim
612 841 713 916 praelia
734 843 872 912 dicuntur,
898 842 985 898 altero
1007 841 1144 898 clarorum
1167 841 1306 898 hominum
1329 844 1387 898 uita
1408 859 1472 899 con·

131 929 306 984 ascribitur
330 928 445 1000 ideoque
467 927 518 983 sibi
540 927 677 984 coniuncti
701 932 774 983 suut.
817 925 963 999 Recipiunt
984 934 1074 983 auteur
1098 936 1181 982 metra
1205 926 1318 983 iambica
1340 926 1408 983 locis
1432 929 1472 983 in·

162 1013 287 1087 paribus
321 1013 373 1068 laos
406 1013 527 1086 quinque
555 1012 653 1086 pedes,
682 1011 752 1066 idest
781 1010 899 1066 iambum
923 1003 1078 1085 tribrachyn
1107 1011 1252 1085 spondium
1279 1011 1415 1086 dactylum
1444 1022 1473 1068 et

163 1106 369 1169 anapaestum,
397 1096 465 1152 locis
493 1106 583 1152 autem
614 1095 726 1170 paribus
756 1103 860 1152 tautum
889 1094 1006 1151 iambum
1035 1095 1079 1153 uel
1104 1096 1276 1170 tribrachym
1306 1097 1472 1170 pyrrichium

162 1182 235 1238 loco
259 1190 365 1237 tantum
387 1180 483 1237 ultimo
506 1183 543 1236 ita
567 1190 671 1251 tamea,
697 1189 728 1237 ut
754 1180 903 1236 multorum
926 1179 1049 1237 breuium
1072 1181 1197 1237 iunctura
1221 1182 1334 1238 uitetur.
1379 1183 1472 1255 liacty·

164 1265 256 1323 licum
280 1268 434 1323 trimetrum
456 1273 563 1322 constat
585 1282 616 1322 ex
637 1264 746 1339 dactylo
769 1265 884 1322 trocheo
906 1273 934 1320 et
955 1265 1072 1339 spondio
1095 1267 1154 1322 siue
1169 1282 1200 1321 en
1216 1265 1324 1339 dactylo
1342 1266 1471 1322 trochaeo

120 1364 149 1402 no
164 1360 196 1407 et
222 1351 341 1425 spondio
363 1352 415 1407 lroc
436 1351 572 1425 exemplo:

578 1437 755 1510 ‘ingenus
778 1435 1044 1491 hoomemento.

259 1519 480 1577 t.137²c01.2
502 1520 642 1594 Elegiacns
671 1528 841 1594 pentameter
870 1520 982 1576 heroico
1008 1536 1118 1594 semper
1140 1521 1283 1577 adiunctus
1306 1528 1357 1577 est.
1402 1519 1472 1576 Con·

168 1615 228 1661 stat
256 1613 346 1660 autem
376 1606 491 1678 spoudio
518 1605 580 1661 loco
609 1605 696 1679 primo
723 1613 752 1661 et
774 1605 893 1661 secundo
916 1603 1025 1678 ‹lactylo
1049 1604 1116 1661 locis
1139 1604 1265 1661 omnibus
1288 1605 1420 1660 catalecto
1444 1607 1470 1660 iu

169 1689 263 1746 medio
286 1698 314 1745 et
338 1691 364 1744 in
388 1689 456 1760 line,
479 1698 509 1745 ut
531 1698 573 1746 ost
596 1691 663 1747 hoc:

126 1787 155 1826 ιε
379 1773 457 1830 Plus
478 1791 576 1848 quam
601 1775 700 1831 turrira
725 1775 826 1845 iacit,
850 1777 909 1848 qui
933 1791 993 1829 sua
1017 1774 1120 1830 corda
1144 1773 1267 1831 domat.

257 1906 304 1967 Ile
325 1914 451 1967 accentu
472 1914 501 1965 et
520 1905 664 1982 posituris
683 1908 778 1968 doec:

256 2027 447 2085 t.5·eot.1.
490 2030 625 2085 Accentus
651 2037 695 2085 est
723 2029 811 2084 anima
840 2028 986 2085 uerborum
1016 2027 1076 2084 siue
1104 2045 1157 2084 uox
1185 2027 1322 2102 syllabae,
1351 2046 1420 2102 quae
1444 2031 1470 2084 in

169 2129 298 2170 sermone
328 2111 391 2187 plus
419 2122 499 2168 sonat
521 2112 554 2168 de
575 2115 674 2171 ceteris
702 2111 823 2187 syllabis.
867 2116 1001 2170 docentus
1027 2121 1117 2170 autem
1140 2131 1154 2169 a
1177 2121 1258 2170 cautu
1280 2121 1395 2170 uocatus
1417 2121 1470 2184 est,

169 2199 235 2272 qula
259 2199 287 2253 in
312 2199 372 2270 ipso
395 2204 475 2253 cantu
497 2199 658 2271 producitur
679 2196 829 2254 modulatio
852 2199 939 2255 uocis.

256 2281 276 2338 l.
294 2281 422 2339 872001.
439 2281 468 2337 1.
497 2284 634 2339 commata
650 2292 714 2338 sunt
729 2283 877 2357 particulae
893 2300 1021 2340 sensuum
1039 2282 1139 2340 Graece
1161 2282 1260 2352 dictae,
1282 2284 1346 2355 quia
1368 2299 1470 2339 conexa

127 2368 277 2425 solaciuut
310 2365 378 2422 cola.
426 2367 490 2422 Nam
522 2369 660 2441 praecisus
695 2384 792 2424 seusus
821 2385 924 2424 comma
952 2368 1067 2440 ‹licitur,
1102 2375 1133 2424 ut
1165 2376 1231 2440 aput
1258 2367 1470 2442 Vergilium:

168 2450 263 2509 ‘Arma
293 2453 437 2525 uirumque
463 2451 544 2508 cano'
573 2469 676 2508 comma
704 2461 761 2524 est,
791 2453 900 2510 ‘Troiae
928 2455 976 2527 qui
1004 2453 1109 2526 primus
1136 2452 1172 2507 ao
1194 2453 1265 2508 oris’
1289 2468 1392 2508 comma
1416 2459 1469 2522 est,

168 2535 286 2593 ‘ltaliam
314 2535 370 2591 lato
397 2536 545 2610 prologus'
566 2537 661 2611 sicque
689 2554 777 2610 usque
799 2537 978 2611 perueniatur
998 2538 1149 2608 sententia,
1178 2545 1208 2592 ut
1230 2544 1287 2592 est:
1332 2535 1468 2591 ‘Lauinia-

168 2638 225 2696 que
246 2619 326 2678 uenit
347 2618 452 2693 litora',
475 2621 558 2677 idest:
580 2620 668 2677 ‘illum
690 2639 775 2695 cauo,
799 2624 845 2697 qui
868 2625 944 2679 uenit
967 2623 998 2680 ad
1021 2623 1132 2678 Lauinia
1155 2619 1260 2677 litora.'

256 2754 303 2813 De
320 2751 431 2828 finatis
452 2752 619 2830 ceterisque
639 2752 676 2815 a'd
693 2772 790 2830 penus
811 2758 906 2831 inec:

257 2875 275 2930 1.
292 2875 331 2932 6²
345 2875 432 2932 col2
456 2875 619 2950 Acyrologia
642 2877 781 2951 inpropria
805 2878 905 2946 dictio,
927 2885 971 2932 ut:

131 2972 157 3012 z
375 2960 469 3018 llunc
490 2976 554 3033 ego
576 2963 604 3016 si
627 2965 727 3035 potui
749 2971 882 3018 tantum
906 2978 1050 3035 sperare
1073 2960 1239 3016 dolorem.

170 3043 322 3119 ‘Sperare’
344 3044 412 3100 dixit
434 3062 484 3119 pro
508 3045 650 3102 ‘timere'.
687 3045 861 3120 Acyrologia,
883 3045 981 3120 alyros
1005 3046 1075 3103 idest
1097 3047 1157 3102 sine
1178 3045 1300 3115 ‹lominn‚
1323 3052 1368 3100 ut:
1392 3045 1468 3100 uun

170 3146 352 3204 speramus
374 3130 477 3200 bona,
507 3130 685 3188 timeamus
708 3131 875 3202 aduersa,
904 3140 945 3187 et:
977 3133 1175 3204 ‘gramineo
1198 3131 1232 3185 in
1256 3128 1394 3203 campo'
1417 3147 1468 3204 pro

169 3213 353 3288 ‘graminoso’
377 3223 404 3270 et
426 3213 616 3271 ‘nemorum
640 3218 733 3272 inter
756 3216 917 3273 irondea'
942 3233 991 3290 pro
1014 3215 1179 3271 ‘frondosa’.

255 3300 273 3355 1.
295 3293 355 3355 17b
371 3297 423 3355 col.
441 3301 457 3356 1
481 3299 617 3356 diaeresis
639 3310 681 3357 ost
703 3300 803 3357 ablatio
826 3301 858 3356 de
874 3301 1009 3375 principio
1024 3300 1152 3357 dictionis
1168 3301 1304 3357 contraria
1320 3299 1469 3373 prosthesi‚

133 3393 200 3439 tout
222 3385 321 3439 ‘mitte
344 3381 403 3438 me’
426 3402 477 3457 pro
500 3384 614 3441 ‘omitte
637 3383 708 3457 me',
736 3388 807 3442 sieut
835 3384 924 3459 ‘uge’
955 3403 1005 3459 pro
1034 3384 1151 3458 ‘euge’‚
1178 3386 1251 3442 sicut
1278 3382 1396 3439 ‘soluit’
1419 3400 1469 3456 pro

170 3467 336 3525 ‘dissoluit’.
381 3468 567 3543 Virgilius:

375 3554 508 3611 lliscite
531 3554 705 3611 iustitiam
726 3557 851 3611 moniti
875 3564 907 3611 et
931 3572 997 3612 nou
1022 3563 1173 3612 temnere
1195 3553 1297 3609 diuos

169 3657 220 3712 pro
244 3637 455 3696 ‘contemnere’.
867 3629 872 3635 ”

170 3804 399 3811 ——.—-.

238 3920 399 3971 ldactilico.
420 3922 547 3971 lambilicn
564 3933 589 3972 et
606 3925 715 3973 trocnica
783 3923 935 3974 2dnctilica
986 3923 1104 3972 dactilnm
1173 3925 1308 3972 deantnm
1328 3919 1467 3969 tin-oceum.

168 3988 293 4039 Dactilico
345 3986 464 4054 ly‘alrelia
482 3991 604 4041 deonntur
654 3990 802 4053 dqrrinqne
855 3991 992 4041 tribrachin
1049 3990 1168 4040 ductilem
1187 3998 1213 4038 et
1230 3999 1381 4054 anapestum
1451 3988 1466 4036 7

167 4057 319 4110 tribrachin.
353 4055 487 4105 Pirricium
571 4058 748 4109 8dactilicum
772 4061 898 4108 trianetnm
984 4061 1056 4109 θοι(
1074 4058 1167 4108 dactilo
1187 4056 1289 4106 thraoeo
1325 4071 1358 4104 ex
1375 4052 1468 4104 dactilo

167 4126 259 4175 macen
312 4127 345 4175 10
362 4124 440 4174 huius
458 4126 575 4191 exemplo
646 4128 677 4175 11
695 4127 790 4192 Elegnn
849 4130 881 4178 13
899 4127 992 4176 dactilo
1043 4125 1192 4175 cnmlectum
1263 4126 1294 4174 15
1312 4123 1384 4172 t'uba
1436 4123 1468 4170 lii

168 4191 314 4243 ustuout.
333 4194 460 4242 Acceutus
469 4191 519 4259 est]
537 4193 633 4244 Isidori
641 4196 721 4259 ipsias
729 4197 752 4244 ia
763 4202 891 4245 tractatus
900 4203 946 4256 est,
959 4197 1003 4260 qai
1013 4195 1039 4243 in
1048 4194 1113 4244 libro
1123 4195 1187 4244 lane
1196 4193 1307 4255 excipit:
1328 4191 1467 4239 ‘docentus

166 4295 213 4357 qui
231 4297 320 4359 grece'
338 4304 386 4348 etc,
445 4295 500 4344 siue
519 4270 684 4358 unffsyltnoe
702 4311 751 4359 que
832 4298 864 4347 18
882 4297 908 4344 in
927 4298 986 4361 ipso
1005 4305 1103 4344 tontum
1156 4269 1294 4366 modolatio
1382 4293 1413 4340 19
1432 4289 1468 4338 De

166 4393 242 4447 (tini.
263 4392 398 4445 Commota
416 4406 476 4444 sunt
492 4396 615 4460 panicula
632 4395 712 4447 sensui
732 4413 806 4462 grece
825 4397 891 4447 dicte
909 4412 958 4459 que
1043 4399 1075 4445 11
1094 4410 1158 4446 cano
1178 4368 1192 4442 n
1211 4407 1311 4442 commu
1333 4400 1372 4439 est
1394 4390 1467 4438 troiie

165 4465 212 4526 qni
231 4465 333 4528 primus
351 4476 452 4511 comma
470 4472 508 4512 est
574 4467 607 4513 11
625 4464 692 4514 lucto
745 4465 890 4528 labiniaque
940 4466 973 4514 13
992 4463 1087 4512 labinia
1156 4464 1189 4512 14
1211 4460 1287 4509 Totas
1304 4462 1376 4509 locos
1393 4462 1468 4507 extat

164 4535 193 4582 in
210 4532 349 4582 artecod.
369 4530 897 4596 Bern.2071ulianoslmilif.d2·‚cfi
917 4532 1013 4581 lationi
1051 4535 1112 4585 ,30
1130 4533 1170 4581 ed.
1191 4530 1260 4578 lion.
1314 4524 1467 4587 Acyrologin

164 4626 200 4636 -
218 4600 253 4650 16
272 4599 363 4648 timere
380 4599 448 4648 Don.
466 4615 493 4663 p.
513 4601 574 4663 ³94,
593 4602 626 4649 29
677 4600 835 4665 oclairologin
913 4602 946 4649 15
964 4599 1031 4648 huuc
1067 4599 1145 4663 Vera.
1165 4598 1232 4646 Aen.
1253 4593 1298 4643 IV
1314 4595 1366 4642 419
1434 4591 1468 4640 16

163 4667 332 4731 achirologia
350 4680 365 4714 a
384 4665 440 4731 giro
471 4727 481 4736 -
525 4668 559 4717 18
577 4683 707 4717 tremorum
726 4669 791 4718 silim
810 4664 927 4731 l'ronden]
951 4666 1030 4732 Vero.
1049 4668 1115 4716 Aen.
1135 4665 1152 4714 1
1170 4665 1226 4724 191.
1264 4662 1302 4709 De
1319 4657 1467 4737 ‘fronderet’

163 4744 191 4786 ιε
210 4736 392 4800 ‘papanem’
409 4733 513 4796 sonia,
535 4736 571 4797 ef.
591 4736 690 4786 ranan
710 4737 773 4801 napy.
792 4737 840 4785 nr„
858 4737 913 4785 aaa
928 4750 956 4798 p.
977 4737 1027 4784 aaa
1046 4735 1176 4785 nemean.
1270 4721 1464 4805 asaradan]

163 4804 201 4867 es.
215 4803 286 4853 non.
304 4818 332 4865 p.
347 4803 409 4861 390,
420 4804 447 4852 8.
466 4800 548 4851 Κεῖαι
566 4805 659 4854 eisdem
676 4805 761 4854 uerbis
778 4807 805 4854 in
822 4811 880 4853 arte
897 4805 955 4853 cod.
974 4800 1055 4852 Bern.
1075 4799 1163 4863 torf,
1183 4800 1243 4857 ⁶3²,
1261 4792 1380 4842 slmtltbut
1397 4795 1469 4858 apud

163 4871 296 4922 Iuliam
312 4885 342 4932 p.
364 4871 402 4917 ³3
420 4870 460 4917 ed.
479 4869 547 4920 uon.
616 4873 728 4936 pontesia
815 4873 845 4922 31
866 4866 1001 4935 Virgilius]
1022 4871 1089 4919 Aen.
1111 4866 1154 4916 VI
1171 4868 1219 4912 615
1298 4861 1331 4909 31
1349 4875 1466 4912 nortona.
