3382 5476
686 371 948 426 Burnrnsruvs.
1381 381 1462 434 0le

164 566 247 626 inter
276 565 353 626 iulra
381 565 458 624 iutra
486 566 565 625 iuxta
594 562 633 624 ob
659 581 712 642 per
741 570 861 641 praeter
897 567 1019 640 propter
1052 568 1119 639 post
1146 577 1238 638 prope
1266 578 1343 640 poue
1370 580 1462 641 penes

163 667 273 728 subter
295 677 384 746 s'upra
407 666 512 726 subtus
534 664 697 725 secundum
722 672 804 723 trans
827 659 903 722 ultra
927 679 1019 739 usqne
1040 690 1082 711 =
1105 680 1133 741 p.
1156 658 1228 732 230,
1254 659 1386 724 10-23.

253 768 324 829 ibid.
359 767 441 828 Corio.
477 766 535 827 lter
558 764 678 827 ablatiui
706 782 791 824 casus
819 780 834 822 a
864 761 900 823 ab
928 761 981 822 abs
1009 781 1075 823 cum
1104 782 1204 824 coram
1227 763 1302 825 clam
1325 764 1362 825 de
1385 784 1401 825 e
1424 784 1461 825 ex

164 888 224 948 pro
247 887 318 949 prae
342 869 436 949 palam
459 870 524 928 siue
548 876 633 926 tenus
655 895 696 916 =
719 886 749 945 p.
772 860 849 933 230,
872 860 1007 926 23-28,

252 971 323 1032 ibid.
355 970 436 1032 Com.
468 970 527 1030 lter
550 971 701 1048 utriusque
724 971 754 1028 iu
777 964 832 1027 sub
854 985 945 1045 super
967 965 1069 1027 subter
1092 996 1133 1017 =
1156 987 1185 1046 p.
1207 964 1285 1036 231),
1309 964 1444 1030 28-31.

254 1072 324 1134 ibid.
348 1071 430 1135 Curii.
454 1089 508 1150 per
523 1071 654 1131 diuersas
671 1068 759 1130 babet
774 1069 1012 1147 significationes.
1042 1071 1186 1148 accipitur
1208 1071 1238 1128 in
1262 1072 1460 1133 iuramentum

163 1185 200 1236 ut
223 1193 278 1254 per
299 1173 396 1235 sidera
421 1181 525 1235 testor.
560 1171 641 1248 Viri.
665 1171 737 1232 dicit
763 1189 818 1250 per
846 1189 900 1248 ego
930 1169 982 1230 bas
1010 1169 1145 1232 lacrimas
1174 1180 1202 1231 et
1225 1175 1251 1231 ri
1272 1201 1314 1223 =
1336 1191 1364 1252 p.
1387 1171 1459 1244 233,

164 1272 315 1337 14-21.

252 1376 324 1439 ibid.
362 1377 436 1439 ltem
465 1377 610 1455 accipitur
638 1393 693 1455 pro
722 1373 808 1435 ualde
839 1371 929 1435 ueluti
959 1393 1026 1435 curn
1055 1374 1180 1437 dicimus
1201 1376 1362 1456 perdoctus
1384 1377 1461 1439 idest

164 1478 256 1540 ualde
278 1478 383 1540 doctus
405 1507 447 1529 =
469 1498 498 1559 p.
521 1475 592 1553 234,
616 1474 647 1538 5.
670 1474 701 1537 6.

249 1563 322 1641 ibid.
360 1580 443 1642 Com.
473 1580 546 1642 ltem
569 1599 624 1660 pro
645 1577 753 1640 multas
768 1578 996 1656 significationes
1018 1578 1106 1640 babet
1129 1615 1166 1623 -
1192 1589 1224 1641 ut
1246 1597 1300 1658 pro
1316 1580 1356 1641 dii
1372 1589 1401 1641 ct
1416 1586 1460 1643 ret

161 1710 208 1732 =
231 1700 260 1761 p.
283 1679 356 1752 234,
378 1680 418 1744 31
441 1700 508 1744 curn
529 1685 625 1745 Keilii
643 1684 855 1742 adnotatione:
871 1691 943 1755 post
965 1686 1071 1758 ‘porro
1086 1685 1187 1743 durit'
1210 1684 1328 1744 Keilius
1349 1686 1458 1744 lineam

161 1789 317 1859 inteqrom
340 1788 455 1854 omisit;
477 1787 621 1859 iequntur
642 1787 718 1843 enim
734 1785 827 1842 haec:
850 1780 1002 1865 signifilcat
1018 1784 1239 1860 derogationem
1256 1793 1288 1845 ut
1303 1803 1369 1845 cum
1387 1785 1458 1845 dici·

162 1904 233 1946 nrus
254 1887 397 1964 protenus
420 1885 504 1946 lucus
526 1885 603 1946 idest
625 1906 684 1947 uon
707 1903 792 1945 sacer
814 1892 844 1945 et
866 1888 902 1944 rl.
931 1886 1079 1964 signiticat
1105 1887 1193 1945 etiarn
1222 1884 1346 1969 mollum
1369 1889 1459 1948 animi

162 1996 199 2049 ut
222 2006 277 2068 pro
300 1987 340 2047 dii
364 1995 394 2048 et
415 1991 470 2048 ret.

251 2091 411 2165 Sequitur:
446 2089 518 2149 ltcm
548 2090 728 2168 praepositio
756 2089 890 2150 diuersas
924 2086 1014 2148 babet
1041 2090 1279 2167 significationes.
1314 2092 1459 2171 accipitur

162 2193 246 2252 eninr
269 2210 324 2271 pro
345 2190 432 2251 ualde
455 2200 487 2250 ut
509 2209 577 2251 cum
600 2190 726 2251 dicimus
742 2191 924 2270 praedurum
948 2191 1058 2251 uulnus
1080 2191 1156 2251 idest
1179 2190 1275 2252 ualde.
1309 2194 1458 2273 decipitur

160 2312 220 2373 pro
244 2295 308 2353 sine
331 2327 370 2335 -
394 2294 459 2353 sine
482 2292 594 2353 lasciuo
616 2320 658 2342 =
679 2314 709 2372 p.
733 2290 805 2363 235,
831 2289 953 2353 11-17
976 2310 1042 2353 cum
1065 2295 1161 2353 Keilii
1181 2296 1389 2356 adnotatione.

248 2395 409 2469 Sequitur:
431 2395 582 2472 Significat
605 2404 634 2455 et
656 2402 725 2455 ante
748 2403 780 2455 ut
802 2413 873 2472 prae
897 2404 925 2454 te
947 2392 995 2454 ille
1018 2392 1087 2454 lelit
1110 2403 1155 2454 est
1176 2394 1252 2454 idest
1273 2406 1342 2455 ante
1365 2408 1393 2457 te
1414 2421 1457 2448 =

160 2516 193 2576 p.
217 2492 290 2564 235,
316 2493 365 2556 ll.
392 2493 441 2557 18.

252 2599 362 2670 (laidus
383 2599 591 2674 subinnuitur:
613 2596 688 2658 Sunt
710 2608 740 2657 et
762 2598 818 2657 alie
836 2597 982 2677 plurimae
1004 2599 1238 2677 praepositiones
1260 2615 1315 2676 pro
1330 2598 1395 2660 aliis
1410 2598 1456 2680 ap’

165 2708 288 2761 ueteres
310 2711 448 2760 auctores
470 2701 642 2779 interposite
664 2728 706 2750 =
728 2719 758 2779 p.
780 2696 852 2770 238,
879 2698 927 2760 15.

249 2869 270 2930 l.
292 2867 352 2931 31¹·
375 2867 454 2930 Corio.
479 2870 691 2930 circumcirca
716 2905 752 2911 —
778 2870 873 2930 decim
896 2898 937 2920 =
959 2888 988 2949 p.
1012 2865 1084 2937 232,
1111 2867 1246 2930 13--15ι
1273 2868 1311 2930 13
1334 2870 1425 2933 delei.

250 2972 411 3048 Sequitur:
433 2973 540 3034 Contra
565 2980 593 3031 et
615 2971 759 3032 aduersus
781 2972 836 3032 boc
853 2971 991 3032 deferunt
1007 2970 1085 3048 quod
1102 2979 1204 3032 contra
1227 2971 1283 3032 loci
1307 2981 1455 3034 utcontra

163 3071 315 3133 basilicam
339 3072 483 3134 aduersus
506 3071 588 3134 illum
612 3072 698 3134 lacio.
744 3073 873 3134 ltcrdum
897 3082 994 3133 autem
1018 3075 1186 3153 promiscue
1208 3075 1393 3154 accipiuntur
1415 3104 1456 3126 =

159 3194 192 3254 p.
215 3170 287 3244 232,
314 3171 446 3237 16-18.

249 3275 320 3336 ibid.
358 3275 439 3336 Coris.
474 3276 546 3339 ltem
569 3278 605 3339 ad
629 3275 675 3357 ap’
697 3276 754 3337 boc
777 3275 860 3338 delei
880 3312 918 3321 —
941 3277 1024 3338 illum
1047 3296 1112 3339 sum
1135 3308 1177 3330 =
1199 3299 1228 3360 p.
1250 3275 1322 3350 234,
1340 3277 1454 3341 9-10.

248 3376 320 3437 ibid.
357 3375 439 3438 Cotir.
475 3378 546 3439 ltem
570 3379 734 3440 secundum
757 3379 904 3460 duplicem
927 3378 1107 3440 intellectum
1130 3417 1173 3424 —-
1194 3379 1329 3441 similiter
1349 3379 1391 3441 illi
1413 3410 1455 3432 =

160 3497 193 3558 p.
217 3475 290 3547 234,
316 3476 452 3540 13-15ε
492 3478 531 3542 15
553 3483 716 3559 epicorum.

253 3579 425 3642 Tractatum
441 3583 569 3658 denique
583 3584 716 3644 Romani
728 3585 767 3643 de
780 3585 935 3644 aduerhiis
949 3586 1017 3645 ideo
1031 3589 1180 3661 iuteqrum
1195 3586 1339 3646 exhihere
1352 3588 1454 3661 statui,

158 3686 236 3759 qnia
248 3685 428 3759 permultum
444 3687 579 3753 interest,
596 3693 628 3745 ut
642 3689 781 3758 sciamus,
797 3703 856 3760 quo
871 3687 979 3745 ordine
993 3695 1156 3764 excerptor
1171 3688 1303 3747 Charisii
1322 3690 1453 3747 codicem

158 3787 360 3860 excerpserit,
384 3787 433 3844 uel
454 3794 487 3845 ut
509 3790 684 3847 mciii-attus
706 3790 816 3851 dicam.
839 3806 898 3863 quo
919 3790 1026 3849 ordine
1042 3789 1174 3849 Charisii
1192 3790 1297 3853 coder.
1321 3807 1380 3864 quo
1401 3807 1452 3848 er·

157 3894 286 3963 cerptor
307 3887 453 3956 utebatur,
475 3891 605 3964 scriptus
623 3888 731 3962 suerit,
756 3891 873 3955 deinde,
896 3908 972 3965 queas
989 3897 1098 3966 partes
1119 3891 1155 3950 ob
1176 3908 1241 3950 eum
1264 3893 1360 3965 ipsam
1381 3909 1453 3951 cau-

157 4007 236 4062 sam,
260 3991 331 4064 quio
354 3991 439 4065 apud
458 3999 665 4066 excerptorem
687 4008 746 4050 non
769 3993 919 4065 lequntur,
944 3995 975 4051 in
999 3995 1052 4051 illo
1073 4011 1189 4068 qnoque
1202 3994 1307 4052 codice
1322 3991 1453 4065 defuisse

159 4093 324 4151 uerisimile
350 4094 403 4163 sit,
441 4092 569 4166 dertique
602 4100 633 4152 ut
660 4094 751 4167 qrtnsi
780 4094 929 4154 tumulenta
961 4096 1098 4170 exemplu
1121 4097 1230 4169 ¹quatis
1260 4096 1353 4154 medii
1383 4098 1455 4154 aeui

158 4193 375 4268 artiqraphum
409 4196 491 4252 ratio
519 4195 550 4253 in
579 4196 770 4270 eraerpeudo
803 4197 927 4255 duxerit
960 4198 1092 4255 dilucide
1123 4213 1299 4270 coquoscas.
1351 4196 1453 4270 Neque

157 4298 239 4355 enim
261 4296 460 4370 aequabiliter·
487 4302 578 4355 totum
606 4303 769 4356 tractatum
795 4316 855 4373 per
876 4315 976 4357 omues
997 4301 1061 4358 eius
1079 4307 1184 4374 partes
1204 4301 1372 4373 excerpsit,
1399 4299 1453 4357 sed

151 4399 306 4473 pleraque
333 4398 537 4457 tantummodo
564 4401 652 4472 quasi
680 4416 738 4458 acu
760 4402 873 4477 tetiqit,
896 4417 1000 4476 qrauco
1022 4418 1063 4458 ea:
1084 4403 1222 4474 lonqiore
1246 4399 1379 4458 Charisii
1398 4417 1450 4458 eo·-

151 4500 308 4575 positione
329 4501 449 4574 inteqra
471 4503 676 4575 transumpsit.

246 4633 251 4716 Ι
275 4634 296 4693 1.
318 4631 381 4695 25¹>
399 4631 405 4715 Ι
424 4634 495 4695 Corio
517 4633 572 4695 alia
596 4634 736 4696 aduerbia
760 4634 796 4696 ab
819 4634 930 4695 eisdem
954 4636 1059 4698 litteris
1081 4639 1249 4717 incipientia
1273 4637 1450 4714 glomerauit
1508 4712 1517 4727 ἱ

153 4738 247 4797 sicuti
269 4745 339 4796 suut
364 4735 448 4797 aliter
478 4756 531 4816 pru
560 4736 630 4798 alias
658 4738 754 4815 (Char.
783 4756 811 4816 p.
839 4734 911 4807 194,
935 4735 1053 4818 22111,
1081 4742 1153 4799 alias
1181 4758 1235 4818 pro
1262 4737 1348 4797 aliter'
1377 4734 1448 4816 (29),

152 4846 291 4903 actutum
308 4854 362 4916 pro
378 4839 436 4898 cito
459 4835 529 4918 (ab).
554 4839 662 4899 ablriuc
685 4842 723 4918 [p.
743 4837 810 4909 tuo,
831 4840 872 4917 l),
896 4840 1022 4921 aurplius
1046 4839 1096 4922 (ti),
1121 4840 1257 4919 ampliter
1279 4859 1334 4920 pro
1350 4839 1448 4921 ampla
