3382 5476
199 379 294 429 cxcn
747 367 938 421 nuncians.

198 573 253 632 ego
301 552 443 633 blegece
466 556 553 615 etiam
620 557 701 633 potui
723 574 790 617 cras
811 564 909 637 potam
957 552 1096 634 unoque
1125 555 1193 616 noris
1214 572 1312 633 neque
1333 573 1493 636 personam

199 674 295 735 neque
317 664 432 717 certum
456 665 573 735 tempus
595 656 731 718 illiniunt
796 656 814 719 'l
838 657 942 718 eodem
966 657 1053 717 morlo
1077 657 1125 719 uel
1148 656 1241 718 uerbo
1263 656 1455 738 respondem

282 759 415 831 Addam,
446 759 528 834 quod
554 757 712 820 Consentio
740 757 935 834 Bemipius
964 757 1301 820 autisiodorensis
1322 757 1357 820 ia
1378 756 1496 820 Donati

197 867 264 920 arte
285 863 419 921 secunda
440 858 630 936 explicanda
651 859 837 935 sinuatorem
858 859 892 920 iu
915 862 1034 921 modum
1056 879 1126 923 usus
1147 868 1192 921 est
1212 858 1320 922 codice
1341 858 1496 921 Berueasi

199 967 257 1021 386
286 968 412 1021 auctore
434 961 464 1034 s.
491 969 546 1020 25·
569 966 625 1022 col.
649 963 682 1022 I:

281 1062 329 1123 Ex
358 1062 433 1123 hiis
460 1071 546 1123 sunt
579 1063 648 1123 clue
687 1062 923 1143 principales
956 1074 1084 1143 partos
1119 1064 1306 1125 orationis
1337 1061 1496 1144 scilicet

196 1182 326 1225 nomen
363 1174 399 1225 et
435 1164 589 1226 uerbum
619 1167 710 1238 (non.
739 1184 774 1241 p.
805 1171 877 1235 372,
908 1171 971 1241 26).
1030 1165 1211 1246 Principales
1246 1173 1347 1245 partes
1384 1167 1495 1226 merito

200 1265 325 1328 dicende
347 1274 417 1327 sunt
439 1284 548 1327 nomon
572 1277 601 1327 ct
624 1266 749 1328 uerbum
766 1267 833 1344 quia
857 1268 887 1327 in
903 1265 959 1327 hiis
975 1277 1033 1328 tota
1050 1276 1149 1329 nostra
1172 1266 1282 1328 locutio
1304 1285 1399 1347 prope
1421 1283 1495 1327 con·

200 1369 286 1428 sistit.
331 1367 403 1430 Nam
427 1367 483 1428 hec
506 1366 564 1427 due
585 1370 649 1429 sine
669 1367 736 1429 aliis
757 1366 873 1445 plenam
896 1368 1008 1430 iaciunt
1030 1371 1204 1439 orationem,
1229 1379 1262 1429 ut
1283 1368 1373 1431 homo
1396 1368 1494 1449 loqui·

201 1478 250 1531 tur
274 1487 368 1548 equus
390 1472 494 1530 currit.
539 1469 615 1531 Hinc
637 1471 755 1550 quidem
780 1469 831 1548 (on
853 1469 998 1549 quidamil
1028 1471 1123 1532 haud
1141 1470 1279 1532 'facilis
1301 1469 1411 1530 huius
1433 1488 1495 1531 ar-

198 1575 246 1632 tis
268 1580 401 1632 auctor
423 1571 528 1633 harum
552 1571 675 1633 duarum
700 1573 826 1651 partium
848 1573 978 1634 sentiens
1005 1572 1251 1653 principalitatem
1274 1574 1353 1633 inter
1375 1580 1495 1632 ceteras

196 1674 239 1734 sic
261 1675 315 1735 ait:
344 1673 457 1734 ‘Omne
480 1674 558 1752 quod
582 1682 679 1735 monte
702 1675 903 1753 concipimus,
928 1683 1026 1735 mente
1049 1685 1079 1735 et
1099 1673 1194 1735 uerlro
1217 1673 1420 1754 explicamus,
1442 1673 1493 1748 cf.

198 1777 285 1836 Cous.
303 1794 339 1853 p.
363 1783 435 1844 338,
455 1783 471 1834 7
494 1779 534 1837 K.

786 2276 898 2356 VI.

643 2454 1041 2539 SERGIANA.

777 2795 858 2859 Can.
882 2796 909 2858 I.

227 2929 438 2996 SERGIANI
460 2928 686 2996 CVlVSDAM
709 2927 942 2994 COMMENTI
963 2927 1237 2994 FRAGMENTA
1260 2925 1455 2992 INEDI'PA.

278 3089 398 3148 Citatur
418 3085 453 3146 iu
471 3089 575 3162 primu
598 3096 666 3145 arte
692 3089 806 3146 codicis
828 3087 992 3146 Beruensis
1016 3094 1084 3161 123,
1115 3104 1192 3161 quae
1223 3082 1382 3145 Clementis
1408 3083 1484 3144 Scot

193 3192 311 3250 omnine
332 3192 423 3263 uulua
444 3186 637 3255 inscribitur,
665 3190 766 3248 multis
791 3187 867 3248 iocis
894 3188 1050 3261 Seruius
1077 3189 1201 3262 paridam
1229 3189 1278 3248 uei
1303 3186 1491 3260 Sereqius

193 3294 242 3352 uel
261 3291 325 3352 sei
345 3293 565 3366 prammaticus
586 3291 730 3350 hacteuus
752 3292 936 3364 Iacopuitus:
958 3307 1028 3348 riam
1051 3307 1129 3364 quae
1150 3290 1204 3348 sub
1226 3290 1330 3362 Seruii
1349 3290 1399 3348 uei
1419 3288 1491 3347 Ser·

193 3396 239 3453 uii
258 3392 426 3454 nominibus
446 3393 490 3451 ud
504 3391 655 3469 Donatum
670 3401 835 3452 commenta
856 3399 886 3451 et
907 3392 1138 3466 explanationes
1160 3392 1203 3450 ari
1223 3398 1327 3450 nostra
1349 3398 1489 3464 temporo

193 3498 355 3565 deueuere,
382 3495 496 3554 nullom
518 3510 585 3554 cum
608 3491 691 3553 lusce
711 3495 785 3554 iocis
806 3496 1013 3567 causationem
1036 3493 1163 3560 liaberet,
1193 3494 1253 3551 uisi
1274 3491 1360 3564 sorte
1387 3509 1492 3552 rerum

192 3599 412 3657 tautummodo:
434 3596 534 3655 acerbis
555 3602 637 3654 certe
656 3597 779 3655 multum
803 3613 823 3654 a
844 3612 876 3655 se
898 3594 1026 3656 iauIcem
1048 3596 1225 3654 uotorrmt.
1266 3591 1490 3666 Difficultatem

193 3706 290 3759 autem
312 3706 345 3758 ut
366 3700 411 3758 itu
433 3699 532 3756 dicam
554 3699 750 3770 litterariam,
780 3714 858 3772 quiue
884 3699 954 3756 ltirrc
984 3699 1061 3757 oriri
1082 3698 1234 3769 uideatur,
1259 3698 1302 3754 ita
1324 3697 1483 3770 expedias,

192 3807 225 3861 ut
252 3801 414 3874 conplures
440 3799 557 3859 Donati
583 3796 817 3874 explanationes
853 3801 948 3869 iuter,
965 3817 996 3858 se
1027 3800 1194 3858 consimiles
1226 3795 1362 3858 extitisse
1389 3798 1486 3869 dicas,

192 3918 270 3976 quae
291 3920 331 3960 eu
353 3903 455 3961 eodem
474 3901 546 3974 ferc
568 3918 667 3959 omues
685 3900 774 3973 fonte
794 3899 960 3972 manarint,
985 3918 1025 3959 ex
1048 3898 1258 3975 antiquissimo
1279 3901 1393 3959 scilicet
1415 3899 1487 3957 Scr-

192 4001 238 4063 uii
263 4005 505 4063 commentatoris
534 4011 626 4077 atque
651 4004 849 4075 prammatici
878 4000 911 4061 iu
940 4003 1091 4062 Donatum
1124 3999 1348 4062 commartario.
1401 4000 1491 4070 Quod

190 4103 288 4179 ipitur
310 4101 459 4164 (laeditis
487 4107 547 4163 iam
573 4101 723 4163 eiusmodi
742 4106 921 4177 praesertim
949 4121 989 4162 ex
1016 4101 1122 4163 cuiue
1144 4105 1315 4163 Issuuuutiuo
1337 4105 1490 4178 opusculis

191 4210 296 4267 statuit
324 4204 477 4266 Heurt'cus
506 4203 625 4266 Keilius
649 4221 778 4279 prauam.
809 4205 876 4264 Lat.
905 4207 965 4264 uol.
995 4205 1054 4276 IV,
1086 4204 1192 4280 praes.
1220 4223 1252 4280 p.
1281 4204 1370 4264 LIII.
1398 4204 1445 4263 LI
1450 4207 1486 4276 l',

192 4310 271 4368 iriem
293 4311 331 4367 ae
351 4311 466 4369 codicis
492 4315 544 4366 tea
565 4305 719 4381 excerptis
740 4314 887 4379 statuam,
907 4304 1065 4381 pertinere
1087 4323 1124 4365 ea
1146 4309 1190 4366 ud
1210 4314 1306 4365 ortem
1330 4307 1488 4381 quandum

192 4413 228 4471 oo
249 4428 315 4469 eum
337 4414 485 4470 rationem
508 4408 612 4482 Seruii
631 4411 750 4467 uoruiue
772 4406 956 4482 iusipuitom,
981 4411 1054 4482 quia
1074 4410 1221 4483 pleraque
1242 4425 1283 4466 ex
1298 4407 1402 4468 Seruii
1414 4407 1487 4468 olim

190 4520 353 4573 commeato
370 4512 500 4584 fueraut
522 4512 688 4585 desumpta.
698 4505 731 4589 ie)

261 4784 287 4846 *l
308 4787 374 4833 lrlcm
394 4786 550 4845 iuuentute,
576 4799 651 4845 qurum
671 4799 697 4848 p.
720 4783 852 4833 143-158
871 4795 937 4830 canonic
961 4783 1070 4846 primum
1095 4782 1234 4844 edidimus,
1258 4784 1384 4832 accidisse
1405 4800 1487 4850 supra

193 4850 327 4902 uocmmus
348 4870 373 4917 p.
394 4851 530 4902 LXXXIX
548 4868 603 4914 seq.
