3382 5476
197 367 260 434 258
602 364 1096 422 couusurvunmsmususn

198 560 370 640 quentatiua
393 567 491 620 tamen
514 558 606 619 iorma
635 577 694 619 non
721 565 820 638 potest
847 575 928 626 csse,
958 557 1026 633 quia
1054 557 1158 617 tertiae
1185 557 1403 635 coniugationis
1434 566 1489 619 est

199 661 342 731 ‘Adsum',
371 661 471 721 ‘lero'
495 680 548 741 per
576 661 801 738 coniugationes
822 657 977 727 deliciunt;
1007 657 1123 719 ‘soleo'
1150 677 1205 737 per
1231 675 1343 737 genera
1371 657 1490 720 deficit:

198 780 257 823 oon
280 771 325 823 est
347 769 500 832 neutrum,
530 764 599 841 quia
620 764 650 821 in
673 763 825 841 passiuum
847 763 952 822 transit
974 761 1005 820 iu
1035 762 1210 838 praeterite
1239 778 1300 822 non
1321 769 1370 823 est
1390 764 1490 841 pessi-

196 883 282 935 uum,
313 866 383 944 quia
410 866 440 925 in
463 884 481 924 o
503 863 610 924 desiuit
638 864 669 922 in
696 864 862 942 praesenti,
897 861 949 923 sed
978 870 1083 922 ucutro
1113 864 1264 941 passiuum
1292 880 1328 924 ex
1358 870 1490 943 utroque

108 968 405 1046 suscompositum:
429 967 472 1026 sic
494 964 621 1044 ‘gaudeo
642 965 709 1025 iio’:
733 964 816 1024 laxo
838 965 858 1023 i·
881 963 1003 1030 faciam,
1033 961 1131 1023 delicit
1157 982 1211 1042 per
1237 980 1396 1034 numeros.
1427 983 1514 1027 nous

137 1060 140 1064 ’
197 1066 286 1130 habet
306 1067 518 1147 pluralitatem.
562 1065 636 1127 Nam
663 1066 739 1126 sicut
766 1064 816 1124 alii
840 1065 942 1126 dieunt
964 1064 1066 1124 ‘laxo’
1089 1063 1237 1136 illumino,
1264 1064 1408 1127 lriuolum
1432 1075 1487 1127 εει.

107 1186 158 1233 aas.
172 1188 183 1227 r
197 1168 336 1249 lmpleo
359 1187 412 1249 per
434 1169 544 1248 ligures
566 1166 678 1235 delicit,
702 1168 769 1245 quia
793 1185 852 1227 uon
874 1166 943 1227 iacit
960 1167 1052 1245 ‘pleo'
1068 1166 1208 1246 simplem
1231 1167 1311 1227 iero
1332 1185 1389 1247 per
1412 1176 1489 1229 tem-

197 1289 269 1350 pore
291 1272 401 1332 delicit.
446 1269 519 1330 Nam
543 1268 619 1329 ‘tuli’
643 1268 679 1328 de
702 1267 795 1329 altero
818 1266 924 1339 uerbo,
948 1267 1026 1345 quod
1049 1275 1094 1327 est
1116 1267 1222 1338 ‘tollo’,
1249 1268 1368 1349 accipit.
1412 1268 1489 1331 Edo

197 1391 250 1453 per
272 1390 417 1453 personas
438 1372 550 1442 delicit,
579 1369 697 1448 quando
720 1367 878 1430 ‘comede’
901 1369 1060 1449 significat:
1094 1388 1169 1442 nam,
1185 1372 1236 1432 ‘es
1257 1371 1319 1431 est’
1341 1388 1360 1431 a
1381 1371 1487 1433 ‘sum’

196 1473 290 1535 uerbo
311 1473 477 1535 deducitur.
521 1474 681 1535 Facesso
703 1469 838 1532 similiter
860 1470 959 1531 dedcit
980 1487 1035 1549 per
1057 1488 1217 1549 personas,
1239 1473 1259 1532 i.
1282 1471 1384 1534 iacere
1406 1472 1487 1535 desi-
1501 1492 1526 1533 ιο

196 1575 277 1637 dero.
323 1576 395 1637 Cum
423 1573 633 1655 impersonalia
660 1592 715 1653 per
738 1591 841 1635 omnes
864 1571 966 1633 modos
988 1571 1189 1643 declinentur,
1219 1574 1400 1651 quaedam
1423 1574 1488 1637 de-

107 1674 337 1746 sss,sicctiua
360 1678 622 1744 inueniuntur,
646 1682 684 1736 ut
706 1673 827 1754 liquet
848 1674 920 1735 mihi
942 1672 995 1735 tibi
1018 1672 1076 1742 illi;
1098 1677 1253 1735 miseret
1274 1692 1324 1736 me
1345 1674 1442 1747 illum,
1464 1678 1486 1737 i.

197 1778 397 1839 misericordia
420 1785 465 1838 est
485 1777 559 1839 mihi
581 1777 618 1838 de
641 1797 685 1839 co.

704 1962 753 2023 uti
775 1961 971 2024 invulsum.

279 2082 460 2144 Aduerbium
484 2081 560 2143 bene
582 2084 682 2163 posuit
696 2084 777 2142 iuxta
793 2080 929 2143 uerbum.
967 2081 1039 2142 Nem
1055 2080 1230 2143 aduerbium
1252 2083 1332 2144 iuxta
1354 2081 1486 2145 uerbum
1500 2102 1525 2144 ιε

195 2187 316 2262 ponitur
338 2202 398 2246 non
420 2191 535 2245 tautum
557 2185 588 2244 iu
611 2183 715 2245 ordine
737 2187 874 2264 partium,
897 2168 1039 2264 quantum
1055 2186 1087 2244 iu
1102 2202 1157 2245 usu
1172 2191 1291 2245 nostrae
1313 2183 1487 2257 locutionis,

196 2294 224 2347 ει
247 2296 291 2347 εει
313 2287 491 2348 adiectiuum
522 2285 621 2361 uerbi,
650 2288 726 2347 sicut
753 2285 897 2347 adiectiua
927 2288 1044 2345 nomina
1073 2292 1262 2365 opponuntur
1289 2286 1364 2347 lixis.
1408 2285 1485 2348 Nam

195 2390 271 2449 sicut
292 2388 419 2449 dicimus
442 2387 549 2449 ‘bonus
571 2387 681 2458 homo',
705 2391 746 2449 ita
770 2387 896 2448 dicimus
919 2386 1007 2447 ‘benc
1031 2385 1124 2464 legit'.
1162 2388 1268 2465 ‘Legit’
1290 2405 1400 2467 perse
1425 2407 1486 2451 nou

195 2490 379 2551 demonstrat
400 2508 464 2550 rem
487 2491 658 2570 perlectam,
682 2506 775 2567 usque
798 2488 908 2550 adicias
930 2487 1041 2550 ‘benc'
1065 2489 1113 2550 uel
1136 2489 1247 2550 ‘malc’.
1283 2488 1442 2551 Adiecta
1464 2493 1485 2551 i·

94 2594 388 2673 osnrrsupcrposita.
435 2591 763 2669 Signilicationem
792 2593 954 2651 iscusum
985 2589 1031 2651 uel
1060 2590 1251 2652 intellectum.
1294 2589 1523 2671 Explanatro

93 2717 143 2765 sss,
159 2719 183 2758 rs
194 2695 214 2754 i·
238 2693 387 2765 elucidat*
409 2693 452 2753 Vt
473 2694 542 2753 iam
565 2693 578 2752 l
583 2695 707 2754 aciem.
745 2693 833 2754 Verbi
856 2691 980 2771 qualitas
1002 2710 1056 2772 per
1077 2711 1109 2753 se
1125 2694 1286 2772 ignoratur.
1322 2691 1485 2757 Nemeum

195 2794 262 2856 dico
284 2796 436 2863 ‘laciam',
459 2796 605 2855 incertum
631 2803 683 2865 est,
707 2802 805 2854 utrum
829 2795 899 2853 ‘cito
921 2794 1050 2863 laciam’,
1074 2814 1110 2856 au
1134 2794 1265 2873 ‘longe',
1294 2794 1484 2875 usquedum

197 2897 261 2958 (lico
284 2898 378 2957 ‘iam'
400 2896 589 2966 aduerbium,
614 2904 645 2956 ut
667 2897 741 2956 ‘inm
765 2897 890 2972 legam':
920 2902 989 2956 tunc
1017 2894 1203 2966 demonstro,
1218 2892 1232 2979 ΙΙ
1250 2892 1310 2958 185
1324 2891 1337 2977 ΙΙ
1352 2897 1413 2957 cito
1436 2915 1485 2959 me

194 2998 352 3058 iacturum.
398 2996 459 3057 Vel
483 3016 554 3057 non
576 2998 729 3058 faciam.
775 2996 963 3059 Aduerbio
986 3008 1145 3059 autnsc
1168 3005 1386 3067 nascuntur,
1417 3002 1484 3060 sine

93 3098 254 3173 asnrsulla
277 3100 402 3176 origine.
448 3100 490 3158 Vt
517 3100 613 3168 heri,
644 3099 723 3179 quod
751 3107 855 3177 poetae
883 3099 983 3160 dicunt
1005 3100 1110 3161 ‘here’
1135 3118 1222 3161 causa
1247 3100 1349 3170 metri,
1379 3102 1452 3178 quie
1472 3102 1521 3161 iss

195 3202 362 3280 longeest,
387 3221 403 3261 e
428 3219 499 3261 uero
522 3200 632 3261 breuis.
678 3200 748 3261 lnde
771 3199 975 3262 quenalis:

346 3303 421 3364 lste
443 3303 524 3364 dies
546 3302 656 3363 lrodie
680 3304 799 3362 minor
821 3311 877 3363 est
899 3303 987 3364 herc
1010 3322 1115 3382 quam
1138 3303 1210 3364 luit
1232 3302 1338 3366 alter.

194 3405 323 3475 Hodie,
347 3405 416 3467 licet
438 3405 580 3485 quidam
603 3404 720 3474 dicunt,
745 3407 940 3483 compositum
964 3423 1027 3466 esse
1043 3424 1079 3467 cx
1094 3405 1174 3466 ‘hoc’
1191 3414 1220 3466 et
1235 3404 1317 3465 (ἀίει
1353 3404 1482 3486 Nuper

194 3509 213 3567 i·
238 3506 363 3577 nouiter,
388 3509 522 3584 quamuis
545 3509 692 3586 quidam
716 3507 870 3583 dixerunt,
894 3506 997 3567 neuim
1013 3524 1029 3567 a
1044 3510 1179 3578 nominc,
1202 3506 1281 3587 quod
1305 3516 1351 3568 est
1372 3508 1481 3587 ‘nupc-

92 3614 266 3685 sss,urus’.
310 3609 480 3671 Tulliano
508 3609 584 3669 idest
610 3628 693 3669 more
715 3607 803 3669 Tullii
825 3608 964 3685 loquitur.
1009 3608 1121 3670 Tullius
1149 3607 1250 3695 consul
1277 3608 1518 3671 Romanorumn

93 3739 142 3785 ιω,
157 3738 182 3779 15
194 3712 249 3772 luit
271 3718 300 3770 et
322 3710 461 3772 dicituro
477 3709 606 3771 tollendo
630 3710 783 3780 fascinum,
800 3712 829 3771 .i.
846 3711 991 3771 sarcinam
1013 3711 1060 3772 uel
1082 3710 1291 3773 adulationem.
1336 3710 1479 3774 Ostium

194 3811 302 3873 dicitur
329 3811 378 3872 ille
405 3811 514 3881 aditus,
544 3830 598 3891 per
625 3830 712 3891 quem
742 3811 861 3874 domum
889 3815 1049 3882 intramus,
1079 3822 1108 3873 et
1130 3822 1175 3875 cst
1196 3831 1246 3875 res
1267 3812 1478 3893 incorporalis:

194 3913 258 3975 alii
288 3932 359 3974 uero
383 3912 486 3973 dicunt
513 3915 655 3974 ‘ostium’
688 3915 771 3992 quasi
799 3913 980 3975 obstaculum
1005 3923 1034 3975 ει
1057 3922 1126 3976 tunc
1155 3923 1200 3977 εει
1228 3914 1397 3994 corporale,
1426 3915 1478 3977 scd

196 4015 357 4076 llouatus
378 4015 436 4077 hoc
458 4034 517 4077 non
539 4017 655 4095 recipit.
700 4014 869 4076 Ostintim
893 4016 912 4075 i·
936 4035 990 4096 per
1018 4016 1133 4096 singula
1160 4020 1245 4079 ostia.
1289 4016 1436 4078 lleatim
1458 4019 1477 4077 i·

263 4274 276 4320 1
294 4223 375 4320 ‘offis
444 4272 460 4320 6
478 4267 551 4338 laxo]
571 4272 595 4320 A
614 4271 693 4333 ‘face’
711 4271 808 4320 seilicet
825 4271 972 4320 derivatum.
1041 4272 1074 4321 26
1092 4266 1230 4335 quenalis]
1248 4270 1283 4332 es.
1294 4278 1344 4323 rot.
1357 4270 1409 4321 111
1426 4273 1478 4323 232

194 4354 234 4388 res
252 4337 328 4388 hodie
346 4340 496 4403 minorem,
515 4339 574 4388 here
590 4354 666 4402 quem
684 4338 744 4400 luit,
762 4349 838 4400 etque
856 4339 944 4387 eedem
962 4352 1017 4388 cras
1033 4338 1038 4402 l
1053 4339 1148 4388 deteret
1165 4339 1266 4403 exiguis
1284 4338 1390 4401 aliquid.

262 4580 291 4627 31
314 4576 403 4627 Glorra
420 4576 514 4626 codicis
531 4575 708 4638 Bernenriss.
728 4578 777 4625 13·
795 4589 875 4639 marp.
892 4576 955 4625 rin:
991 4574 1089 4625 Ostium
1116 4575 1209 4625 dicitur
1233 4574 1277 4626 ille
1302 4576 1401 4640 aditus,
1431 4591 1477 4643 per

194 4658 268 4707 quem
286 4645 391 4694 domum
409 4645 546 4701 intramus,
574 4658 615 4692 res
637 4642 754 4693 uidelicet
775 4641 942 4708 incorporalis
961 4643 1014 4703 uel,
1034 4654 1061 4693 ut
1078 4642 1136 4693 alii
1153 4644 1254 4709 dicunt,
1273 4644 1366 4694 ostium
1384 4644 1477 4696 dicitur

193 4711 236 4759 illn
253 4727 293 4760 res
311 4712 463 4777 corporalis,
481 4711 578 4774 lignum
596 4710 719 4770 uidelicet,
739 4711 808 4772 quod
826 4710 920 4760 claudit
937 4710 1040 4760 domum
1059 4724 1083 4761 et
1100 4713 1191 4762 dicitnr
1207 4712 1239 4762 ob
1258 4712 1393 4766 obstando.
1415 4713 1477 4763 lude

195 4779 263 4828 irenit
284 4779 432 4829 aduerutmn
457 4779 579 4841 ostintim3
606 4779 713 4828 dicimus
731 4779 798 4828 enim
820 4780 949 4829 ‘ostiatim
968 4780 1037 4829 undit
1054 4780 1095 4829 ille
1111 4782 1257 4831 mendicus’
1275 4783 1293 4832 i.
1311 4796 1357 4846 per
1373 4780 1476 4846 singula

196 4847 270 4896 ostia.
