3382 5476
571 377 609 426 IN
629 376 713 430 DON.
733 376 859 428 ARTEM
878 375 1059 427 Melonem.
1406 373 1469 439 235

175 565 244 625 boc
278 582 470 626 scamnum.
517 565 675 625 Scamnum
708 564 817 625 dicitur
845 585 861 625 a
890 563 1059 624 scandendo
1079 564 1166 641 .quod
1200 563 1356 625 altioribus
1383 564 1468 624 lectis

175 665 378 746 apponebatur
401 677 431 726 et
453 665 490 724 de
512 685 633 727 scamno
656 667 685 726 iu
708 666 817 727 lectum
840 664 1064 726 ascendebatur.
1102 665 1312 732 Commune,
1335 685 1359 725 s.
1374 683 1468 742 genus

176 777 235 834 est;
259 768 352 845 quod
377 766 501 836 simul,
524 768 602 827 idest
615 767 672 827 sub
689 787 746 828 uua
763 765 927 828 litteratura
950 766 1176 846 comprehendit
1197 785 1308 826 marem
1332 775 1362 825 et
1383 767 1467 827 lemi-

175 887 257 936 nam,
283 878 320 928 ut
342 869 400 928 bic
423 878 458 929 et
480 869 568 931 haec
590 868 779 929 sacerdos.
823 869 969 930 Sacerdos
991 887 1007 927 a
1026 867 1240 928 sacrisdandis
1256 868 1360 928 dictus.
1399 866 1466 928 Sed

147 987 216 1030 sex
240 969 312 1037 bis,
336 990 359 1029 s.
383 969 544 1046 generibus
566 969 625 1030 duo
640 979 708 1030 sunt
723 969 897 1050 principalia
920 971 999 1030 idest
1020 972 1218 1050 principatum
1234 970 1374 1029 tenentia.
1404 967 1467 1027 llel
1481 985 1529 1030 sas,
1544 985 1570 1023 eo

175 1070 271 1139 sola,
295 1073 314 1130 i.
340 1071 498 1138 naturalia;
522 1071 564 1131 de
587 1080 764 1150 utroque,
787 1072 864 1132 idest
885 1071 922 1131 de
944 1070 1107 1132 masculino
1127 1080 1157 1130 et
1177 1071 1467 1131 feminino-nascun-

174 1181 232 1232 tur.
279 1173 502 1241 Praeterea,
526 1175 545 1232 i.
569 1181 687 1252 praeter
716 1174 770 1234 ista
800 1191 909 1250 gernere
933 1192 1020 1234 casus
1043 1175 1131 1233 trium
1153 1190 1307 1250 generum.
1347 1171 1387 1230 vr
1408 1170 1569 1235 biensis

174 1284 209 1334 et
238 1275 326 1335 baec
350 1283 384 1332 et
407 1274 474 1333 boc
512 1274 614 1334 ielix.
660 1273 740 1334 Felix
769 1274 878 1335 dicitur
902 1274 1005 1335 beatus
1027 1273 1074 1334 uel
1098 1275 1257 1353 propitius,
1282 1274 1332 1350 qui
1355 1272 1468 1333 Graece

175 1368 315 1454 εὐτυχής
343 1373 464 1448 dicitur,
496 1384 525 1435 et
552 1376 628 1454 apud
657 1394 712 1436 nos
740 1384 784 1436 est
811 1375 951 1454 simplex,
981 1376 1059 1455 apud
1088 1376 1220 1436 Graecos
1249 1392 1322 1436 uero
1348 1392 1467 1454 semper

136 1478 389 1555 incompositum,
413 1484 444 1536 ut
468 1477 663 1555 Virgilius:

624 1635 626 1638 .
657 1578 872 1658 Olelixquc
896 1580 969 1638 tuis

174 1681 197 1739 i.
222 1681 375 1758 propitius.
427 1680 644 1760 Epiloeuou
673 1685 699 1742 i.
729 1681 988 1760 promiscuum.
1040 1680 1213 1759 Epilmcnou
1243 1698 1296 1758 per
1326 1680 1344 1739 t
1373 1688 1402 1739 ct
1430 1696 1467 1739 oe

174 1780 379 1859 diphthongon
403 1780 546 1841 debemus
567 1782 713 1850 scribore;
738 1783 816 1859 quod
840 1790 936 1842 autem
961 1781 1033 1842 dixit
1049 1782 1178 1842 bonatus
1194 1781 1373 1860 epilroeuon,
1389 1779 1467 1861 apud

173 1883 303 1942 Graecos
318 1881 426 1942 dicitur
438 1901 702 1961 supercommune:
719 1883 792 1962 ‘epti'
809 1884 886 1944 euim
900 1901 998 1960 super,
1016 1884 1159 1943 ‘koenon’
1176 1900 1334 1943 commune
1349 1882 1467 1943 dicitur.

137 1983 332 2054 rsOuaeritur
366 1986 459 2051 enim,
494 1984 563 2061 quid
592 1984 682 2046 distat
708 1987 785 2045 inter
813 1985 980 2064 epilmenon
1010 1994 1040 2045 et
1066 2001 1224 2044 commune
1256 2001 1365 2062 genus,
1400 2001 1467 2042 cum

174 2094 333 2163 utrumque
355 2086 413 2146 duo
435 2104 544 2164 genera
568 2085 814 2165 comprehendat,
838 2086 1034 2148 masculinum
1064 2085 1202 2146 uidelicet
1229 2093 1260 2146 et
1281 2084 1466 2145 femininum.

174 2187 232 2248 Sed
255 2187 424 2256 sciendum,
448 2190 516 2265 quia
540 2204 697 2247 commune
719 2205 813 2265 genus
835 2187 952 2249 duobus
973 2187 1106 2248 articulis
1128 2186 1322 2248 masculinum
1338 2194 1367 2246 et
1382 2185 1467 2245 lemi-

174 2290 276 2349 ninum
300 2288 540 2368 comprehendit,
566 2297 599 2349 ut
620 2288 683 2349 ‘bic
706 2298 735 2350 et
757 2288 830 2349 baec
852 2289 1019 2363 sacerdos’,
1044 2288 1211 2369 epilrocnon
1233 2306 1308 2349 uero
1330 2285 1386 2348 sub
1407 2304 1467 2347 uno

173 2389 298 2450 articulo
326 2391 462 2450 similiter
491 2408 603 2450 marem
627 2398 657 2450 ct
679 2392 818 2451 laminam
848 2389 1077 2471 comprehendit
1099 2400 1131 2451 ut
1154 2390 1213 2450 ‘hic
1236 2389 1356 2450 miluus'
1380 2386 1466 2450 ‘haec

135 2494 293 2570 nequiter.
332 2493 404 2553 Cum
422 2494 500 2552 enim
524 2493 598 2552 dicis
621 2492 633 2572 ll
655 2489 712 2553 157
731 2488 743 2573 ll
767 2491 827 2552 ‘bic
844 2491 972 2561 miluus,
996 2482 1136 2569 intelligis
1158 2490 1321 2552 masculum
1337 2499 1367 2550 et
1381 2489 1466 2549 lemi-

173 2611 251 2654 nam.
295 2594 359 2654 Alio
381 2592 469 2653 modo
490 2593 644 2662 differunt,
668 2595 734 2673 quia
758 2611 916 2654 commuue
938 2611 1033 2671 genus
1054 2594 1084 2652 in
1107 2591 1271 2654 maioribus
1291 2589 1468 2653 animalibus

172 2696 220 2762 lit,
243 2697 320 2755 sicut
341 2697 372 2754 in
396 2694 565 2754 bominibus
588 2703 618 2755 et
638 2696 668 2755 iu
692 2693 949 2775 quadrupedibus,
973 2695 1139 2776 epilsoenon
1155 2712 1229 2755 uero
1244 2696 1274 2754 in
1292 2691 1466 2759 minoribus,
1543 2688 1546 2692 ⁸

172 2797 250 2856 sicut
271 2798 301 2856 in
326 2795 495 2856 uolatilibus
517 2805 546 2856 et
568 2795 733 2875 reptilibus.
780 2797 881 2857 Tertio
911 2797 999 2857 modo
1027 2795 1184 2865 differunt,
1212 2796 1281 2875 quia
1308 2811 1467 2854 commune

172 2914 267 2976 genus
289 2899 353 2958 uisu
376 2897 529 2958 oculorum
551 2906 649 2978 potest
670 2897 813 2971 discerni,
836 2897 1001 2977 epilroenon
1024 2916 1098 2959 uero
1120 2916 1180 2958 non
1195 2905 1301 2977 potest.
1339 2898 1371 2958 st
1387 2898 1466 2957 enim

133 3008 161 3052 ss
175 2997 287 3059 uideris
310 2997 435 3078 aquilam
459 2999 609 3059 uolantem
633 3008 683 3059 aut
705 3018 819 3060 murem
843 3009 1027 3068 currentem,
1051 3000 1148 3060 noscis
1171 3007 1269 3060 utrum
1292 2999 1330 3058 slt
1348 3003 1466 3059 'mascu-

172 3099 265 3160 linum
294 3119 331 3159 an
360 3101 543 3160 femininum.
589 3100 698 3161 lterum
727 3103 880 3177 quaeritur
908 3119 962 3160 cur
991 3099 1099 3161 miluus
1122 3110 1151 3161 et
1173 3117 1275 3179 passer
1304 3098 1467 3160 masculino

174 3218 283 3280 genere
306 3202 505 3280 proterantur,
528 3200 624 3278 aquila
648 3220 721 3262 uero
744 3210 773 3261 et
795 3202 919 3263 mustela
942 3202 1094 3263 feminino.
1138 3200 1181 3262 td
1204 3200 1261 3261 boc
1283 3200 1466 3279 responden·

173 3301 257 3371 dum,
281 3304 349 3381 quia
372 3309 512 3381 qirattuor
536 3302 632 3363 modis
653 3320 763 3380 genera
786 3301 992 3363 dinoscuntur:
1023 3311 1143 3370 natura,
1168 3304 1244 3363 sicut
1259 3301 1421 3363 ‘masculus
1437 3311 1468 3362 et

173 3403 304 3471 lemina';
328 3401 467 3472 articulis,
484 3404 559 3463 sicut
573 3403 635 3462 ‘hic
650 3412 680 3463 et
695 3403 794 3465 baec':
818 3422 884 3464 cum
901 3406 979 3463 euim
996 3404 1070 3482 legis
1085 3403 1133 3463 uel
1149 3403 1233 3463 audis
1249 3402 1309 3462 ‘hic
1325 3401 1465 3486 etbaec’,

134 3502 328 3582 ”intelligis
358 3513 457 3565 uuum
480 3506 518 3565 sit
541 3504 688 3566 masculus
716 3523 752 3564 en
781 3506 906 3573 lemina3
934 3498 1123 3574 auctoritate,
1153 3507 1230 3565 sicut
1252 3505 1281 3564 in
1303 3503 1351 3564 his
1371 3506 1466 3564 uomi-

175 3605 277 3675 nibns,
306 3622 382 3682 quae
410 3607 515 3666 incerti
545 3614 615 3667 suut
643 3610 778 3684 generis,
812 3616 844 3666 ut
872 3616 941 3666 sunt
968 3604 1041 3666 silex
1071 3615 1101 3665 et
1128 3615 1245 3674 cortex,
1279 3623 1353 3682 quae
1387 3605 1465 3684 apud

173 3705 315 3784 quosdam
343 3706 507 3768 masculino
534 3725 644 3785 genere
672 3709 913 3785 pronuntiantur,
935 3707 1013 3786 apud
1042 3706 1117 3768 alios
1146 3725 1220 3767 uero
1248 3708 1404 3776 leminino,
1434 3717 1467 3768 ut
1577 3768 1580 3774 ,

174 3808 369 3886 Virgilius:

460 3892 509 3953 Ab
532 3893 640 3953 silice
663 3895 698 3953 iu
722 3893 815 3953 nuda
839 3895 970 3953 conixa
993 3892 1151 3973 reliquit

136 4014 162 4056 ὅ
174 4009 319 4069 feminino
338 4028 410 4069 uero
432 4028 543 4086 genere
566 4009 701 4090 protulit,
725 4012 808 4071 cuius
830 4014 1037 4072 auctoritatem
1053 4012 1084 4069 iu
1100 4010 1156 4072 boc
1172 4014 1335 4088 sequimur.
1380 4011 1465 4072 Clau·

174 4110 246 4171 sulis
268 4109 464 4171 dinoscuntur
486 4129 611 4189 genera,
636 4115 703 4188 quia
727 4112 925 4173 decreuerunt
946 4120 1096 4178 auctores,
1120 4121 1152 4171 ut
1174 4130 1208 4171 ea
1231 4114 1366 4181 nomina,
1390 4131 1466 4190 quac

174 4210 262 4272 inus
285 4211 331 4271 uel
356 4213 385 4271 in
408 4229 424 4270 r
447 4222 570 4279 exeunt,
601 4215 695 4292 magis
722 4211 888 4274 masculino
915 4230 1025 4289 genere
1054 4213 1294 4291 pronuntientur,
1325 4231 1359 4274 ea
1382 4231 1464 4282 nero,

176 4345 400 4355 a—-m-

176 4496 208 4546 ¹3
224 4444 385 4561 (mmmm
417 4432 433 4480 9
451 4428 613 4564 Ἧιςξὲοξε
698 4432 736 4547 212
750 4428 1130 4563 gbltress'tludbgcffuiflonsmorp.
1145 4427 1466 4564 hemfittgffitffidtbg

173 4571 231 4612 sunt
248 4565 323 4613 baec:
342 4577 369 4613 ut
388 4566 476 4615 uidens
495 4566 624 4616 bominem
643 4577 717 4632 potes
735 4566 800 4615 scire
817 4577 901 4616 utrum
920 4567 955 4614 sit
971 4567 1100 4616 masculus
1118 4566 1277 4632 eufemius,
1300 4567 1416 4616 similiter
1433 4567 1466 4616 de

175 4644 240 4692 equo
259 4643 283 4680 et
301 4647 373 4694 equa.
444 4636 478 4685 26
495 4645 539 4682 aot
556 4650 652 4684 murem
670 4643 811 4684 currentem
829 4649 910 4697 supra
929 4635 1021 4684 lineam
1100 4636 1132 4684 at
1151 4635 1259 4684 mustela
1276 4629 1412 4700 feminino]
1431 4634 1465 4684 In

174 4713 252 4763 werp.
273 4701 345 4763 siprm
368 4703 498 4765 opposito:
527 4703 611 4762 aquila
634 4702 666 4750 ab
687 4700 804 4750 acumine
827 4702 957 4750 oculorum
980 4701 1085 4761 dicitur,
1108 4717 1199 4768 passer
1222 4715 1283 4752 nero
1306 4704 1466 4767 aperuitote

174 4766 298 4830 eorporis.
385 4771 417 4818 33
437 4768 571 4834 Virgilius]
592 4770 624 4822 Ε,
643 4769 710 4818 115
787 4770 819 4818 3'1
839 4766 922 4818 uel¹⁰r
991 4767 1197 4836 pronuntientur]
1216 4768 1276 4819 Cum
1292 4769 1339 4820 linc
1356 4771 1412 4820 ἱοω
1430 4769 1465 4830 (u.

177 4834 293 4898 27-37)
317 4837 439 4899 conserua
460 4839 517 4898 illa,
541 4853 606 4902 quae
623 4855 650 4902 p.
670 4840 733 4899 237,
753 4839 785 4887 16
802 4839 863 4887 adn.
881 4853 917 4888 ex
933 4838 1022 4888 codice
1039 4836 1168 4887 Beruensi
1185 4839 1237 4888 386
1253 4843 1381 4902 excerpta
1396 4844 1464 4888 unt.
