3382 5476
191 411 239 458 011
568 395 819 458 Qvtesntonns
839 355 1104 448 edueeteducet„

191 602 270 660 qune
296 586 340 644 od
366 585 483 645 Sacrae
509 585 694 660 Scripturoe
718 589 798 646 locos
832 587 947 660 aliquot
981 589 1093 646 rectius
1118 587 1339 658 connascendos
1365 588 1481 660 scripto

190 695 273 761 sunt,
304 706 362 762 quo
390 691 421 747 in
447 704 560 762 penore
587 689 621 746 id
646 690 720 746 sotis
747 687 938 745 memorabile
969 695 1027 761 est,
1063 689 1219 760 uutpntnm
1249 704 1337 763 quum
1369 695 1481 746 norunt

191 789 371 865 Scripturoe
398 792 625 848 translationem
655 789 794 848 Latinam
821 791 910 862 otiosi
934 792 1135 863 prunrntutiee
1162 792 1309 864 seriptum
1331 796 1420 863 utque
1443 790 1482 847 alr

191 895 256 967 ipso
283 891 403 966 Spiritu
430 890 546 951 Soneio
574 899 717 951 eccurute
751 893 915 949 institutum
950 894 1098 950 acerrime
1132 893 1170 950 nb
1198 894 1282 950 istius
1305 888 1483 964 surrupinis

192 1001 317 1054 erectore
339 992 473 1065 defendi,
498 1009 583 1067 netem
606 995 778 1067 ceteroquin
800 995 1065 1065 prummotteorum
1082 1000 1214 1062 ueterum
1225 995 1402 1068 praeceptis
1422 1010 1483 1052 non

191 1097 386 1154 mediocriter
415 1095 549 1154 inbutum
572 1094 671 1167 [trisse
696 1095 796 1153 multis
829 1095 903 1153 locis
926 1095 1088 1168 probetur.
1146 1095 1242 1169 Atque
1270 1103 1301 1153 ut
1331 1097 1484 1170 excerptis
1555 1174 1559 1181 ¹

192 1199 353 1271 quaeruut
371 1195 651 1268 succendebantur,
675 1202 777 1254 cetero
800 1197 1010 1268 relinquerem,
1035 1213 1069 1254 eo
1087 1197 1214 1268 facilius
1237 1197 1275 1254 alr
1298 1199 1399 1255 unimo
1419 1212 1484 1255 meo

193 1301 364 1374 impetranti,
384 1305 546 1373 postquem
574 1300 694 1356 minime
722 1301 801 1356 inter
823 1315 854 1356 se
875 1297 1040 1357 conterrere
1061 1300 1182 1370 simpulo
1205 1300 1286 1371 iridi,
1318 1299 1399 1372 quod
1425 1314 1484 1372 utto

191 1403 295 1460 metius
324 1402 564 1474 intellepcretur,
598 1402 716 1474 prioris
749 1406 897 1458 tractatus
927 1401 1060 1474 pupinus
1088 1407 1149 1458 tres
1176 1402 1312 1474 inteprns
1336 1402 1487 1474 proposui

189 1521 221 1579 p.
249 1509 414 1574 tit—175,
443 1508 486 1559 tr.
532 1500 611 1560 Nom
634 1503 717 1560 nullo
738 1501 814 1559 hirec
828 1504 1045 1560 sententiarum
1067 1518 1186 1560 conexu
1208 1502 1410 1561 intercedente
1431 1519 1484 1560 ee·

187 1607 290 1680 positu
311 1621 374 1664 esse
395 1604 489 1663 uides.
535 1603 619 1662 Idem
638 1619 766 1677 prorsus
788 1603 826 1662 de
848 1604 946 1662 altero
961 1610 1097 1664 tructntu
1111 1604 1304 1662 statuendum
1324 1611 1376 1675 est,
1400 1604 1486 1662 cuius

192 1709 309 1766 initium
331 1706 388 1766 troc
414 1713 474 1766 est:

279 1806 290 1866 l
313 1807 449 1866 Beatus
472 1805 709 1865 ilicronimns
731 1807 764 1864 in
789 1803 886 1863 libro
909 1804 1177 1865 liebraicorum
1201 1807 1388 1866 nominum
1412 1823 1486 1885 quo·

195 1910 273 1968 tiens
295 1909 325 1966 in
349 1909 443 1966 ueteri
466 1915 642 1967 testamento
666 1924 773 1966 nomen
797 1907 929 1985 repperit
952 1907 1040 1966 isaiae
1063 1887 1193 1986 (if-saie),
1230 1927 1283 1986 per
1311 1909 1321 1966 i
1349 1907 1485 1985 protulit;

192 2018 222 2070 at
245 2009 296 2070 nbi
320 2009 402 2069 uenit
424 2009 459 2069 ad
484 2027 592 2069 nouum
617 2015 836 2076 testamentum,
861 2006 936 2067 idest
958 2007 993 2067 ad
1016 2009 1211 2086 euangelium,
1236 2012 1372 2088 protinus
1395 2030 1447 2089 per
1471 2032 1487 2070 e

193 2111 268 2172 dixit
291 2111 444 2171 ‘Esaiam’
468 2118 496 2169 et
518 2113 618 2171 statim
641 2108 812 2170 subintulit:
840 2111 983 2168 ‘uerum
1012 2110 1106 2190 apud
1131 2109 1295 2171 {lehreos
1323 2111 1364 2174 ab
1390 2114 1398 2171 i
1422 2111 1486 2172 lit-

192 2223 275 2273 tera
298 2214 408 2274 sumit
431 2211 653 2272 exordium’.
700 2211 781 2271 Vnde
805 2212 971 2271 certissime
994 2212 1145 2272 sciendum
1170 2213 1266 2292 plane,
1290 2214 1368 2293 quod
1393 2232 1446 2292 per
1471 2235 1487 2273 e

194 2315 245 2392 (nn
268 2333 321 2394 per
344 2315 382 2392 n)
413 2313 553 2375 debemus
582 2314 610 2374 id
642 2331 759 2392 semper
788 2314 904 2373 eiierre.
948 2313 1008 2374 Nec
1032 2315 1154 2382 mirum,
1184 2333 1251 2374 cum
1281 2323 1311 2374 et
1332 2314 1369 2375 ab
1392 2315 1486 2377 Edom

193 2416 398 2497 nonvlidomei
421 2416 471 2476 sed
496 2416 609 2477 idumei
633 2414 915 2496 sitproierendnm.
964 2415 987 2476 tt
1012 2416 1075 2488 Non
1100 2418 1178 2476 enim
1201 2425 1361 2479 coutuntur
1384 2417 1487 2479 ludaei

193 2518 412 2597 Samaritanis].
456 2518 539 2578 Licet
567 2519 661 2587 enim,
691 2519 769 2577 sient
790 2517 907 2586 ‘iruor’,
937 2519 980 2576 sic
1002 2527 1032 2578 et
1054 2517 1145 2578 ‘utor'
1174 2522 1313 2595 iungatur
1342 2516 1482 2590 ablatiuo,

194 2630 291 2682 tamen
320 2621 369 2682 hic
397 2621 623 2681 ‘Samaritanis'
654 2621 785 2689 datiuus,
822 2630 853 2680 ut
882 2623 1001 2680 ‘eoutor
1030 2621 1111 2682 tibi'.
1162 2621 1198 2681 lli
1233 2620 1340 2700 Figura
1371 2623 1485 2684 heroici

154 2734 159 2740 “
193 2743 300 2786 uersus
323 2733 389 2792 etc,
412 2724 457 2797 cf.
478 2742 511 2800 p.
537 2731 601 2798 183,
629 2731 670 2783 tt.

277 2830 321 2888 Hi
347 2830 442 2902 ipitur
468 2835 635 2899 tracturus,
671 2843 853 2900 orcomenam
886 2844 939 2885 suo
968 2834 1092 2902 uterque
1117 2829 1206 2888 modo
1233 2831 1406 2903 conpositus
1432 2834 1485 2901 est,

194 2939 265 2991 sunt
292 2936 391 2989 tumen
418 2930 581 3003 nonnulle,
616 2945 695 3001 quoe
728 2931 758 2986 in
791 2934 919 3002 utroque
951 2930 1057 2987 eudem
1089 2932 1208 2989 ratione
1233 2932 1391 3005 explicato
1424 2947 1487 2990 esse

194 3034 309 3092 uidens.
355 3031 464 3104 Itaque
486 3032 517 3088 in
540 3027 685 3100 alteros.
711 3034 768 3113 ⁶3⁶.
789 3029 864 3089 doce
885 3032 1043 3103 tepentur:

280 3130 364 3201 Quod
388 3130 560 3191 Priscianus
582 3128 663 3197 dixit,
687 3130 765 3206 quod
788 3131 863 3189 sicut
885 3148 900 3189 a
924 3149 995 3209 rege
1018 3132 1081 3192 rexi
1103 3131 1220 3211 dempta
1243 3134 1253 3191 i
1275 3140 1409 3193 remanet
1432 3152 1486 3194 rex

195 3243 226 3294 et
249 3253 265 3293 a
289 3232 360 3293 duxi
383 3232 502 3309 (adduxi
525 3231 604 3311 cod.)
628 3229 685 3291 dux
710 3239 739 3291 et
761 3250 776 3291 a
800 3230 884 3291 luceo
908 3230 966 3292 luxi
989 3231 1048 3302 lux,
1072 3236 1114 3295 sic
1137 3253 1152 3293 a
1176 3236 1324 3312 coniunge
1346 3237 1486 3296 coniunxi

195 3339 322 3397 coniunx
349 3334 456 3395 debeat
471 3333 541 3402 dici,
565 3333 718 3393 sciendum
742 3333 920 3402 certissime,
944 3333 1111 3396 nullatenus
1133 3336 1162 3394 id
1185 3355 1291 3396 uerum
1315 3353 1394 3405 esse,
1418 3339 1485 3414 quia

195 3438 336 3500 uidelicet
358 3439 387 3497 in
411 3433 616 3513 superioribus
639 3433 739 3495 inerbis
768 3433 885 3494 uocales
909 3435 1054 3496 habentur
1082 3446 1149 3497 ante
1178 3437 1311 3500 ultimam
1333 3437 1484 3518 syllabam,

195 3558 253 3601 non
278 3541 365 3601 eliam
389 3546 599 3604 consonantes,
631 3544 663 3596 ut
691 3535 780 3596 liabet
802 3537 975 3598 ‘coniunxi’.
1022 3539 1058 3598 Vt
1085 3546 1181 3599 autem
1204 3539 1314 3600 clareat
1336 3550 1365 3600 et
1388 3549 1487 3619 pateat

196 3645 289 3703 iurma
312 3642 474 3701 eoniormis
497 3648 526 3700 et
549 3657 652 3699 norma
681 3637 840 3716 regularis,
869 3638 1022 3700 consimile
1052 3640 1176 3701 uerbum
1206 3643 1348 3721 competit
1374 3645 1484 3721 quaeri,

196 3763 254 3824 quo
276 3744 402 3804 ueritate
425 3741 511 3801 simul
535 3749 623 3817 atque
646 3739 824 3800 certitudine
853 3741 896 3800 rei
925 3744 1028 3819 possit,
1060 3751 1092 3802 ut
1115 3742 1248 3821 expedit,
1278 3745 1401 3822 quisque
1424 3743 1487 3804 stult

196 3846 320 3905 intueri:
351 3847 478 3921 ninguo,
507 3845 584 3903 sicut
607 3854 636 3904 et
658 3845 823 3920 coniunge,
854 3841 942 3902 habet
963 3863 982 3903 n
1007 3845 1034 3902 in
1059 3844 1238 3922 penultimo;
1263 3846 1386 3924 proinde
1410 3849 1487 3906 sicut

196 3966 212 4006 a
235 3948 325 4023 ningo
348 3954 377 4004 et
400 3947 481 4006 ninxi
506 3963 564 4005 non
588 3947 620 4005 stt
643 3947 722 4012 ninx,
747 3944 798 4004 sed
822 3945 881 4013 nix,
906 3947 944 4003 ita
961 3964 1085 4023 prorsus
1108 3955 1137 4004 et
1152 3965 1168 4006 a
1184 3948 1331 4024 coniunge
1347 3949 1486 4008 coniunxi

197 4067 255 4108 non
291 4048 323 4107 tn
357 4047 415 4107 ulio
450 4048 537 4107 modo
565 4044 742 4123 regulariter
779 4047 921 4114 coniunx,
952 4047 1004 4106 sed
1033 4048 1204 4108 omnimodo
1234 4050 1351 4109 coniux.
1403 4049 1486 4109 Vnde

197 4151 358 4210 Sanctus
386 4151 618 4227 Augustinus
646 4149 680 4206 in
715 4149 808 4207 artis
839 4150 1101 4224 grammaticae
1132 4149 1377 4226 (grannnaticicae
1406 4150 1485 4228 eod.)

198 4251 290 4320 libro,
321 4252 408 4311 sicuti
430 4249 488 4310 dux
512 4258 541 4309 et
563 4248 627 4318 lux,
656 4251 699 4309 sie
728 4248 815 4309 docet
837 4251 940 4316 etiarn,
964 4250 1042 4326 quod
1068 4253 1097 4311 in
1122 4271 1158 4310 ux
1183 4252 1297 4312 desinat
1320 4252 1411 4328 (suit:
1434 4250 1485 4310 de·

196 4352 301 4431 signat)
325 4355 441 4412 coniux.

281 4457 340 4516 Hic
368 4459 530 4529 Aztpusttut
554 4458 636 4515 locus
663 4458 693 4514 in
721 4458 784 4514 eius
816 4456 938 4529 scriptis
963 4459 1171 4529 prumtrrnticis
1205 4473 1265 4515 non
1299 4463 1399 4528 cetat,
1429 4459 1489 4516 nisi

197 4562 374 4635 scriptorem
397 4560 434 4615 de
455 4575 490 4616 eo
514 4559 700 4632 lleputurum
723 4559 789 4617 Ioco
811 4559 959 4630 copitusse
981 4557 1080 4630 diens,
1114 4562 1167 4633 qui
1186 4566 1230 4617 est
1247 4575 1281 4633 p.
1307 4563 1373 4630 503,
1401 4566 1418 4616 5
1443 4561 1486 4618 ll:

198 4660 278 4719 ‘Erit
300 4677 392 4737 genus
415 4676 570 4718 commune
595 4661 675 4719 etin
698 4663 746 4717 iux
770 4656 926 4738 syllabam,
950 4664 982 4716 ut
1004 4660 1125 4727 coniux,
1150 4658 1198 4719 liic
1222 4669 1250 4718 et
1273 4656 1345 4718 haec
1368 4662 1485 4719 coniux.

198 4761 266 4819 Exit
288 4770 316 4821 et
339 4763 368 4820 in
392 4781 440 4829 ux,
464 4772 496 4821 ut
520 4760 566 4819 nie
590 4770 619 4820 et
642 4761 714 4820 liaeo
736 4759 793 4819 dux
818 4759 931 4819 redux'.
977 4759 1038 4819 Sed
1058 4763 1115 4821 ltoc
1133 4779 1245 4836 perum
1260 4763 1417 4836 proteum
1431 4772 1484 4822 est.

198 4864 269 4922 Cum
292 4863 338 4923 liis
360 4867 453 4937 ipitur
474 4862 628 4937 conferes,
653 4881 730 4937 quoe
749 4881 780 4937 p.
808 4869 873 4936 rto,
899 4869 1000 4921 3—tr
1022 4866 1171 4938 excerpsi.
