3382 5476
204 378 268 445 204
597 376 833 430 COMMENTVM
851 378 1096 430 utnumnnusn

206 577 265 639 est,
288 586 364 646 quae
386 568 489 645 genuit
511 566 600 628 nobis
622 565 814 634 saluatorem,
838 566 902 625 eius
923 563 1008 644 prole
1029 562 1135 626 saluati
1156 582 1274 636 sumus,
1303 568 1333 627 ei
1355 566 1499 628 bonorem

205 669 323 736 deuius,
347 689 412 731 eam
436 666 603 735 laudamus,
632 666 670 727 ab
693 687 726 727 ea
749 677 900 729 auctorem
924 649 1002 727 tritae
1025 665 1071 727 uel
1095 665 1264 746 exemplum
1286 667 1394 729 salutis
1414 686 1498 729 aece-

204 773 324 849 pimus)
369 771 512 830 ‘Sanctae
541 767 695 837 mulieres,
724 787 800 847 (pirae
828 768 980 828 dominum
1010 788 1024 825 u
1048 767 1159 829 Galilea
1187 776 1307 830 secutae
1333 777 1418 838 sunt,
1447 788 1500 831 eae

203 883 285 941 sunt,
309 892 383 954 quae
407 870 493 932 uobis
515 871 601 931 lldem
626 870 784 939 dederunt,
815 887 916 929 earnm
939 887 1077 931 sermone
1099 868 1206 932 imbuti
1228 876 1347 943 sumtis,
1371 872 1416 933 cis
1437 870 1499 932 lau·
1537 882 1552 893 ·

204 975 270 1035 dem
294 973 414 1041 delirus,
439 990 488 1033 eas
510 970 679 1040 laudamus,
702 971 739 1031 ab
763 973 807 1031 eis
830 970 997 1050 exemplum
1021 972 1088 1031 tidei
1111 973 1302 1052 accepimus!
1346 972 1524 1041 ‘vernans

204 1075 281 1155 «pund
304 1077 334 1135 iu
359 1075 504 1154 principio
528 1081 591 1133 erat
612 1072 690 1153 apud
713 1072 882 1140 domiuum,
906 1071 935 1131 id
958 1090 1028 1132 caro
1051 1074 1161 1133 lactum
1184 1081 1230 1133 est
1249 1074 1279 1134 in
1303 1074 1364 1135 line
1385 1080 1500 1154 tempo·

204 1196 286 1253 ritui,
316 1179 381 1236 eius
409 1175 613 1236 misericordia
640 1174 787 1252 redempti
815 1192 933 1247 surmus,
965 1176 991 1233 ei
1015 1171 1132 1235 laudem
1156 1174 1315 1244 debemus,
1343 1173 1373 1234 id
1395 1174 1500 1235 adora·

206 1298 271 1340 retiis
294 1287 323 1338 et
344 1277 558 1356 glorificamus,
582 1273 619 1335 ab
635 1295 670 1335 eo
687 1273 804 1336 liberati
826 1280 951 1335 sumus!
983 1275 1107 1346 ‘Verba
1131 1293 1205 1353 quae
1220 1275 1362 1337 dontinus
1386 1275 1500 1337 locutus

205 1389 250 1439 est
273 1382 301 1439 iu
326 1378 494 1458 euangelio,
525 1396 557 1437 ea
581 1383 666 1446 sunt,
696 1395 771 1456 quae
794 1392 848 1435 nos
870 1377 1020 1437 instruunt
1041 1377 1077 1437 ad
1101 1386 1252 1439 aeternam
1275 1376 1499 1445 beatitudiuem,

205 1501 307 1543 eorrmr
336 1480 537 1541 admonitione
565 1477 670 1556 repleti
699 1496 816 1545 sunnis,
846 1478 890 1537 eis
919 1477 1062 1539 oboedire
1089 1477 1248 1556 debemus,
1278 1497 1311 1539 ea
1333 1496 1536 1547 seinamma»

206 1584 242 1644 ab
266 1585 308 1644 eis
331 1583 436 1643 imluiti
461 1584 586 1641 surinus)

123 1704 127 1714 ·
180 1702 192 1740 r
290 1685 440 1745 ‘lnsruita’
465 1683 603 1742 (liceretur
626 1684 695 1750 ista,
719 1683 855 1761 eoquod
880 1702 937 1741 iton
961 1684 1019 1742 siut
1041 1684 1138 1750 linita;
1167 1684 1338 1742 reienrntur·
1361 1683 1441 1743 enim
1463 1682 1499 1743 ad

205 1806 324 1847 ornnem
347 1783 540 1846 substantiam
564 1790 593 1842 ot
616 1785 774 1861 requirunt
796 1802 968 1862 personam,
999 1783 1050 1844 sed
1081 1803 1139 1845 non
1163 1784 1376 1844 demonstrant„
1421 1784 1500 1863 Ergo

206 1886 311 1948 melius
333 1889 452 1947 nomina
474 1894 555 1953 sunt,
581 1891 613 1944 ut
634 1887 772 1963 superins
787 1884 923 1945 diximus.
938 1918 983 1929 —
997 1885 1093 1968 lOuis'
1110 1894 1140 1946 et
1155 1886 1230 1962 ‘qui'
1247 1885 1306 1945 duo
1321 1888 1499 1949 nominatlui

205 1999 288 2062 suut,
313 1988 364 2049 sed
389 1987 445 2048 boc
468 1986 569 2059 distat,
594 1986 663 2063 quia
686 1987 761 2062 ‘qui’
785 2004 840 2065 pre
863 1988 953 2066 ‘quis’
977 1990 1106 2067 ponitur,
1130 1989 1223 2067 ‘quis'
1247 2006 1321 2048 uere
1343 2005 1399 2066 pro
1422 1989 1500 2065 ‘qui'
1514 2012 1537 2051 rs

206 2106 361 2167 nusquam,
385 2089 437 2148 sed
462 2096 574 2149 tantum
597 2089 845 2165 interrogatiuum
870 2098 929 2157 est,
952 2097 1000 2150 ut:
1026 2091 1103 2168 ‘ptris
1126 2088 1228 2168 legitl’
1273 2088 1373 2168 ‘lpse‚
1397 2091 1502 2170 quiet

52 2192 314 2262 uptunrabodie!
360 2192 450 2262 ‘Quis
473 2192 519 2250 uir
543 2190 614 2250 lecit
634 2188 725 2248 bocl'
770 2189 878 2250 ‘Cuius
901 2192 959 2251 uiri
988 2198 1033 2251 est
1054 2192 1110 2251 iste
1132 2191 1244 2252 liliusi'
1289 2191 1499 2253 ‘Possessiua’

204 2294 343 2355 dicuntur
372 2293 426 2353 ista
455 2293 646 2370 pronomina,
681 2310 716 2351 eo
745 2291 823 2368 quod
853 2295 1070 2371 possessionem
1101 2292 1321 2362 demonstrant,
1345 2301 1380 2353 ot
1401 2297 1500 2354 ‘meus

204 2397 321 2475 equus'.
359 2394 456 2455 Finita
472 2392 610 2454 dicuntur
625 2394 690 2469 ista,
714 2394 791 2470 quia,
816 2395 866 2470 qui
889 2393 961 2454 dicit
982 2397 1101 2465 ‘meus’,
1125 2396 1154 2454 in
1178 2395 1345 2474 praesentia
1369 2402 1426 2457 est.
1463 2394 1500 2456 Et

203 2496 357 2558 sciendum
382 2504 438 2568 est,
462 2496 528 2574 quia
553 2496 581 2553 in
606 2493 662 2555 hoc
685 2497 861 2574 pronomine
883 2498 1052 2575 possession
1074 2494 1150 2557 duae
1173 2514 1318 2575 personae
1338 2506 1418 2567 sunt,
1442 2514 1539 2561 uuaro

204 2600 388 2678 possessoris
410 2599 606 2665 intrinsecus,
630 2596 679 2657 ubi
702 2599 821 2675 generis
843 2598 940 2656 omnis
962 2605 1020 2665 est,
1044 2599 1120 2658 sieut
1135 2595 1148 2678 ΙΙ
1165 2595 1226 2659 115
1240 2592 1254 2680 ΙΙ
1269 2608 1299 2659 ει
1313 2598 1501 2674 primitiuum

97 2686 100 2691 ’
204 2719 307 2769 suum,
331 2699 456 2760 alterum
480 2700 675 2778 possessionis
698 2701 899 2768 extrinsecus,
929 2701 998 2776 quia
1021 2701 1078 2760 iam
1102 2698 1211 2759 mobile
1234 2706 1293 2767 est,
1317 2699 1347 2759 in
1371 2717 1407 2759 us
1429 2699 1499 2759 ina

82 2824 190 2873 passu
204 2805 234 2863 in
249 2821 308 2864 um.
339 2799 386 2863 ltd
410 2799 554 2877 aliquid
578 2800 694 2868 dieta,
711 2803 730 2860 i.
747 2800 782 2861 ad
799 2798 908 2880 aliquid
924 2819 956 2860 se
971 2799 1125 2869 babentia;
1141 2810 1260 2881 praeter
1275 2819 1307 2861 se
1323 2802 1404 2862 euim
1420 2798 1500 2863 aliud

204 2904 421 2971 (lenionstrant,
445 2900 693 2980 quemadmodum
716 2903 741 2961 si
763 2901 843 2961 dieas
866 2909 994 2980 patrem,
1019 2901 1157 2981 intelligis
1178 2902 1286 2969 lilium,
1315 2903 1354 2963 ita
1378 2909 1409 2963 ut
1431 2921 1500 2964 oum

204 3004 277 3064 dieis
299 3006 428 3070 ‘rneus',
457 2999 654 3080 semiplenum
683 3011 743 3071 est,
774 3001 870 3063 adbuc
898 3004 1008 3083 pendet
1039 3023 1158 3072 sensus,
1194 3022 1287 3083 usque
1315 3001 1386 3065 dum
1416 3004 1541 3069 dicasse

204 3105 301 3165 ‘meus
317 3104 417 3164 bomo’
436 3102 482 3162 uel
500 3104 627 3182 ‘equus'.
672 3102 769 3163 Habet
791 3105 878 3163 etiam
901 3107 1082 3166 uocatiuum.
1128 3107 1285 3168 Possessor
1307 3106 1388 3167 enim
1410 3114 1503 3169 uocat

204 3225 287 3268 suam
311 3207 538 3286 possessionem,
564 3213 596 3264 ut
612 3207 642 3264 ‘o
660 3207 698 3263 mi
714 3202 776 3264 nti’,
822 3205 917 3265 ‘lleus
941 3205 1028 3267 bomo
1052 3215 1097 3267 est
1118 3209 1197 3275 iste’.
1222 3208 1303 3268 ‘tuus
1326 3225 1434 3269 seruus
1456 3217 1503 3269 est

82 3330 190 3380 passus
204 3307 276 3376 ille'‚
301 3308 398 3368 ‘uides
421 3306 520 3367 illum:
545 3306 593 3367 ille
617 3315 751 3367 est-suus
773 3307 885 3367 homo.’
930 3307 1073 3378 Finita,
1097 3311 1166 3388 quia
1189 3311 1240 3389 qui
1262 3308 1336 3369 dicit
1358 3312 1501 3381 ‘noster’,

205 3428 346 3489 praesens
370 3418 422 3470 est.
467 3409 513 3469 Ex
538 3407 659 3470 altera
681 3406 788 3488 parte
810 3408 990 3488 pluralia,
1014 3412 1083 3489 quia
1107 3413 1137 3471 in
1159 3409 1206 3470 his
1228 3390 1503 3489 possessiuisduae

203 3529 350 3592 personae
366 3519 444 3572 sunt.
476 3511 519 3571 Er
534 3519 617 3590 parte
634 3527 704 3587 ergo
720 3511 900 3589 possessoris
921 3508 1046 3589 pluralia
1069 3519 1191 3573 suntet
1213 3530 1249 3572 ex
1271 3519 1358 3591 parte
1380 3530 1501 3593 posses-
1514 3540 1541 3581 ω

203 3614 296 3673 sionis
319 3611 493 3691 singularia:
517 3611 601 3673 uerbi
617 3612 710 3689 gratia
726 3614 840 3674 ‘noster
860 3611 966 3673 tilius':
991 3631 1046 3674 nos
1067 3612 1169 3692 plures
1189 3631 1291 3676 manus
1309 3620 1340 3674 et
1355 3612 1503 3677 babemus

204 3732 294 3775 unum
317 3714 419 3775 filium.

82 3838 190 3887 passu
290 3816 321 3876 u.
340 3815 387 3875 [ia
410 3813 554 3886 borum,
577 3835 601 3877 s.
625 3817 848 3895 pronominum.
887 3817 949 3886 lla,
973 3818 993 3876 i.
1010 3813 1068 3892 dic,
1083 3819 1162 3878 sieut
1183 3818 1308 3897 ‘accipe’
1324 3834 1380 3897 pro
1395 3818 1501 3889 ‘audin

204 3924 236 3977 ut
258 3924 303 3977 est
323 3914 411 3978 illud:

404 4019 540 4099 decipe
562 4037 656 4080 nunc
677 4019 834 4081 Danaum
859 4019 1019 4082 insidias
1041 4029 1077 4081 et
1099 4022 1238 4082 crimen
1259 4019 1303 4082 ab
1325 4039 1407 4086 uno.
1512 4040 1541 4082 as

203 4121 237 4181 il.
261 4120 285 4181 0
308 4120 463 4198 magister,
487 4124 625 4203 superius
648 4120 749 4181 dixisti
770 4121 915 4200 simplicia
939 4125 1128 4203 pronomina,
1152 4121 1241 4184 inodo
1259 4121 1308 4185 dic
1323 4129 1501 4205 composita.

202 4222 241 4284 Μ.
266 4221 428 4299 Egomet,
453 4225 648 4302 compositum
665 4230 710 4283 est
725 4222 762 4283 ab
778 4241 833 4301 ego
850 4234 880 4285 et
895 4234 970 4294 met,
996 4243 1071 4303 quae
1094 4235 1139 4287 est
1160 4224 1286 4286 adiectio
1309 4224 1500 4305 syllabarum.

203 4322 374 4385 [leelinatur
397 4341 468 4402 ergo
496 4342 532 4384 ex
560 4331 643 4403 parte
673 4325 847 4386 nominatiui
872 4335 900 4386 et
928 4331 1011 4388 ‘niet’
1039 4325 1287 4388 irnlecliuabiliter
1315 4346 1371 4407 per
1394 4347 1501 4403 omnes

108 4411 111 4415 ’
202 4443 289 4486 εεευε
317 4425 425 4485 currit:
456 4432 585 4493 nosmet,
616 4433 750 4487 nostrum
780 4427 826 4487 uel
850 4430 944 4488 uestri
971 4431 1123 4506 genitiuus
1151 4427 1273 4509 pluralis
1303 4448 1362 4490 non
1391 4433 1501 4513 recipit

202 4528 287 4586 ‘met’
303 4524 454 4605 syllabam,
478 4543 515 4585 ne
531 4533 652 4605 putetur
675 4546 741 4588 esse
764 4530 974 4607 possessiuum.
1018 4530 1157 4591 Tutemet
1180 4529 1226 4591 uel
1249 4536 1320 4601 tute,
1345 4550 1406 4593 non
1430 4533 1540 4595 iaeiteo

270 4713 285 4761 ⁷
304 4706 436 4776 debemus]
456 4711 512 4761 An:
531 4711 638 4762 demus?
657 4716 690 4777 es.
710 4729 791 4778 rupee
809 4717 824 4765 l.
843 4719 868 4765 2.
887 4719 904 4766 5
921 4723 990 4781 etp.
1010 4718 1071 4776 203.
1091 4720 1135 4770 st.
1149 4720 1184 4769 37
1252 4718 1283 4768 st
1303 4732 1351 4767 nos
1370 4718 1458 4785 plures
1476 4730 1502 4771 et

201 4847 235 4896 34
252 4844 326 4910 illud]
350 4848 429 4912 Verp.
447 4847 512 4898 Aen.
531 4848 566 4898 11
583 4852 616 4899 65
684 4852 717 4900 35
734 4807 842 4901 insidias
858 4779 970 4901 ilanauin
