3382 5476
265 379 388 429 cxxxn
649 365 702 417 DE
720 363 965 418 mssonannnt
984 365 1174 418 sunnonis.

348 555 448 630 Ipitur
468 552 496 615 si
516 554 592 616 naec
613 552 714 616 omnia
730 555 957 631 perpendimus,
977 554 1076 628 focile
1097 551 1295 629 adducimur,
1320 561 1352 615 ut
1373 572 1434 615 non
1455 551 1554 614 Isido-

264 654 332 719 runi
354 666 486 726 tantum,
515 658 570 716 sed
595 659 725 718 alterum
751 659 876 733 insuper
897 656 1013 730 sontem
1036 674 1056 715 a
1075 654 1223 730 massarii
1242 664 1367 717 auctore
1388 653 1555 716 addiln'twn

263 777 327 820 esse
352 758 555 836 suspicemure
582 776 653 819 nam
682 757 924 832 differattiarum
952 755 1058 836 istam,
1083 775 1163 834 quac
1184 767 1327 834 uocatur,
1352 760 1555 820 collectionem

264 879 324 922 non
347 862 480 922 omnious
501 864 574 922 locis
592 879 652 938 pro
674 860 790 922 Isidori
810 860 889 921 libro
911 859 1015 937 accipi
1027 859 1116 938 posse
1130 865 1180 922 uel
1192 859 1265 922 inde
1278 862 1460 923 concludere
1473 858 1555 937 licet,

235 1024 239 1032 ,
264 965 346 1038 quod
361 963 391 1037 s.
417 960 472 1022 75ι
494 965 551 1024 col.
573 966 596 1024 2
621 961 757 1039 duplicis
778 960 993 1040 explicationis
1014 966 1115 1024 altero
1143 966 1187 1023 od
1212 966 1391 1024 ‘monum
1413 964 1556 1038 differen-

264 1068 343 1141 tios’‚
367 1068 465 1126 altero
487 1067 530 1125 ad
551 1063 869 1138 Isidorumresertur.
915 1066 953 1125 At
972 1065 1112 1140 plurimis
1138 1064 1216 1127 locis
1237 1067 1338 1126 eodem
1360 1064 1415 1126 illo
1436 1060 1558 1125 nomine

263 1165 417 1227 Isidorum
439 1165 612 1242 sionificari
634 1176 663 1227 ct
683 1165 717 1228 in
740 1166 828 1228 Ituius
850 1174 1000 1228 tractatus
1026 1165 1117 1228 initio
1144 1169 1264 1229 abunde
1285 1164 1558 1229 demonstrauimus

263 1277 293 1328 et
313 1267 387 1328 inde
408 1267 559 1343 efficitur,
588 1271 670 1345 qnod
686 1269 715 1342 s.
742 1266 796 1328 47ι
823 1271 879 1329 col.
902 1272 925 1330 2
951 1277 981 1330 et
1006 1269 1033 1342 s.
1060 1266 1114 1328 tal
1142 1272 1198 1330 col.
1227 1277 1242 1328 1
1269 1272 1420 1330 alterutro
1448 1283 1556 1328 uocum

264 1367 400 1444 ‘nucarii
427 1379 456 1430 et
478 1368 622 1446 auspicii
652 1369 802 1447 expositio
831 1373 874 1430 od
899 1389 990 1432 unum
1019 1374 1103 1432 illum
1131 1373 1182 1431 ‘ex
1209 1369 1405 1447 differentiis’
1439 1367 1557 1430 titulum
1639 1384 1645 1400 ¹

264 1475 494 1533 accommodata
515 1480 567 1533 est.
613 1473 680 1534 Hoe
701 1471 798 1548 ipitur
819 1489 897 1533 corte
913 1472 1029 1546 socios,
1054 1481 1087 1533 ut
1109 1490 1209 1534 omncs
1229 1490 1281 1533 cas
1300 1476 1427 1548 plassas,
1450 1469 1558 1546 quinus

265 1575 314 1632 ‘de
336 1571 522 1650 differentiis
543 1576 724 1635 sermonum’
746 1582 819 1635 nota
837 1573 1035 1651 praescripta
1056 1583 1109 1649 est,
1134 1592 1174 1636 ex
1189 1574 1312 1635 diuerso
1327 1575 1457 1650 quodam
1469 1571 1558 1645 sonte

265 1677 424 1736 alienauit
447 1675 562 1737 Isidori
582 1675 664 1737 liltro
683 1675 798 1753 petitas
819 1694 882 1737 esse
904 1676 1005 1746 dicas,
1028 1675 1110 1753 quia,
1134 1693 1312 1754 quamquam
1335 1676 1502 1749 Isidorum,
1526 1682 1559 1734 ut

263 1775 297 1836 in
327 1774 495 1852 oripinious
518 1777 611 1853 fecit,
646 1777 692 1839 ita
720 1776 753 1839 in
785 1779 843 1838 Itoc
871 1796 988 1855 quoque
1016 1782 1160 1856 opusculo
1188 1787 1322 1840 ueterum
1349 1775 1556 1838 auctoritatem

264 1896 355 1954 quom
378 1878 540 1940 artissimis
568 1878 706 1954 uestioiis
721 1882 868 1966 pressisse
891 1897 958 1956 par
979 1889 1036 1954 est,
1067 1881 1101 1942 id
1127 1868 1227 1940 tdmen
1255 1883 1311 1940 uie
1337 1881 1424 1940 credi
1444 1885 1556 1954 potest,

263 1981 352 2055 lonpe
379 1985 523 2042 maiorem
551 1982 590 2041 ab
617 1998 652 2042 eo
680 1983 921 2058 differentiarum
944 1990 1067 2059 partem
1095 1983 1198 2042 iisdem
1223 1963 1318 2056 plane
1345 1980 1444 2039 neritis
1471 1987 1556 2038 tran·

263 2085 424 2159 scriptam,
455 2086 529 2143 satis
556 2090 655 2144 autem
682 2085 840 2159 enipeum,
869 2087 897 2144 si
923 2099 990 2143 cum
1012 2085 1066 2143 illo
1087 2100 1253 2162 conpares,
1282 2090 1426 2144 mutatam
1450 2080 1564 2154 fuisse.

267 2184 423 2256 Onoraea
441 2188 544 2261 potius
566 2188 692 2246 inclinat
713 2188 878 2263 sententia,
900 2188 1045 2261 plassarii
1066 2193 1228 2258 auctorem,
1257 2202 1324 2246 cum
1346 2186 1484 2260 inprimis
1504 2184 1558 2242 Isi·

266 2287 373 2348 dorum
396 2295 581 2363 sequeretur,
604 2290 728 2357 deinde,
757 2288 880 2363 siquid
900 2290 950 2347 ille
972 2290 1127 2354 omisisset,
1158 2289 1249 2346 alium
1272 2288 1421 2361 quendam
1439 2283 1557 2358 fontem

265 2387 438 2464 adhiberet,
469 2392 512 2450 ad
538 2390 750 2450 ostendendam
778 2392 949 2464 orpumcnti
974 2392 1198 2451 similitudinem
1226 2396 1317 2463 atque
1340 2393 1558 2464 capuanam,

261 2500 355 2565 prout
376 2492 491 2565 liberet,
516 2495 619 2552 codem
642 2494 774 2553 omnious
796 2495 919 2553 nomina
941 2494 1113 2568 inposuisse.
1157 2492 1208 2550 Ita
1226 2490 1348 2563 sactum
1370 2497 1430 2568 est,
1454 2498 1486 2549 ut
1507 2504 1557 2548 no·

265 2594 374 2653 minum
397 2595 503 2668 quidus
525 2594 641 2655 diuersi
664 2593 765 2665 sontes
795 2595 1052 2662 discernerentur,
1081 2600 1165 2654 certo
1192 2590 1415 2668 siqnificatione
1439 2591 1559 2651 sublata

266 2712 303 2754 ea
324 2712 441 2771 quoquc
463 2695 576 2756 Isidori
597 2699 714 2756 nornine
735 2704 923 2770 notarentur,
948 2712 1028 2771 quoe
1054 2712 1095 2756 ce
1121 2697 1183 2755 alio
1211 2701 1318 2755 auctor
1335 2694 1426 2768 sonte
1443 2695 1558 2771 petiue-

265 2793 369 2876 rat.*)
416 2798 495 2858 Hinc
517 2806 546 2857 ct
567 2798 645 2858 illud
666 2801 852 2874 explicatur,
881 2799 963 2872 quod
985 2796 1013 2870 s.
1038 2803 1090 2856 19⁰
1111 2799 1167 2857 coi.
1194 2802 1210 2854 2
1235 2797 1295 2856 duo
1316 2797 1377 2857 loci
1396 2812 1436 2855 ex
1457 2795 1559 2854 eodem

266 2899 382 2959 Isidori
408 2897 654 2975 differentiarum
687 2900 765 2959 libro
794 2917 826 2974 p.
860 2906 934 2967 744,
965 2906 1020 2967 62;
1050 2917 1086 2975 p.
1118 2906 1153 2957 to
1179 2899 1233 2958 Ar.
1262 2905 1291 2958 et
1312 2915 1347 2974 p.
1379 2903 1454 2970 748,
1487 2902 1559 2962 tem

267 3018 299 3075 p.
331 3006 364 3057 19
393 3003 446 3059 Ar.
471 2998 574 3075 petiti,
605 3013 788 3076 quamquam
817 3003 895 3061 alter
927 3003 1055 3061 alterum
1087 3003 1186 3060 statim
1220 3002 1347 3076 excipit,
1383 3005 1481 3058 tamen
1511 2996 1561 3056 ltic

186 3091 192 3103 ⁶
268 3081 392 3170 esunt,
423 3099 476 3160 illc
499 3102 561 3163 ‘Ex
583 3104 764 3179 differentiis
785 3101 897 3163 sermn’
922 3106 952 3162 in
971 3102 1078 3176 [route
1099 3100 1246 3179 scriptum
1268 3103 1370 3169 nabet,
1393 3100 1476 3175 quod
1491 3099 1563 3171 fieri

267 3221 327 3263 aon
344 3207 500 3279 patuisset,
524 3201 584 3263 nisi
602 3202 749 3277 plossorii
770 3213 876 3265 auctor
898 3206 961 3281 ipse
983 3207 1037 3264 itia
1058 3207 1181 3265 nomina
1202 3202 1236 3263 in
1256 3200 1429 3277 promiscua
1445 3216 1561 3278 ponere

266 3322 365 3365 secum
392 3308 551 3366 statuisset.
598 3304 681 3377 Quae
709 3324 775 3366 cum
803 3309 846 3367 ita
868 3310 932 3367 siue
952 3309 1012 3367 sint
1037 3309 1102 3368 siue
1122 3323 1184 3366 esse
1206 3307 1382 3373 uideantur,
1411 3310 1454 3362 cst
1481 3302 1562 3376 quod

273 3409 401 3467 Vseneri
424 3411 597 3467 sententiam
626 3409 815 3483 addubitem,
845 3427 907 3485 quo
934 3411 985 3468 ille
1011 3406 1044 3468 in
1071 3426 1144 3469 mus.
1174 3407 1271 3468 thcn.
1301 3407 1417 3466 XXIV
1439 3422 1470 3479 p.
1501 3409 1559 3461 3⁵35

227 3499 229 3502 ’
267 3517 329 3569 not.
354 3518 373 3567 t
396 3507 531 3570 auctoris
552 3512 693 3569 lemmata
714 3509 880 3572 maximam
903 3519 985 3572 certe
1001 3518 1121 3587 partem
1144 3527 1212 3571 cum
1227 3507 1390 3584 dilipenter
1411 3513 1473 3566 tum
1485 3505 1581 3577 tide·

266 3612 338 3670 liter
359 3611 501 3688 adposita
521 3629 586 3672 esse
606 3611 770 3675 contendit.
806 3596 810 3603 ’

834 3864 916 3929 Onu.
939 3863 1003 3929 III.

447 3981 505 4046 DE
528 3980 738 4047 nnnnnnll
761 3982 1043 4048 GRAMMATICI
1065 3981 1382 4050 DIFFERENTIIS.

353 4123 391 4181 In
413 4125 518 4184 codice
541 4125 726 4184 Einsidlcnsi
747 4130 785 4182 32
805 4139 884 4183 saec.
908 4124 1042 4199 X-XI,
1066 4125 1119 4196 qui
1139 4126 1269 4184 continet
1288 4127 1405 4199 oiossas
1427 4125 1562 4184 Priscia-

268 4241 356 4300 neas,
376 4244 411 4302 p.
437 4226 575 4285 ittonae
606 4227 767 4286 uerborum
801 4223 992 4298 differentiae
1018 4228 1216 4302 praescripto
1247 4225 1422 4286 Terentii
1447 4228 1564 4287 nomine

266 4337 497 4403 proponantur:

334 4580 363 4645 *j
382 4583 472 4632 Isidori
491 4581 593 4631 nomine
611 4591 698 4632 notata
716 4582 794 4632 multa
812 4583 837 4631 in
856 4580 933 4631 huius
952 4580 1073 4646 glossarii
1092 4581 1217 4634 lemmatis
1240 4584 1364 4650 proponi,
1390 4598 1456 4646 quae
1473 4598 1489 4632 a
1507 4581 1565 4632 unl-

267 4661 326 4714 gatu
348 4651 478 4709 codicum,
506 4661 632 4712 quotquot
655 4652 865 4716 etymaslogiarum
889 4651 965 4699 libros
989 4652 1134 4712 continent,
1160 4653 1234 4719 plane
1253 4653 1368 4715 absunt,
1393 4651 1563 4701 multoiariam

267 4718 398 4769 admirans
416 4719 598 4781 animaduerti;
618 4719 707 4767 eodem
725 4719 836 4769 sortasse
855 4718 1027 4777 referendum,
1047 4722 1117 4782 qnod
1135 4723 1161 4770 in
1178 4721 1299 4786 glossarii
1318 4721 1404 4770 codice
1416 4720 1566 4771 Monacensi

267 4785 357 4903 {obduci
376 4788 407 4836 de
425 4789 493 4838 notis
512 4798 588 4851 caput
607 4787 681 4835 nouis
701 4788 798 4850 aliquot
816 4787 996 4836 additamentis
1015 4800 1117 4839 unctum
1135 4800 1186 4850 cst,
1206 4789 1237 4838 cl.
1252 4789 1363 4839 licttneri
1381 4803 1469 4854 progr.
1483 4789 1565 4838 Rosa·

278 4870 291 4902 e
309 4870 363 4908 ens.
385 4856 449 4907 1868
467 4872 493 4921 p.
503 4858 536 4906 33
549 4871 602 4918 seq.
