3382 5476
195 386 252 434 CVI
496 371 548 422 Du
566 368 743 426 VERGILIO
763 360 914 422 MARONE
934 369 1184 423 GRAMMATICO.

193 563 349 635 terrooori
374 562 530 636 potuerini
561 559 691 634 difficile
723 561 806 619 aicta
833 567 885 619 esi.
936 561 1071 620 Celerum
1103 561 1133 618 in
1169 561 1258 620 buius
1294 562 1352 620 loci
1388 560 1486 620 uerbis

193 664 383 722 recensendis
414 659 486 723 iibri
521 663 648 737 nesiioio
678 658 872 723 ΥΡΟΡΑΝΤΙ
912 663 1050 735 quamuis
1081 671 1228 738 corrupta
1263 663 1350 736 sequi
1378 665 1483 734 malni,

193 781 283 838 onam
306 755 489 841 ὑπάντησις
517 766 566 821 aci
591 755 789 834 ὑπαντίασις
816 765 969 838 conicere,
999 766 1080 837 quod
1106 766 1201 839 ipsum
1230 764 1342 823 addicis
1369 763 1486 823 ‘obuia-

192 867 291 926 tionis’
322 868 371 925 nel
398 866 565 925 ‘decursus’
594 866 893 940 irnerpreioiioaibns
921 867 1092 938 sionificari
1119 867 1248 925 uidetur.
1304 865 1358 924 Est
1386 873 1485 925 autem

194 969 279 1043 nond
301 968 433 1026 Graecos
454 983 560 1026 nomen
583 968 645 1026 diei
665 965 741 1038 sesti
763 967 912 1041 bosiridis
927 968 1094 1029 ‚Kirienrios
1116 967 1303 1026 Februarias
1329 968 1483 1040 celebrae,

196 1071 248 1128 cni
260 1071 345 1144 apud
360 1069 511 1128 Romanos
526 1069 729 1127 Candeiariae
749 1084 853 1127 nornen
870 1077 927 1140 est,
952 1070 1001 1127 uci
1015 1069 1157 1145 Hypanie
1172 1069 1220 1127 nei
1234 1067 1418 1145 Hypopanie
1438 1073 1487 1128 nei

196 1171 355 1245 Vpapanii
368 1171 450 1243 dicti,
475 1170 558 1244 ononi
579 1172 674 1244 insum
697 1170 853 1229 ‘obniutio'
877 1171 989 1229 dicitnr
1010 1173 1182 1243 sianilicore
1197 1171 1284 1245 apud
1295 1170 1485 1230 liiibmarnm

194 1274 469 1347 Merseburoensem
497 1272 655 1342 (Leibniiii
673 1269 786 1346 Scrr'pu
815 1269 938 1330 Tomi
960 1289 995 1347 p.
1020 1277 1109 1346 375).·
1139 1274 1262 1346 ‘arcario
1290 1271 1369 1331 Non.
1393 1273 1483 1331 Febr.

194 1377 212 1433 i.
236 1392 261 1432 c.
281 1375 425 1450 Hypanin
441 1373 561 1432 Domini
573 1390 625 1432 sea
640 1373 809 1433 obuiaiione
831 1375 902 1432 iusti
916 1375 1086 1446 Simeonis’,
1111 1374 1156 1447 cs.
1174 1375 1304 1434 Habeas
1319 1375 1483 1434 Calenam.

192 1478 285 1535 medii
305 1478 375 1535 oeni
395 1492 415 1533 a
437 1475 595 1551 Scireffcro
617 1492 738 1549 recoon.
767 1480 838 1532 1797
855 1492 890 1550 p.
916 1481 963 1534 87.

768 2107 910 2185 vn.

313 2286 389 2368 Do
411 2285 947 2390 vsssaimomsnoss
971 2284 1365 2368 nummarios

766 2460 916 2467 ..-—..--

285 2596 413 2670 b'eroilii
434 2595 573 2656 Maronis
592 2598 802 2674 orammniici,
826 2613 911 2671 quern
933 2601 1019 2654 sento
1042 2596 1090 2654 uel
1110 2597 1235 2670 septimo
1255 2602 1322 2669 posi
1338 2595 1486 2654 coriscum

191 2700 313 2758 saeculo
324 2705 425 2757 natam
438 2715 501 2756 esse
512 2706 602 2772 aione
615 2701 642 2757 si
654 2699 706 2757 Bis
715 2701 820 2773 piacet
832 2699 972 2774 florrrisse
983 2698 1043 2755 iarn
1057 2713 1117 2756 nna
1129 2704 1172 2755 est
1184 2699 1318 2755 uirorum
1330 2697 1486 2756 doctorum

193 2817 264 2872 noa,
289 2801 370 2873 quod
383 2800 464 2858 iocos
479 2801 608 2873 aliquoi,
629 2816 756 2874 ortorum
774 2808 827 2859 aui
847 2800 961 2858 rrullarn
978 2800 1096 2858 omnino
1114 2805 1167 2857 oni
1186 2806 1301 2858 tenerem
1320 2807 1411 2873 ireque
1425 2817 1485 2858 non

192 2918 266 2959 roro
291 2902 352 2968 ficio
379 2901 550 2960 nescituram
578 2901 779 2960 babuernmas
801 2903 953 2973 notitiam,
983 2919 1022 2960 ea
1043 2902 1136 2960 moriii
1156 2903 1228 2959 aeui
1247 2902 1363 2959 artibus
1383 2917 1485 2975 oram·

192 3003 309 3060 mniicis
336 3002 476 3060 collectos
504 3003 575 3061 baio
603 3004 750 3061 uolumini
775 3004 901 3073 inserui,
939 3020 997 3061 non.
1026 3003 1313 3076 equidem¹rrereor‚
1347 3018 1386 3061 ne
1413 3004 1486 3078 r'psis

191 3105 350 3176 nuoaioris
372 3105 544 3177 nequissimi
564 3105 795 3164 orioiniioaibus
813 3104 926 3175 fauere
948 3105 1046 3163 dicar.
1085 3103 1163 3161 Nam
1179 3105 1248 3162 rison
1264 3110 1367 3163 cetera
1380 3121 1483 3178 oram.

191 3206 368 3264 mazicorum
391 3206 483 3264 medii
503 3207 575 3264 acui
594 3207 728 3264 uirormn
751 3207 859 3265 cobors
885 3207 963 3265 bono
986 3207 1167 3281 plerumque
1191 3206 1252 3276 ride
1279 3209 1327 3266 usi
1352 3214 1485 3265 mierum

188 3313 357 3382 praecepta
378 3313 521 3366 secuntur
541 3309 676 3381 suasque
696 3308 806 3367 babeat
828 3310 984 3367 eoliccinm
1007 3309 1138 3382 aridique
1155 3309 1313 3382 proluerern
1333 3324 1485 3381 aramma-

193 3411 282 3468 ticum
304 3411 366 3468 suis
387 3411 518 3484 ipsorum
541 3411 701 3483 inaeniolis
725 3411 916 3470 mediocriter
943 3412 1121 3485 aspersisse,
1152 3427 1229 3469 unns
1257 3411 1335 3469 inter
1362 3425 1412 3468 eos
1432 3426 1484 3469 ex·

192 3512 252 3570 17171
281 3511 432 3582 b'eroiiius
455 3510 560 3582 Maro,
592 3513 645 3584 oni
670 3513 713 3570 ab
745 3513 861 3572 uiiimos
892 3513 1042 3571 andaciae
1070 3519 1161 3585 atquc
1188 3512 1386 3586 inpudentiae
1408 3514 1487 3583 fines

188 3621 350 3688 proneoins
377 3630 437 3671 noa
464 3614 557 3671 solnm
582 3615 812 3687 peruersissima
841 3615 879 3672 cie
904 3615 991 3672 rebus
1022 3628 1042 3671 a
1069 3613 1175 3672 ceteris
1198 3613 1294 3686 probe
1319 3613 1486 3672 obseruatis

192 3717 305 3774 iudicio
324 3713 435 3788 ferrei,
459 3716 513 3773 scri
533 3716 657 3789 insuper
678 3716 863 3788 sinordarem
887 3716 972 3774 isram
1000 3716 1150 3773 insaniam
1172 3715 1399 3773 nceadaciornm
1415 3713 1483 3786 soe-

192 3817 380 3875 arssimorom
403 3818 574 3875 inuentionc
596 3818 686 3890 quasi
706 3818 785 3876 tueri
806 3834 844 3875 ac
865 3817 1040 3875 conmunire
1061 3816 1201 3887 crederet,
1225 3830 1335 3873 reuera
1356 3817 1407 3874 ille
1421 3819 1484 3890 qni-

193 3920 258 3976 riem
286 3936 345 3976 non
373 3920 468 3977 breem
497 3935 536 3976 ex
559 3917 664 3994 sumo,
691 3918 745 3976 sea
771 3935 811 3976 ea
830 3917 958 3991 suiaore
975 3916 1093 3990 firranm
1122 3917 1199 3975 dare
1219 3919 1331 3976 solibus.
1379 3917 1485 3977 Nonne

192 4021 343 4079 notissimo
365 4021 416 4078 iilo
447 4021 573 4094 i'eroilii
593 4037 683 4079 uersa
705 4022 760 4079 eci.
786 4019 854 4091 111,
880 4025 932 4076 90:
961 4019 1033 4088 ‘Oui
1055 4019 1185 4077 Bauium
1214 4020 1375 4093 nonaria,
1406 4029 1485 4079 amet

192 4131 244 4181 tna
266 4124 416 4197 carmina,
441 4122 555 4181 Maeai'
579 4124 714 4194 rreqrritcr
736 4120 845 4180 abusus
863 4122 1015 4179 biacninm
1038 4122 1137 4179 airron
1160 4123 1191 4179 in
1212 4121 1398 4180 carminibus
1420 4124 1484 4180 dnl-

192 4226 341 4283 cissirnunr
359 4222 458 4295 faisse
480 4233 611 4297 rruqnius
632 4225 696 4281 esi?
741 4223 860 4282 Etenim
890 4223 965 4280 baec
986 4224 1111 4295 leairnus
1132 4240 1162 4296 p.
1190 4228 1225 4279 79
1249 4223 1330 4280 Mai:
1353 4223 1483 4299 ‘Action-

191 4328 269 4384 Ictur
290 4326 364 4384 mibi
390 4326 419 4384 in
442 4326 499 4385 boe
523 4325 662 4384 Maeuius
690 4326 739 4383 uir
766 4326 797 4383 in
819 4324 1005 4383 carminibus
1028 4325 1229 4397 dulcissimus,
1261 4325 1298 4383 de
1325 4342 1383 4398 qno
1407 4327 1486 4385 illua

190 4435 386 4503 prooemium
410 4434 467 4485 esi:
492 4429 556 4499 qai
572 4424 705 4497 saurim
729 4428 850 4484 meliis
872 4425 1053 4499 (liaainmi)
1077 4443 1148 4485 non
1172 4433 1286 4497 amai,
1318 4427 1398 4486 odii
1420 4436 1483 4487 ina

192 4526 368 4589 carmina
393 4528 425 4585 M
430 4545 497 4586 aen
505 4530 524 4586 i.
572 4529 630 4586 Hic
652 4530 920 4602 eloquentissimam
943 4546 1065 4587 carmen
1090 4531 1120 4587 in
1138 4537 1322 4603 octonarios
1338 4532 1484 4589 orationis

193 4631 296 4702 caina,
321 4632 352 4688 in
375 4646 433 4703 qao
454 4630 530 4687 leaeo
553 4630 612 4686 air’
637 4647 662 4687 c.
686 4647 715 4704 q.
738 4648 762 4688 s.
810 4630 898 4689 Mirm
920 4639 1038 4704 celcra,
1067 4648 1145 4708 quae
1173 4634 1232 4690 iam
1261 4632 1298 4690 ab
1326 4633 1395 4690 aliis
1423 4633 1483 4690 col-

192 4734 271 4791 Ieeia
293 4739 371 4804 suni,
396 4730 438 4803 cs.
465 4733 556 4791 Keilii
578 4738 688 4804 proar.
714 4731 842 4806 Eriana.
870 4739 943 4790 isos
965 4750 996 4807 p.
1023 4742 1050 4792 5.
1096 4734 1157 4791 Seii
1185 4743 1228 4791 esi
1256 4735 1337 4806 errori
1366 4736 1483 4792 ueniam

193 4832 295 4892 demus
319 4835 412 4906 bloio,
438 4842 468 4892 ut
490 4836 553 4908 ipse
575 4840 703 4892 restatur
724 4843 805 4893 once.
837 4836 905 4894 Vae.
929 4844 998 4894 torn.
1029 4834 1179 4911 Vpraef.
1206 4854 1238 4911 ρ.
1271 4834 1326 4908 Vl,
1357 4837 1486 4908 Veroiiii
