3382 5476
633 408 672 459 In
690 408 775 463 DON.
795 409 920 459 ARTEM
938 409 1117 461 MAIOREM.
1465 408 1529 473 243

237 596 505 673 NugigerulnS,
536 596 645 657 dicitnr
668 599 751 676 piger
774 606 803 657 et
825 597 938 659 inutilis
960 599 1086 678 portitor
1109 596 1123 680 ΙΙ
1142 594 1202 659 165
1218 595 1244 680 ll.
1290 597 1614 677 inexpugna·arr‚s

238 696 341 768 bilis,
376 697 485 758 dicitur
516 700 565 778 qui
599 718 658 760 non
692 707 791 779 potest
823 702 997 778 expugnari.
1042 699 1345 778 lmperterritns,
1374 702 1424 777 qui
1457 699 1529 760 nihil

237 802 331 861 timet.
376 800 547 870 Praetor,
583 800 691 862 dicitur
723 802 804 879 qnasi
832 803 979 882 praeitor,
1009 803 1059 880 qui
1090 809 1210 882 praeest
1235 800 1318 871 urbi,
1346 803 1410 881 ipse
1434 809 1479 863 est
1501 811 1531 863 et
1543 819 1589 867 sar,
1603 819 1626 859 ιι

236 901 350 961 aedilis.
388 899 485 962 Aedes
507 902 648 963 dicuntur
670 902 775 963 domus
796 901 845 964 uel
867 905 1049 963 munitiones
1071 905 1213 972 ciuitatis,
1237 904 1307 963 inde
1329 901 1434 964 aedilis
1457 902 1529 963 dici·

209 1012 293 1072 stur,
317 1004 368 1082 qui
391 1012 510 1080 praeest
531 1003 662 1065 aedibus.
700 1004 824 1082 Eques
847 1005 1039 1068 Romanus.
1077 1005 1208 1085 Populus
1231 1006 1430 1067 Romanorum
1453 1004 1628 1071 dini-arr,1o

234 1124 284 1165 sus
307 1112 371 1165 erat
393 1106 423 1165 in
446 1109 564 1182 equites
588 1115 617 1168 et
638 1109 668 1167 in
690 1106 814 1186 pedites,

320 1205 362 1266 lie
385 1207 511 1268 casibus.
538 1245 540 1250 ,
559 1209 649 1270 Casus
676 1208 789 1269 dicitur
811 1227 827 1269 a
850 1208 999 1280 cadendo,
1031 1228 1067 1270 eo
1095 1209 1174 1290 quod
1202 1228 1278 1271 nnus
1301 1208 1382 1270 cadit
1403 1210 1432 1269 in
1457 1207 1530 1269 alte·

234 1326 312 1369 rum.
358 1308 416 1369 Sex
444 1317 514 1369 sunt
542 1310 619 1390 apud
648 1310 783 1378 Latinos.
815 1313 881 1388 quia
910 1311 987 1390 apud
1016 1313 1146 1373 Graecos
1175 1313 1307 1392 quinque
1337 1320 1415 1372 sunt.
1470 1310 1528 1370 Sed

234 1409 404 1480 sciendum,
427 1411 493 1487 qnia
516 1413 718 1472 nominatiuns
740 1430 800 1472 non
821 1415 943 1492 proprie
965 1412 1074 1473 dicitur
1096 1432 1196 1484 casus,
1220 1413 1271 1474 sed
1295 1411 1428 1473 abusiue.
1470 1410 1528 1472 No-

199 1513 396 1573 rominatiuns
419 1512 526 1574 dicitnr
548 1533 563 1574 a
587 1513 783 1584 nominando,
812 1533 848 1575 eo
869 1514 948 1595 quod
971 1533 1025 1593 per
1047 1513 1130 1574 illum
1154 1517 1274 1575 nomina
1297 1515 1478 1591 requirimus
1500 1522 1530 1574 et

191 1686 196 1693 1
235 1614 352 1673 nomina
382 1616 483 1692 pneris
510 1617 704 1695 imponimus,
734 1625 764 1676 et
785 1618 854 1693 qnia
878 1615 927 1675 alii
950 1618 1095 1694 originem
1124 1616 1233 1677 abillo
1256 1624 1387 1680 sumunt.
1431 1615 1529 1676 Gene-

233 1715 314 1775 tiuns
341 1735 357 1774 a
386 1715 556 1793 generando
585 1714 633 1776 nel
661 1719 745 1793 qnasi
773 1719 895 1795 generis
922 1716 1081 1786 relations,
1111 1719 1179 1796 qnia
1208 1734 1302 1794 genus
1330 1724 1464 1797 reportat
1492 1716 1528 1778 ad

235 1819 427 1889 memoriam;
456 1818 566 1879 dicitur
595 1820 682 1879 etiam
712 1826 867 1897 paternus,
897 1821 966 1897 quia
989 1826 1104 1898 patrem
1127 1818 1325 1888 demonstrat,
1355 1827 1401 1879 nt:
1430 1820 1529 1880 ‘onius

234 1918 312 1979 lilius
338 1927 383 1979 est
410 1921 503 1981 istei'
549 1921 681 1981 ‘Aeneae
690 1927 711 1981 '.
755 1920 869 1983 liic-itur
898 1929 927 1980 et
959 1922 1163 2000 possessiuns,
1199 1920 1276 1998 qnod
1310 1921 1528 1999 possessionem

196 2041 220 2081 u
234 2019 432 2089 demonstrat,
455 2029 501 2081 nt:
531 2023 628 2082 ‘cuius
649 2040 743 2100 equus
766 2030 811 2082 cst
832 2022 919 2083 istei'
962 2022 1125 2083 ‘Ascariis
1171 2022 1295 2083 [latinns
1317 2040 1332 2082 a
1356 2021 1469 2089 dando,
1493 2041 1529 2082 eo

233 2121 311 2199 quod
338 2140 394 2201 per
421 2121 505 2184 illum
534 2122 654 2193 damns;
684 2124 793 2184 dicitur
815 2131 845 2183 et
867 2123 1136 2193 commendatinus,
1166 2125 1234 2203 qnia
1262 2121 1423 2202 perillum
1446 2142 1526 2184 com·

232 2222 424 2294 mendamns,
455 2231 502 2285 nt:
540 2226 733 2286 ‘commendo
762 2224 815 2285 tibi
845 2244 943 2286 meum
972 2223 1108 2288 librnm’.
1152 2227 1345 2286 locusattuus
1374 2222 1411 2284 ab
1441 2242 1527 2284 accu-

232 2324 345 2396 sando.
365 2325 474 2386 dicitur
503 2328 591 2387 etiam
621 2336 650 2387 et
677 2329 807 2397 antinus,
831 2328 899 2404 qnia
929 2327 1033 2387 actiuis
1056 2327 1158 2388 uerbis
1180 2327 1366 2405 adiungitur,
1389 2334 1422 2386 nt
1444 2323 1528 2403 ‘lego

231 2424 353 2487 librnm’
373 2426 474 2488 ‘laudo
489 2427 600 2489 deum'.
631 2429 790 2490 Vocatiuus
805 2429 914 2489 dieitur
929 2446 945 2488 a
963 2427 1114 2504 nocendo,
1136 2427 1283 2489 ablatinus
1299 2427 1336 2488 ab
1352 2426 1526 2489 auterendo.

192 2527 275 2590 nux
302 2527 348 2589 lris
375 2548 428 2589 sex
457 2529 575 2592 casibus
602 2531 662 2591 duo
690 2538 759 2591 sttnt
786 2532 875 2598 recti,
911 2529 1112 2590 nominatinus
1140 2540 1170 2589 et
1197 2531 1369 2599 nocuimus,
1398 2531 1467 2609 qnia
1495 2530 1527 2589 in

231 2632 312 2690 omni
340 2630 541 2692 declinatione
568 2631 681 2693 similes
708 2641 778 2693 sunt
802 2640 927 2710 excepto
950 2633 980 2690 in
1004 2631 1135 2691 secunda
1164 2629 1377 2693 declinatione:
1406 2629 1526 2710 qnando

231 2734 432 2793 nominatinus
448 2735 508 2794 exit
522 2734 552 2793 in
569 2752 617 2803 ns,
635 2735 790 2795 uocatinns
805 2735 836 2793 in
853 2753 883 2802 e,
910 2741 942 2794 nt
958 2733 1025 2793 ‘liic
1041 2732 1163 2793 doctus'
1178 2740 1207 2791 et
1223 2737 1254 2792 ‘o
1269 2732 1383 2800 docte’;
1407 2732 1526 2812 qnando

230 2852 304 2894 nero
326 2836 356 2895 in
379 2836 440 2901 ius.
464 2833 535 2897 iacit
557 2837 726 2896 uocatinnm
748 2837 779 2896 in
802 2837 826 2906 i,
851 2843 883 2895 nt
904 2834 965 2895 ‘iric
987 2834 1159 2895 Terentius’
1181 2842 1211 2895 et
1233 2837 1262 2894 ‘o
1285 2834 1429 2895 Terenti'.

316 2933 482 3015 Obliqui,
508 2939 551 2997 ·i·
576 2939 709 2999 tortuosi.
754 2938 861 2999 Graeci
890 2955 949 2997 uon
980 2935 1092 2998 habent
1119 2934 1296 3006 ablatinnm,
1325 2935 1377 2996 sed
1406 2953 1461 3015 pro
1491 2954 1624 3012 eumn

191 3044 355 3100 untuntur
383 3039 531 3115 genetiuo.
576 3038 662 3100 llnnc
689 3048 805 3101 sertum
834 3058 934 3100 casum
963 3038 1111 3119 qnidam
1140 3037 1277 3098 latinum
1304 3043 1427 3108 nocant,
1458 3039 1525 3116 quia

230 3140 371 3219 proprius
386 3147 433 3201 est
448 3139 637 3208 Latinorum,
662 3140 835 3202 nonnulli
857 3150 973 3202 sextum
990 3159 1091 3203 casum
1107 3146 1217 3200 uocant
1238 3146 1360 3218 propter
1382 3139 1526 3200 ordinem.

230 3239 489 3302 Nominatinns
513 3241 572 3301 hic
595 3241 696 3302 Cato.
740 3242 828 3303 llodo
850 3243 938 3302 docet
959 3241 1187 3303 declinationem
1203 3258 1335 3302 casuum.
1372 3239 1624 3317 Quidam-asts

231 3351 384 3405 assumunt
416 3345 576 3420 septimum
605 3360 705 3404 casnm
734 3345 799 3404 sine
827 3344 1064 3422 praepositione,
1099 3343 1152 3403 sed
1181 3361 1235 3403 nos
1264 3361 1322 3403 non
1349 3343 1524 3420 recipimus.

296 3565 313 3614 8
330 3577 420 3629 grecos
492 3565 522 3613 12
540 3578 632 3627 genere
649 3564 743 3613 lorinus
813 3565 845 3614 18
862 3558 975 3630 acrinus]
994 3563 1170 3622 accusatione,
1193 3563 1263 3628 qnod
1276 3562 1391 3625 sortasse
1408 3577 1437 3610 re
1453 3568 1525 3611 reete

228 3631 317 3696 dedet,
334 3632 369 3694 cs.
387 3648 414 3697 p.
435 3633 499 3693 193,
518 3635 552 3681 25
622 3635 655 3682 et
672 3633 740 3698 greci

230 3835 272 3885 ubi
289 3833 436 3901 ppcedebm)
463 3837 582 3886 retiarius
608 3851 665 3885 cum
692 3846 745 3885 rete
762 3844 786 3884 et
804 3836 957 3897 sequebatur
984 3844 1108 3898 sequntur
1132 3849 1188 3883 curn
1212 3833 1299 3898 gladio
1323 3844 1362 3896 ut,
1385 3834 1408 3883 si
1426 3843 1525 3898 posset,

228 3905 356 3953 retiarium
376 3904 541 3962 interdiceret,
569 3917 593 3954 et
611 3914 728 3953 econtra
747 3904 878 3967 retiarius,
898 3905 920 3954 si
939 3915 1042 3970 posset,
1071 3903 1148 3969 pedes
1171 3901 1322 3968 gladiatoris
1340 3917 1397 3951 cnm
1416 3912 1469 3951 rete
1487 3902 1526 3949 in-

230 3971 343 4022 uolueret
360 3983 385 4021 et
402 3973 530 4022 abstracto
548 3973 580 4021 ab
599 3986 629 4022 eo
647 3971 743 4036 gladio,
763 3972 807 4034 qni
826 3973 904 4036 pinna
923 3972 1075 4030 uocabatur,
1095 3970 1164 4020 illurn
1183 3970 1343 4019 interficeret.

295 4058 311 4106 9
334 4056 425 4108 Gloara
447 4058 542 4107 codicia
563 4054 704 4106 ammae
723 4056 812 4118 386s.
830 4054 867 4106 5b
884 4072 964 4122 marg.
988 4056 1073 4105 derat:
1104 4054 1131 4103 llt
1153 4055 1327 4103 nominatinns
1350 4065 1376 4103 et
1398 4053 1525 4102 dicituro

228 4124 383 4174 nominando
400 4126 461 4188 quin
479 4124 611 4190 perillum
631 4125 792 4174 nominamus
811 4126 896 4175 omnia
914 4136 938 4173 et
957 4124 1032 4173 rebus
1052 4123 1155 4170 nomina
1173 4122 1340 4187 imponimus,
1358 4131 1386 4169 ιιι
1398 4119 1525 4170 estillnd:

227 4190 365 4242 ‘lohannes
383 4193 527 4243 uocabitnr'
546 4204 570 4242 et
588 4208 633 4258 per
651 4192 722 4240 illum
741 4192 816 4242 rebus
835 4192 953 4241 omnibns
972 4205 1063 4240 nomen
1083 4198 1185 4253 aptatur
1201 4190 1341 4254 (aptemur,
1359 4203 1492 4252 suprascr.
1512 4187 1526 4237 l

227 4259 289 4322 tur).
359 4263 391 4312 15
410 4261 501 4312 Glosra
518 4262 613 4312 codicis
632 4260 773 4310 Bernensis
788 4260 810 4322 s.
823 4259 858 4310 5b
870 4276 951 4325 marg.
963 4261 1020 4309 rim:
1040 4258 1068 4306 lit
1085 4255 1188 4305 dutinus
1206 4267 1231 4304 et
1247 4256 1339 4305 dicitnr
1357 4271 1373 4304 a
1390 4256 1475 4306 dando
1494 4273 1524 4307 eo

227 4327 298 4389 quod
315 4343 362 4393 per
378 4329 449 4377 illurn
466 4330 557 4378 damus
577 4340 604 4377 nt
627 4327 675 4377 ‘do
694 4329 740 4377 tibi
758 4327 893 4393 pallinm’;
916 4328 1008 4377 dieitur
1026 4337 1051 4375 et
1068 4323 1287 4375 commendatinns
1310 4325 1372 4386 quia
1389 4324 1524 4389 perillum

227 4396 449 4456 commendemus,
470 4407 496 4445 nt
514 4397 675 4446 ‘commendo
693 4396 737 4445 tibi
756 4400 873 4457 equnm’3
900 4396 993 4446 dieitur
1010 4393 1175 4450 salutaticos,
1194 4392 1255 4454 quia
1275 4406 1321 4457 per
1338 4392 1409 4441 illum
1427 4393 1524 4442 amicos

228 4463 379 4523 salutamus,
399 4475 426 4513 ut
443 4463 593 4514 ‘uenerabili
612 4464 698 4529 patri!
785 4465 817 4514 19
836 4463 926 4514 Glorsa
943 4464 1040 4514 codicia
1057 4460 1237 4523 Beruenalas.
1257 4459 1290 4509 ι’)
1308 4476 1388 4525 marg.
1407 4460 1469 4523 inp:
1496 4459 1525 4510 llt

227 4532 361 4582 uocatinns
379 4542 404 4582 et
421 4533 514 4582 dieitur
532 4546 547 4580 a
565 4530 682 4580 nocendo
700 4545 730 4580 eo
749 4532 817 4593 quod
836 4547 881 4596 per
898 4531 968 4579 illum
983 4545 1116 4588 notamus,
1134 4541 1161 4578 nt
1173 4527 1302 4592 ‘oVirgili
1316 4530 1399 4589 neni’;
1418 4539 1525 4577 uocatur

226 4608 252 4648 et
269 4600 435 4661 salutatione,
458 4601 519 4662 qnia
536 4614 582 4664 per
600 4598 670 4648 illurn
689 4598 842 4658 salutamus,
867 4610 894 4648 nt
912 4604 940 4648 ‘o
959 4599 1045 4647 llenea
1063 4597 1154 4659 salue‘‚
1177 4597 1222 4659 qui
1241 4594 1312 4658 (qnia
1329 4594 1402 4660 cod.)
1420 4610 1436 4644 a
1453 4597 1523 4661 apud

227 4665 337 4718 Gnaeos
355 4668 461 4718 ultimus
480 4667 584 4733 ponitur
601 4667 662 4729 qnia
680 4665 768 4716 Graeci
785 4667 896 4716 ablatiuo
913 4678 1007 4715 carent.
1108 4666 1142 4715 26
1161 4664 1252 4715 Glosra
1269 4665 1365 4713 conica
1382 4662 1525 4714 Bernemir

223 4734 248 4797 s.
266 4731 301 4784 5⁵
317 4752 397 4801 mar-g.
415 4736 476 4799 infir
504 4735 555 4785 ttoc
572 4735 723 4785 confirmant
745 4734 871 4796 quidam
895 4735 1105 4799 grammatici,
1132 4734 1193 4797 qnia
1215 4731 1340 4781 ablatinns
1363 4732 1467 4794 quando
1485 4732 1524 4781 in·

227 4804 328 4852 nenitur
348 4806 407 4855 sins
429 4804 647 4871 praepositione,
663 4815 723 4852 tnnc
741 4802 786 4849 Vll
809 4813 848 4851 est
869 4817 959 4859 casus,
985 4801 1031 4851 sed
1054 4801 1173 4851 lriuolum
1192 4812 1243 4858 est,
1266 4800 1327 4861 qnia
1349 4809 1393 4849 ant
1414 4801 1449 4850 sit
1465 4815 1524 4850 cum

153 4898 157 4903 -
225 4872 419 4938 praepositione
435 4882 480 4923 ont
497 4874 554 4922 sine
569 4872 765 4940 praepositione
783 4884 887 4936 semper
904 4881 944 4920 est
960 4880 1060 4921 sextus.

1263 4950 1318 5006 16*
