3382 5476
741 347 934 392 ...X-

194 539 262 582 esse
284 509 441 582 censeam.
485 516 570 583 Nam
594 540 699 602 neque
720 517 874 603 Vergiliis
896 519 931 582 in
952 517 1014 583 hoc
1036 518 1118 582 libro
1140 518 1230 583 locus
1251 519 1397 602 patebat,
1427 518 1489 581 nisi

193 625 273 692 Maii
301 627 475 692 editionem
502 629 612 694 multis
639 629 780 692 numeris
805 627 968 694 emendari
989 628 1194 713 supplerique
1215 651 1309 712 posse
1330 627 1490 710 uidissem,

195 760 299 823 neque
326 737 512 803 Bonifacios
540 738 706 804 edidimus.
758 738 845 815 Quae
873 761 946 804 cum
974 739 1020 804 ita
1048 739 1128 823 sint,
1155 761 1224 804 non
1251 761 1328 804 euro
1355 739 1491 804 istorum

195 849 494 932 subsannationem,
529 849 600 933 qui,
632 851 660 914 si
690 850 776 914 hunc
804 850 922 915 librum
949 849 1075 915 omissis
1102 849 1311 933 praefationis
1341 849 1491 913 anfracti-

195 959 255 1022 bus
288 959 390 1024 otiose
423 959 655 1043 perlustrantes
682 960 853 1044 nonnulla,
887 961 1003 1044 quibus
1036 959 1154 1024 artium
1187 958 1346 1025 elementa
1377 982 1490 1042 parum

195 1068 288 1134 docte
314 1069 501 1154 traduntur,
529 1069 613 1135 forte
642 1071 775 1135 fortuna
801 1070 998 1154 euolueriut,
1031 1070 1111 1135 haee
1137 1070 1267 1135 iamiam
1293 1071 1402 1154 pueris
1429 1070 1490 1133 sibi

194 1182 274 1244 nota
309 1178 407 1244 hrisse
443 1180 572 1264 oblique
608 1175 862 1266 perstringentes
897 1203 977 1246 naso
1010 1180 1094 1245 hanc
1126 1202 1256 1264 operam
1289 1179 1491 1264 suspendisse

195 1288 273 1353 satis
299 1288 441 1354 habituri
468 1291 542 1356 sint.
585 1291 700 1377 Neque
727 1291 829 1374 enim,
862 1312 936 1355 cum
970 1291 1057 1356 hunc
1083 1291 1226 1356 laborem
1256 1291 1418 1372 subibam,
1454 1313 1491 1355 ca

195 1398 333 1464 ducebar
362 1401 532 1486 opinione,
563 1402 654 1486 quasi
676 1423 796 1467 nouam
819 1400 978 1485 quandam
1001 1402 1063 1466 ista
1082 1401 1214 1485 litteris,
1243 1423 1325 1486 quae
1348 1400 1388 1465 ad
1410 1401 1490 1464 anti-

195 1511 350 1594 quitatem
377 1515 539 1596 spectant,
567 1513 671 1578 lucem
699 1516 795 1577 antea
821 1534 926 1595 neque
953 1512 1055 1576 uisam
1083 1533 1187 1594 neque
1214 1511 1356 1577 auditam
1385 1514 1492 1574 esseut

194 1619 354 1704 adlatura,
377 1620 432 1685 scd
454 1621 486 1685 id
509 1623 575 1707 egi,
598 1627 635 1688 ut
654 1622 751 1688 medii
766 1623 838 1687 aeui
852 1622 959 1687 studia
973 1622 1181 1708 grammatica
1195 1644 1292 1716 quam
1307 1621 1491 1686 certissimis

194 1730 404 1815 plurimisque
425 1732 581 1797 librorum
603 1734 892 1824 manuscriptorum
915 1733 1060 1817 uestigiis
1081 1732 1211 1796 innixus
1233 1733 1341 1816 qualia
1355 1732 1492 1795 fuissent

194 1838 461 1924 demonstrarem,
495 1864 577 1925 quae
610 1844 637 1906 si
669 1846 830 1926 ueterum,
863 1863 1000 1924 quorum
1033 1843 1151 1907 notitia
1178 1842 1218 1907 ad
1244 1864 1305 1906 nos
1331 1842 1489 1925 peruenit,

192 1950 385 2033 scriptorum
400 1955 484 2016 artes
498 1973 566 2015 non
587 1956 654 2016 tam
676 1974 856 2036 superasse,
878 1974 973 2036 quam
990 1974 1028 2016 ex
1043 1950 1094 2016 his
1108 1952 1186 2035 ipsis
1200 1972 1351 2036 magnam
1366 1955 1490 2035 partem

194 2060 337 2143 fluxisse,
360 2060 518 2126 nonnulla
539 2082 644 2126 crasso
659 2063 714 2126 filo
729 2063 905 2148 pinguique
921 2061 1068 2127 Minerva
1089 2061 1263 2127 absoluisse
1287 2061 1490 2140 uidebuntur,

195 2170 325 2234 illorum
346 2171 471 2255 ingenii
493 2172 608 2235 uitium
630 2176 692 2255 est,
720 2195 781 2237 nos
808 2176 908 2257 certe,
935 2173 1012 2256 quid
1034 2173 1254 2256 inposterum
1278 2171 1316 2235 de
1338 2173 1389 2235 his
1411 2171 1490 2234 iudi-

193 2279 330 2345 candum
358 2282 415 2363 sit,
443 2282 606 2346 cuioimus.
651 2281 714 2348 Sed
736 2284 764 2347 si
784 2283 916 2367 insuper
939 2284 1062 2366 uideas,
1089 2284 1192 2366 ipsam
1215 2287 1358 2346 nostram
1381 2305 1489 2346 earum

194 2413 301 2454 rerum
323 2391 490 2456 scientiam
512 2391 630 2457 talibus
652 2394 893 2477 quaestionibus
915 2393 976 2457 rite
993 2393 1150 2458 institutis
1164 2415 1277 2457 reuera
1291 2393 1490 2476 locupletari,

194 2502 347 2584 quoniam
369 2500 465 2566 medii
488 2504 559 2566 aeui
581 2503 752 2588 magistros
780 2525 818 2567 ex
845 2503 885 2567 iis
914 2525 1041 2587 quoque
1065 2503 1226 2586 fontibus,
1255 2504 1309 2588 qui
1338 2502 1491 2566 maliuola

193 2613 348 2696 temporis
370 2613 544 2695 rapacitate
566 2614 630 2678 iam
652 2614 808 2697 praeclusi
836 2617 913 2677 sunt
938 2617 1035 2697 atque
1063 2615 1200 2698 obruti,
1217 2614 1320 2678 multa
1346 2613 1490 2677 hausisse

193 2722 367 2786 certissime
383 2722 594 2788 demonstrari
615 2728 736 2808 potest,
759 2725 822 2788 iam
845 2723 922 2806 quid
944 2746 1012 2788 csse
1034 2723 1153 2808 dicam,
1175 2745 1232 2787 cur
1246 2722 1333 2787 hunc
1348 2723 1490 2786 laborem

192 2855 213 2896 a
233 2854 284 2896 me
306 2836 487 2916 susceptum
510 2833 679 2917 quisquam
702 2834 753 2897 ucl
775 2837 928 2919 gmuetur
950 2834 1059 2917 inique
1087 2834 1140 2898 uel
1168 2834 1308 2919 maligne
1336 2832 1489 2896 irrideat?

279 2940 342 3007 Sed
357 2943 468 3008 insunt
482 2943 558 3009 huic
577 2944 660 3008 libro
683 2943 855 3028 nonnulla,
879 2966 976 3029 quae,
998 2945 1074 3028 quia
1096 2945 1160 3010 iam
1182 2948 1275 3008 erant
1295 2945 1389 3024 nota,
1411 2964 1488 3005 num

191 3052 261 3117 iure
289 3052 517 3118 anecdotorum
546 3053 704 3119 uolumini
731 3055 936 3138 inseruerim,
975 3056 1089 3120 merito
1122 3054 1232 3138 quaeri
1260 3075 1353 3137 posse
1384 3052 1487 3117 uideo,

193 3162 336 3239 Quorum
369 3163 617 3249 orthographiae
645 3163 824 3229 Beruenses
857 3167 994 3249 primam
1027 3170 1060 3230 et
1092 3165 1220 3229 tertiam
1253 3164 1316 3227 iam
1343 3162 1489 3227 edendas

192 3295 392 3356 curaucram,
415 3296 488 3339 oum
510 3275 545 3339 in
559 3274 696 3339 Thuroti
711 3275 844 3358 librum,
866 3277 901 3341 in
924 3298 988 3360 quo
1004 3276 1066 3340 ista
1080 3275 1246 3358 proposita
1260 3276 1351 3357 sunt,
1372 3273 1487 3354 incidi3

191 3405 296 3467 neque
328 3387 437 3449 tamen
469 3386 578 3468 omisi,
612 3385 697 3469 quod
725 3385 862 3451 Thuroti
894 3386 1012 3449 librum
1045 3406 1159 3468 parum
1191 3383 1392 3469 diuulgatum
1421 3406 1488 3446 esse

191 3494 329 3558 sciebam
362 3498 394 3558 et
427 3495 503 3578 quia
535 3495 697 3560 codicibus
725 3494 941 3561 Bemensibus
975 3517 1065 3559 suam
1096 3516 1225 3558 manere
1258 3494 1487 3577 proprietatem

193 3602 356 3687 uidebam,
378 3606 565 3687 praesertim
588 3628 661 3671 cum
682 3606 814 3672 adiectis
828 3605 984 3691 glossarii
1006 3605 1116 3690 magni
1131 3605 1288 3688 excerptis
1304 3606 1405 3667 totam
1420 3625 1487 3666 reru

191 3713 305 3778 melius
328 3714 481 3780 illustrari
502 3738 596 3801 posse
618 3716 923 3781 animaduertissem.
945 3794 949 3803 ἱ
967 3715 1176 3780 Differentiae
1201 3718 1308 3779 autem
1330 3714 1488 3777 sermonis

192 3846 385 3908 quamquam
417 3827 588 3891 maximam
624 3830 748 3910 partem
784 3804 1028 3891 collectionibus
1060 3848 1080 3890 a
1112 3824 1313 3889 Gothofredo
1346 3824 1486 3888 Areualo

191 3933 321 4000 Handio
337 3935 430 4000 editis
444 3937 665 4019 eontinentur,
689 3938 731 4001 ob
746 3937 905 4022 insignem
922 3935 1043 4001 ordinis
1058 3935 1288 4020 inparilitatem
1303 3935 1486 3999 uerborum-

192 4067 254 4129 que
281 4046 481 4131 singulorum
509 4047 740 4112 dissonantiam
769 4051 802 4111 et
827 4068 915 4111 noua
940 4046 1049 4130 aliqua
1081 4045 1298 4111 additamenta
1332 4045 1487 4113 haetenus

116 4200 118 4207 -
191 4157 372 4241 incognita,
406 4179 470 4240 quo
504 4160 637 4241 rectius,
670 4156 774 4240 qualis
806 4157 920 4221 fuisset
947 4157 1092 4220 omnium
1117 4155 1232 4220 harum
1260 4156 1486 4221 collectionum

191 4265 265 4333 fons
279 4267 472 4350 communis,
494 4268 631 4351 perspici
646 4271 769 4352 posset,
791 4267 849 4331 hes
865 4288 993 4350 quoque
1007 4266 1205 4350 recipiendas
1220 4289 1288 4331 esse
1302 4269 1390 4330 ratus
1405 4287 1486 4330 sum.

276 4373 364 4450 Quae
378 4397 456 4441 uero
471 4377 552 4440 mihi
566 4376 742 4461 praefanda
756 4376 899 4461 fuerant,
915 4399 953 4442 ea
967 4378 1001 4441 in
1016 4381 1081 4442 tres
1095 4381 1202 4461 partes
1217 4375 1328 4459 diuisi,
1351 4397 1486 4459 quarum

191 4486 261 4569 illa,
282 4507 363 4569 quae
379 4486 519 4551 medium
534 4487 641 4552 locum
656 4486 795 4569 obtinet,
818 4487 918 4572 ipsius
933 4487 1008 4552 libri
1023 4487 1143 4572 singuli
1158 4491 1312 4552 tractatus
1327 4487 1486 4551 examina-

190 4597 326 4681 buntur,
358 4601 515 4681 quatenus
547 4619 606 4681 pro
640 4619 747 4662 rerum
774 4598 919 4663 nouitate
947 4619 1153 4682 mearumque
1178 4597 1298 4662 uirium
1324 4597 1485 4681 paucitate

191 4705 248 4771 tali
285 4707 420 4773 consilio
456 4708 533 4774 satis
569 4708 639 4774 fieri
674 4730 768 4791 posse
805 4707 982 4776 uidebatur.
1046 4707 1173 4776 Primae
1210 4709 1292 4791 parti
1329 4708 1485 4772 librorum
