3382 5476
569 370 714 423 comus
733 371 935 425 sssuuusus
953 375 995 425 ss.
1378 387 1421 438 cv

210 559 316 621 Boetii
334 563 418 622 iocus
439 563 551 622 consol.
571 563 649 637 pbii.
674 561 759 637 Jpr.
785 569 813 635 5,
837 565 892 622 liu.
917 569 954 621 38
976 564 1023 622 oti.
1048 563 1170 638 Pciperi
1188 565 1308 637 leoitur.

210 661 320 722 Restat
348 665 385 722 de
413 665 568 724 Auooce
594 666 724 738 quodum
756 668 1003 737 orommotico
1037 667 1134 737 iocus,
1169 683 1254 740 quem
1283 683 1352 725 itum
1380 667 1423 724 oei

113 772 229 824 motum
252 768 336 825 iilum
351 767 502 826 Audacem
517 783 584 826 cum
601 768 733 826 otoximi
754 767 902 827 Victorini
921 769 1042 842 scriptis
1064 769 1212 827 artissime
1232 770 1422 828 coniunctum

115 866 249 940 referre
272 869 440 941 debeamus,
465 869 606 928 dubitare
626 871 710 939 iicet,
739 885 920 944 quamquam
948 875 980 927 ut
1005 885 1064 927 mom
1087 870 1250 941 adfirmari
1270 870 1345 928 illud
1360 885 1422 945 pro

114 977 219 1042 certo,
243 973 288 1030 ito
309 988 346 1029 ue
368 973 479 1045 ucoori
498 971 616 1045 quidem
633 979 749 1046 potest:

210 1070 232 1135 i.
255 1067 319 1132 68b
347 1071 419 1132 item
443 1072 517 1132 deus
536 1073 589 1149 ,qui
611 1072 757 1139 iustificat,
781 1072 851 1132 item
876 1081 907 1133 ut
930 1073 967 1131 sit
990 1074 1054 1151 ipse
1077 1070 1150 1131 deus
1172 1072 1267 1132 iustus
1291 1079 1319 1131 et
1340 1074 1422 1133 iusti·

116 1174 228 1234 ficans.
275 1173 357 1234 vnde
380 1174 538 1235 Saucius
560 1176 804 1251 Augustinus,
828 1191 895 1234 cum
920 1191 986 1234 eum
1014 1172 1133 1250 quidam
1157 1175 1422 1251 grammaticus

118 1273 254 1336 Audax
278 1277 398 1336 nomine
419 1284 598 1337 sacratorum
621 1275 717 1356 piebis
738 1275 786 1336 dei
809 1277 1003 1336 nominasset:
1027 1274 1140 1345 ‘Quid’
1164 1276 1267 1352 inquit,
1291 1276 1352 1334 ‘uio
1374 1293 1420 1336 su·

119 1385 276 1438 oratorem
287 1376 383 1457 plebis
395 1377 442 1436 dei
459 1379 564 1438 uocas?
591 1379 761 1439 Daueniant
775 1378 896 1438 multam
910 1377 1069 1455 (multumiz
1084 1378 1132 1438 cul
1144 1375 1274 1454 loquaris
1288 1374 1292 1458 i
1306 1377 1327 1437 i.
1341 1373 1402 1437 69Β
1416 1376 1420 1458 ᾖ

118 1482 258 1557 ignoras,
282 1481 329 1539 cui
352 1490 500 1540 sacratum
524 1498 587 1540 csse
610 1497 748 1558 magnum
772 1481 838 1543 est!
884 1479 958 1539 Hinc
981 1480 1069 1538 ctiam
1092 1477 1188 1539 alius
1217 1477 1347 1539 doctor
1370 1481 1421 1549 ait,

118 1580 204 1662 quod
236 1579 323 1639 eiecti
350 1581 399 1640 dci
426 1583 549 1658 graiium
579 1584 672 1642 sancti
700 1583 822 1661 spiritus
855 1581 990 1659 accipere
1021 1581 1134 1647 sciunt,
1169 1579 1239 1640 dare
1272 1583 1419 1645 nesciunt.

117 1683 191 1744 Nou
222 1681 325 1743 debuit
353 1681 451 1742 dicere
481 1682 626 1744 ullatenus
654 1692 756 1744 sancto
784 1683 916 1761 Remigio
949 1683 980 1742 in
1007 1680 1160 1742 columbae
1189 1684 1288 1761 specie
1316 1685 1421 1744 crisma

121 1783 300 1864 (crismam)
325 1785 507 1845 ministrasse
530 1786 666 1864 spiritum
689 1793 833 1853 sanctum,
857 1787 908 1864 qui
931 1786 1018 1844 etium
1042 1783 1123 1844 uelut
1146 1784 1182 1844 de
1198 1785 1334 1844 crismate
1356 1787 1421 1864 ipso

118 1888 128 1961 i
138 1886 239 1965 ipsos)
265 1884 403 1965 reliquias
418 1886 499 1946 dedit
520 1888 583 1965 regi
606 1886 854 1952 Hludouuico.
893 1885 972 1947 Deus
988 1894 1033 1946 cst
1048 1887 1099 1963 qui
1114 1886 1286 1954 sanctificat,
1302 1896 1420 1949 sanctus

121 2006 201 2049 uero
226 1985 350 2066 quilibet
373 2005 483 2065 egenus
507 1991 594 2067 inops
616 1988 653 2049 ab
676 1991 741 2068 ipso
764 1988 939 2049 sanctificari
962 2007 993 2048 sc
1017 1997 1209 2065 caeterosque
1232 1986 1387 2068 supplicat.

688 2240 770 2309 Cup,
794 2240 876 2306 1111.

160 2356 223 2422 DE
253 2356 350 2423 001).
379 2358 420 2422 83
447 2356 763 2434 QVAESTIONVM
791 2357 1182 2424 GRAMMATICARVM
1211 2356 1395 2423 ORIGINE

600 2459 746 2536 ATQVE}
776 2459 960 2524 AETATE.

216 2599 285 2659 Iam
306 2617 364 2674 quo
383 2603 567 2676 potissimum
590 2609 724 2678 tempore
745 2605 846 2662 omnio
872 2603 949 2661 boec
969 2604 1086 2677 scripto
1104 2600 1224 2673 scierint
1244 2604 1421 2675 requirenti-

120 2704 181 2764 bus
204 2702 290 2761 nobis
312 2704 451 2762 Aitbcimi
471 2703 625 2763 Einbortii
645 2702 813 2779 Smurootii
833 2706 954 2764 nomino
977 2711 1067 2779 utque
1088 2705 1165 2763 odeo
1187 2705 1300 2763 Koroii
1312 2703 1424 2777 Maeui

121 2815 154 2865 et
177 2804 369 2863 Hiudouuici
389 2821 492 2877 recum
515 2808 598 2864 iutra
620 2808 809 2865 soeculorum
832 2809 906 2866 moui
926 2803 1092 2879 decimique
1110 2808 1187 2877 fines
1202 2806 1420 2865 consistendum

124 2924 193 2967 esse
216 2908 441 2966 demonstrant:
463 2923 533 2965 num
556 2911 711 2981 quominus
735 2911 816 2968 ultro
840 2908 1079 2984 proorcdiomur
1106 2912 1288 2984 temporum,
1316 2909 1422 2981 quibus

121 3011 226 3070 codex
248 3011 379 3083 scriptus
400 3011 439 3068 sit
459 3025 579 3068 neccsse
600 3016 649 3082 est,
675 3011 790 3084 inpedit
811 3010 914 3070 bobilo
936 3013 1028 3070 rotio.

212 3110 275 3169 Sed
295 3112 333 3169 de
354 3113 420 3170 ioco
441 3114 514 3170 sotis
535 3118 667 3184 coustot,
697 3114 725 3170 si
744 3113 861 3186 quidem
885 3116 915 3172 iu
932 3115 1105 3187 primorum
1124 3114 1312 3187 poemorum
1338 3107 1370 3169 1¹²
1392 3118 1421 3170 et

125 3221 163 3272 2·
186 3213 374 3285 moroinibus
395 3211 593 3284 inferioribus
613 3216 729 3289 scripto
751 3222 820 3274 suut
833 3230 925 3272 mauu
946 3217 1072 3289 antiquo
1092 3231 1173 3273 seeo.
1189 3213 1221 3272 Χ
1227 3235 1236 3271 ;
1259 3193 1421 3274 Libinss

122 3312 298 3375 Euuosis
329 3312 429 3374 DONO
457 3313 670 3375 TEVTBOLDI
695 3311 700 3395 Ι
726 3313 774 3376 ΑΒ
802 3313 1013 3385 ousssovtvu
1043 3295 1109 3375 SCT
1128 3314 1271 3375 REMiGli
1300 3315 1419 3393 scripsit

121 3415 169 3478 iili
194 3417 303 3494 partim
325 3416 354 3475 ti
375 3418 518 3476 uuarinus
536 3419 541 3490 Ι
562 3419 669 3495 partim
686 3417 852 3477 heruardus
868 3418 940 3493 (sic)
964 3415 1098 3476 clericus
1136 3417 1235 3477 Porro
1244 3435 1280 3493 p.
1297 3424 1364 3490 mo,
1383 3423 1421 3474 30

123 3521 200 3580 iibri
224 3520 356 3593 scriptor
382 3535 414 3578 se
439 3536 566 3593 suosque
594 3522 761 3594 populures
795 3527 901 3596 operte
929 3521 1067 3579 distinxit
1095 3518 1133 3577 ob
1161 3517 1249 3590 Afris
1277 3519 1421 3578 Romanis

124 3622 354 3682 Beneuentanis
375 3622 463 3681 Itoiis
485 3622 628 3681 omuibus.
674 3622 787 3682 Eodem
806 3621 902 3694 facit,
932 3622 1013 3695 quoti
1030 3639 1064 3696 p.
1090 3625 1161 3692 178,
1189 3627 1205 3678 7
1226 3619 1251 3678 S
1252 3621 1423 3695 puriuoci

124 3726 266 3799 miliae,
295 3739 374 3796 quoe
400 3741 420 3780 o
453 3731 574 3782 nostroe
608 3726 717 3782 aetatis
748 3724 912 3782 bominibus
941 3722 1121 3799 Epcruoy
1149 3729 1295 3794 uocatur,
1331 3728 1421 3796 atquc

126 3827 265 3887 Troice
287 3825 432 3900 oppidi,
456 3843 515 3899 quo
537 3827 656 3884 momine
680 3824 821 3902 Troyes
844 3827 945 3885 urbem
966 3828 1138 3899 siouificori
1154 3823 1329 3898 Wilstiiuus
1346 3840 1419 3898 oro

122 3930 269 3989 bubiiitcr
295 3928 369 3986 mibi
394 3929 594 4001 munificabit,
629 3930 739 3986 mentio
764 3929 798 3998 tit
829 3945 883 3985 nec
916 3945 976 3986 uon
1011 3927 1196 3987 Corbciue
1229 3926 1419 3986 coenobii.

123 4030 241 4092 Eodem
262 4031 330 4090 ioco
350 4030 620 4104 quotinomiuotur
636 4031 824 4104 pittatium
848 4030 1083 4104 Cicerisioci,
1106 4044 1170 4087 esse
1193 4029 1341 4089 Obiersi
1361 4046 1420 4091 uou

122 4136 218 4206 lonae
239 4131 279 4190 ob
299 4132 361 4204 bis,
391 4148 467 4205 quos
489 4132 571 4203 dici,
604 4131 726 4191 urbibus
753 4137 895 4191 remotam
922 4131 1170 4190 Wiukeimouuus
1197 4132 1313 4204 coiieoo
1340 4148 1421 4192 meos

122 4236 254 4308 benique
273 4250 321 4292 mc
341 4235 470 4294 edocuit.
507 4233 574 4292 lum
589 4236 681 4304 colio,
707 4235 788 4308 quoti
809 4236 929 4293 Altum
952 4235 1094 4292 uiliore
1115 4238 1319 4308 nttucupotur,
1344 4251 1422 4308 quoe

123 4337 241 4397 duobus
261 4338 336 4396 iocis
352 4354 388 4410 p.
414 4341 479 4407 171,
506 4341 522 4392 7
544 4343 573 4395 et
590 4353 625 4410 p.
653 4341 718 4408 111,
744 4342 780 4393 35
803 4352 864 4409 seq.
889 4339 931 4395 itu
953 4343 1210 4407 commemoratur,
1235 4341 1268 4393 ut
1287 4338 1353 4410 ipso
1368 4337 1420 4395 iiio

122 4443 192 4501 ioco
213 4439 294 4498 bunc
314 4438 423 4497 tibrum
446 4441 590 4513 scriptum
609 4437 707 4508 fuisse
725 4444 846 4513 potcot,
877 4437 962 4496 ltouti
986 4439 1095 4512 procui
1122 4453 1142 4495 o
1164 4435 1272 4495 Sancti
1291 4435 1423 4510 Iimuiqii

122 4542 199 4602 urbe
221 4540 328 4599 oberot
347 4556 443 4615 prope
461 4543 588 4615 (luscium
616 4543 669 4613 qui
694 4547 823 4600 uocatur
850 4538 974 4610 Memno,
1007 4541 1038 4597 in
1066 4541 1138 4613 ipsis
1166 4537 1323 4612 Sporuoci
1345 4541 1423 4613 poqi

121 4643 236 4717 finibm
256 4646 428 4715 constituto,
452 4645 504 4701 cui
516 4643 606 4701 bodie
620 4658 725 4701 nomon
741 4648 785 4700 est
805 4640 838 4698 H
841 4643 965 4700 ootuil
970 4644 999 4700 ii
1003 4657 1079 4716 ers,
1095 4639 1139 4712 cf.
1158 4639 1313 4699 lilounerti
1325 4641 1418 4700 lexic.

122 4745 296 4823 qeooropb.
320 4744 341 4804 I
356 4762 389 4819 p.
414 4751 479 4803 690.
524 4742 587 4803 Scoi
607 4746 714 4802 mirum
736 4751 780 4802 cst
796 4761 832 4819 p.
859 4749 929 4815 157,
957 4749 993 4802 36
1022 4745 1226 4817 morestium
1256 4743 1417 4802 Graeco·

122 4864 201 4908 rum
223 4846 455 4906 Latinitatis
476 4848 693 4920 iomororum
722 4862 871 4920 persouos
892 4848 1010 4919 mouci,
1040 4849 1093 4920 qui
1112 4845 1260 4919 quomodo
1281 4844 1357 4918 quid
1376 4847 1419 4906 in·
