3382 5476
195 352 260 416 208
589 353 826 407 COMMENTVM
844 354 1088 408 EINSIDLENSE

198 552 356 622 autequam
388 551 616 603 secernerentur
650 541 687 603 ab
720 545 858 603 inuicem.
909 541 972 602 Hoc
1006 541 1306 609 animaduertendum
1334 552 1395 615 est,
1429 546 1497 627 quia
1564 624 1567 629 Ι

198 644 328 705 Donatus
356 651 469 704 rectum
498 642 633 704 ordinem
657 644 688 702 in
711 642 757 704 his
778 643 884 717 formis
906 662 966 707 non
989 645 1098 713 tenuit;
1127 646 1225 724 primo
1246 646 1327 707 enlm
1349 645 1496 709 debuerat

198 745 397 806 meditatiuam
426 745 550 806 tormam
579 762 705 824 ponere,
740 743 848 804 deinde
876 744 1089 815 inchoatiuam,
1122 754 1225 826 postea
1254 745 1438 824 perfectam,
1458 745 1495 808 ad

197 845 330 908 ultimum
365 844 622 925 frequentatiuam.
678 845 752 907 Nam
786 843 914 924 primule
947 844 1059 926 aliquid
1094 846 1286 917 meditamur,
1319 848 1495 929 priusquam

197 948 307 1030 aliquid
341 946 531 1016 inchoemus,
566 955 595 1006 et
622 947 678 1007 hoc
705 946 785 1026 quod
814 945 986 1007 inchoatum
1015 955 1061 1007 est
1087 946 1124 1007 ad
1152 947 1318 1027 perlectum
1348 946 1520 1017 ducimuss

197 1048 276 1131 quod
306 1067 378 1126 ergo
400 1048 565 1126 perlectum
588 1056 646 1117 est,
675 1048 706 1108 in
728 1048 876 1127 frequenti
900 1066 955 1109 usu
979 1057 1123 1109 tenemus.
1169 1048 1228 1109 Sed
1250 1048 1341 1109 ilica
1363 1050 1497 1129 perlecta

198 1154 292 1213 forma
323 1149 400 1210 bene
428 1147 594 1217 inchoauit,
624 1155 654 1209 et
678 1150 755 1209 sicut
777 1147 971 1210 masculinum
994 1158 1062 1211 ante
1084 1148 1272 1219 femininum,
1302 1148 1497 1211 indicatiuum

198 1261 266 1315 ante
294 1252 520 1331 imperatiuum,
548 1251 590 1309 sio
618 1267 747 1329 sequens
775 1257 911 1311 naturam
934 1251 1095 1330 perfectam
1117 1253 1216 1330 primo
1237 1252 1336 1333 poenit
1356 1250 1495 1315 formam.

199 1356 277 1416 [leus
304 1354 381 1414 enim
410 1353 508 1413 omnia
536 1352 669 1433 periecte
696 1351 781 1422 iecit,
810 1350 950 1412 uidelicet
978 1352 1128 1413 hominem
1156 1353 1322 1432 perrectum
1345 1351 1378 1415 13
1400 1360 1497 1415 aetate

197 1455 276 1518 XXX
300 1444 445 1517 annorum
470 1461 500 1514 et
521 1451 646 1515 arbores
667 1452 863 1531 glandiferas,
888 1471 946 1515 noo
969 1454 1099 1521 tructus.
1123 1451 1252 1516 uolatilia
1274 1470 1413 1536 quoque,
1436 1472 1531 1517 3333

96 1577 145 1626 333,
159 1578 183 1615 3
199 1578 264 1634 333,
289 1575 377 1637 quem
399 1556 530 1615 imitatus
552 1565 597 1616 est
619 1554 751 1616 Donatus
773 1556 900 1637 primam
923 1554 1064 1633 ponendo
1086 1554 1259 1634 perlectam.
1303 1554 1337 1617 l).
1361 1555 1497 1619 Coniu-

199 1661 374 1738 gationes
396 1655 597 1717 uerborum
613 1652 625 1736 ΙΙ
643 1651 700 1714 121
719 1652 730 1735 ΙΙ
746 1664 836 1735 quot
859 1657 965 1717 sunt?
1001 1657 1175 1734 Coniugatio
1190 1655 1299 1741 dicitur
1313 1659 1397 1739 quasi
1413 1656 1497 1719 collia

199 1763 286 1840 gatio,
304 1779 339 1820 33
354 1757 433 1838 quod
450 1755 507 1818 sub
522 1775 580 1818 una
597 1755 699 1833 regula
715 1759 798 1833 quasi
813 1756 868 1817 sub
886 1776 945 1818 uno
961 1758 1029 1836 iugo
1045 1756 1137 1817 muita
1160 1758 1313 1836 coniungit
1335 1766 1366 1820 et
1387 1760 1499 1821 refluet

200 1872 229 1923 et
250 1861 318 1922 ideo
334 1878 350 1918 a
366 1858 573 1936 coniungendo
586 1857 694 1917 dicitur
706 1859 883 1937 coniugatio.
907 1858 944 1919 Μ.
955 1857 1056 1920 Tres.
1086 1859 1242 1931 Quidam
1257 1859 1499 1937 grammatici

200 1970 338 2042 quattuor
360 1966 559 2020 annumerant
580 1960 812 2036 coniugationes,
836 1961 912 2019 sicut
927 1959 1156 2021 Priscianus.
1194 1960 1324 2021 Donatus
1346 1979 1421 2023 uero
1436 1966 1534 2021 133333

201 2074 354 2127 enumerat
376 2059 538 2123 secundum
562 2060 696 2121 ordinem
720 2062 808 2121 trium
832 2059 995 2131 uocalium,
1019 2060 1126 2140 quibus
1148 2063 1247 2125 omnia
1269 2060 1364 2124 uerba
1386 2060 1495 2122 adhae-

200 2174 283 2236 rent,
312 2164 497 2242 distingueus
518 2171 652 2242 quartam
675 2180 691 2222 a
715 2163 799 2223 tertia
830 2163 1050 2240 coniugatione,
1080 2181 1148 2225 cum
1176 2163 1249 2224 dicit
1270 2165 1298 2223 ‘i
1326 2171 1498 2243 correptam

99 2268 248 2337 33333331
264 2270 273 2327 i
289 2266 489 2346 productam'.
527 2264 701 2325 [liscerni
727 2265 755 2322 ·i·
779 2262 946 2325 diiudicari.
976 2263 1052 2335 Quid
1069 2273 1113 2326 est
1128 2266 1314 2345 coniugariot
1335 2262 1497 2326 declinatio

101 2391 146 2438 aaa,
160 2390 186 2429 aa
201 2368 296 2431 uerbi.
343 2367 377 2429 1).
395 2368 539 2428 Genera
554 2365 759 2427 uerborum
776 2375 864 2446 quot
879 2368 983 2446 sunt?
1010 2366 1123 2437 ‘Quot’,
1136 2368 1212 2428 sicut
1230 2364 1497 2448 superiusdictum

201 2479 261 2541 est,
297 2486 452 2529 numerum
482 2468 616 2548 requirit.
667 2470 768 2529 Genus
795 2466 901 2529 dicitur
928 2471 957 2529 in
987 2467 1082 2528 uerbo
1104 2486 1121 2527 a
1143 2467 1329 2546 generando,
1358 2485 1395 2529 33
1418 2466 1536 2549 quodro

200 2591 291 2633 unum
314 2579 476 2649 generetur
499 2589 534 2630 ex
557 2568 666 2639 altero,
695 2569 807 2631 scilicet
829 2571 978 2648 passiuum
1002 2569 1039 2630 ab
1062 2570 1159 2630 actiuo
1183 2570 1305 2630 etitem
1327 2568 1458 2630 actluum
1481 2586 1499 2628 a

200 2674 327 2754 passiuo.
364 2673 465 2733 dctiua
489 2690 561 2750 ergo
583 2671 723 2733 dicuntur
745 2671 782 2732 ab
805 2671 929 2751 agendo,
954 2691 989 2733 33
1011 2671 1090 2751 quod
1113 2680 1203 2749 agunt
1225 2684 1255 2732 et
1276 2678 1374 2732 actum
1396 2678 1498 2733 osten·

199 2775 282 2845 dunt,
305 2782 337 2835 ut
358 2771 426 2852 lego
450 2782 478 2833 te
501 2775 594 2834 doceo
616 2781 655 2836 te.
700 2772 781 2834 Vnde
803 2781 832 2833 31
854 2774 1021 2834 3333331133
1044 2772 1192 2842 dicuntur,
1219 2774 1286 2850 quia
1309 2790 1346 2833 ex
1369 2773 1499 2833 maxima

199 2884 283 2956 parte
311 2875 486 2936 accusatiuis
513 2872 705 2953 copulantur,
734 2891 826 2953 pauca
857 2892 930 2935 uero
957 2873 1022 2935 aliis
1047 2874 1182 2951 casibus,
1211 2881 1243 2935 ut
1264 2872 1410 2936 benedico
1433 2874 1498 2945 tibi,

201 2980 345 3038 misereor
361 2978 412 3045 tui,
437 2983 467 3035 et
489 2991 580 3035 unum
596 2973 727 3061 uerbum
752 2984 807 3050 est,
830 2976 908 3053 quod
932 2978 962 3037 in
985 2978 1081 3037 actiua
1105 2977 1188 3036 etin
1209 2977 1327 3055 passiua
1348 2975 1496 3054 signitica-
1510 2998 1537 3039 rs

200 3081 278 3139 tione
303 3085 416 3138 tantum
439 3074 570 3137 abiatiuo
592 3076 733 3152 iungitur,
758 3086 787 3136 ut
811 3077 937 3156 stipulor
959 3097 975 3138 a
999 3086 1028 3139 13
1052 3080 1079 3139 ·i·
1104 3079 1258 3156 interrogo
1280 3077 1500 3139 1333113133·

199 3196 290 3257 rogor
312 3197 328 3239 a
351 3185 390 3238 te.
433 3176 555 3238 Passiua
581 3176 720 3237 dicuntur
742 3195 758 3236 a
780 3178 935 3256 patiendo,
966 3198 1001 3240 eo
1030 3179 1109 3260 quod
1131 3196 1213 3239 suam
1236 3180 1403 3259 passionem
1426 3196 1498 3260 pro·

199 3281 333 3351 litentur,
363 3288 395 3341 ut
422 3278 531 3341 doceor
558 3278 606 3340 331
633 3277 779 3339 uerberor
801 3297 817 3339 a
840 3287 879 3340 te.
924 3281 1003 3343 llaec
1033 3290 1078 3342 est
1098 3288 1196 3342 autem
1220 3298 1305 3341 causa
1328 3281 1497 3342 actiuomm

200 3393 228 3444 et
250 3384 436 3464 passiuorum
460 3380 621 3443 uerborum
643 3381 778 3441 transitio
800 3389 892 3442 actus.
933 3381 984 3442 1113
1007 3383 1086 3443 enim
1109 3400 1193 3443 meus
1214 3389 1297 3443 actus
1319 3383 1427 3443 transit
1449 3400 1500 3443 me

199 3484 316 3547 dicente
331 3485 436 3546 ‘doceo
452 3488 503 3545 tc'.
535 3484 580 3545 Tu
597 3502 668 3562 ergo
684 3482 843 3553 condieris,
867 3483 895 3543 id
911 3483 990 3564 quod
1013 3485 1133 3566 pateris,
1157 3483 1260 3545 dicens
1271 3482 1394 3545 ‘doceor
1408 3502 1425 3544 a
1441 3484 1496 3546 te’.
1511 3504 1538 3546 33

198 3587 281 3649 Tuus
307 3590 416 3648 iterum
444 3596 527 3648 actus
554 3588 660 3647 transit
686 3587 717 3646 in
743 3604 801 3646 me.
847 3583 929 3646 Vnde
951 3585 1052 3647 utilia
1075 3585 1168 3647 uerba
1191 3603 1266 3665 quae
1290 3602 1348 3645 333
1371 3594 1500 3665 possunt

200 3687 390 3767 respondere,
414 3694 518 3748 neutra
542 3695 620 3756 sunt,
644 3695 677 3747 ut
699 3705 750 3747 aro
773 3695 884 3747 terram
906 3687 1039 3768 prandeo
1057 3689 1180 3766 piscem.
1217 3688 1330 3750 Neutra
1345 3685 1497 3759 dicuntur,

200 3807 259 3851 non
281 3796 314 3850 ut
335 3788 409 3849 nihil
431 3789 599 3866 significent
620 3795 671 3849 aut
694 3796 792 3849 actum
816 3787 863 3849 331
878 3790 1056 3869 passionem,
1081 3789 1133 3851 sed
1151 3798 1313 3868 utrumque
1327 3807 1389 3852 333
1403 3790 1496 3869 signi-

199 3893 302 3961 iicant,
326 3900 359 3952 ut
380 3888 514 3950 ambulo:
538 3908 608 3950 ecce
630 3898 743 3957 actuum
773 3889 874 3951 rubet:
904 3909 974 3952 ecce
996 3893 1158 3971 passiuum.
1175 3888 1187 3972 ll
1205 3888 1294 3973 122q
1344 3891 1403 3953 Sed
1426 3910 1520 3972 pro·.

199 3996 263 4074 pria
286 4001 355 4054 sunt
376 4000 491 4062 neutra,
515 4011 591 4073 quae
613 4010 667 4072 per
688 4010 721 4053 se
744 3990 863 4071 3133333
886 4010 1006 4054 sensum
1028 3991 1148 4061 habent,
1173 4003 1205 4054 ut
1222 3995 1293 4054 uiuo
1308 3995 1391 4072 spiro
1404 3994 1497 4055 sedeo
1511 4013 1539 4054 ss

200 4095 280 4157 bibo.
324 4096 505 4176 deponentia
534 4095 673 4156 dicuutur
700 4086 775 4154 κατ’
798 4087 1002 4175 ἀντίφρασιν
1026 4096 1055 4154 ·i·
1078 4113 1132 4174 per
1159 4097 1340 4156 contrarium
1363 4113 1381 4156 a
1403 4094 1498 4176 depo-

200 4198 313 4268 nendo,
341 4216 376 4258 33
399 4197 477 4278 quod
500 4216 645 4277 nusquam
668 4196 821 4275 deponunt
844 4216 858 4257 r
880 4195 927 4256 uei
949 4196 1017 4257 ideo
1040 4195 1180 4257 dicuntur
1203 4197 1381 4276 deponentia
1403 4214 1421 4256 a
1444 4195 1497 4258 de·

199 4299 346 4380 ponendo,
370 4318 406 4359 eo
429 4299 508 4377 quod
532 4299 687 4378 deponunt
709 4298 896 4377 participium
920 4299 1010 4358 131331
1033 4300 1185 4376 temporis,
1209 4297 1289 4376 quod
1311 4298 1342 4358 in
1365 4296 1421 4359 dus
1444 4297 1496 4359 de-

198 4403 278 4465 sinit.
314 4402 488 4462 Communia
511 4399 656 4469 dicuntur,
680 4419 715 4460 33
737 4399 815 4477 quod
839 4398 894 4459 sub
917 4416 974 4460 una
994 4398 1157 4462 litteratura
1174 4400 1248 4462 duos
1262 4416 1367 4460 sensus
1382 4397 1497 4461 habent

198 4504 229 4564 in
252 4503 326 4564 duas
348 4502 458 4563 iormas
482 4502 512 4561 ·i·
535 4502 565 4562 in
589 4500 665 4562 duos
688 4499 864 4572 intellectus,
887 4500 1026 4563 uidelicet
1046 4503 1078 4562 in
1102 4502 1227 4563 turmam
1251 4502 1341 4564 actiui
1362 4503 1427 4581 ipsa
1451 4510 1494 4563 est
1509 4516 1535 4552 ⁴⁰

267 4758 371 4822 oqnod
388 4752 460 4823 ergo]
479 4755 549 4819 quod
568 4757 647 4805 uero?
717 4758 841 4806 8331333
910 4758 939 4806 11
959 4755 1067 4807 iormam
1085 4765 1145 4806 ante
1162 4756 1299 4822 perfectam
1317 4757 1432 4809 additura
1448 4758 1497 4807 aed

197 4829 299 4890 punctis
315 4827 456 4892 suppositis
473 4826 600 4875 inductum
618 4831 656 4874 est
724 4826 757 4875 36
775 4834 830 4873 cata
849 4822 987 4874 3311133313
1055 4826 1090 4875 40
1107 4822 1234 4874 ΙΙΙ13333333
