<?xml version="1.0" encoding="UTF-8"?>
<!DOCTYPE html PUBLIC "-//W3C//DTD XHTML 1.0 Transitional//EN"
    "http://www.w3.org/TR/xhtml1/DTD/xhtml1-transitional.dtd">
<html xmlns="http://www.w3.org/1999/xhtml" xml:lang="en" lang="en">
 <head>
  <title>
</title>
<meta http-equiv="Content-Type" content="text/html;charset=utf-8" />
  <meta name='ocr-system' content='tesseract 3.04.00' />
  <meta name='ocr-capabilities' content='ocr_page ocr_carea ocr_par ocr_line ocrx_word'/>
</head>
<body>
  <div class='ocr_page' id='page_1' title='image "./grammaticilatin06keilgoog_0351.png"; bbox 0 0 3382 5476; ppageno 0'>
   <div class='ocr_carea' id='block_1_1' title="bbox 195 348 973 415">
    <p class='ocr_par' dir='ltr' id='par_1_1' title="bbox 195 348 973 415">
     <span class='ocr_line' id='line_1_1' title="bbox 195 348 973 415; baseline 0.004 -16"><span class='ocrx_word' id='word_1_1' title='bbox 195 350 236 415; x_wconf 76' lang='lat'><strong>76</strong></span> <span class='ocrx_word' id='word_1_2' title='bbox 710 349 779 402; x_wconf 81' lang='lat' dir='ltr'><strong>aas</strong></span> <span class='ocrx_word' id='word_1_3' title='bbox 797 348 973 402; x_wconf 75' lang='lat' dir='ltr'><strong>suenrus</strong></span> 
     </span>
    </p>
   </div>
   <div class='ocr_carea' id='block_1_2' title="bbox 193 535 1545 2352">
    <p class='ocr_par' dir='ltr' id='par_1_2' title="bbox 193 535 1545 1946">
     <span class='ocr_line' id='line_1_2' title="bbox 196 535 1491 620; baseline -0.002 -19"><span class='ocrx_word' id='word_1_4' title='bbox 196 539 288 610; x_wconf 89' lang='lat' dir='ltr'><strong>illins,</strong></span> <span class='ocrx_word' id='word_1_5' title='bbox 312 538 430 620; x_wconf 90' lang='lat' dir='ltr'><strong>qnando</strong></span> <span class='ocrx_word' id='word_1_6' title='bbox 452 547 551 601; x_wconf 86' lang='lat' dir='ltr'><strong>auteur</strong></span> <span class='ocrx_word' id='word_1_7' title='bbox 572 540 730 619; x_wconf 88' lang='lat' dir='ltr'><strong>partieipia</strong></span> <span class='ocrx_word' id='word_1_8' title='bbox 751 547 837 608; x_wconf 89' lang='lat' dir='ltr'><strong>sunt,</strong></span> <span class='ocrx_word' id='word_1_9' title='bbox 854 539 1023 600; x_wconf 90' lang='lat' dir='ltr'><strong>accusatiuo</strong></span> <span class='ocrx_word' id='word_1_10' title='bbox 1045 538 1196 608; x_wconf 86' lang='lat' dir='ltr'><strong>seruiunt,</strong></span> <span class='ocrx_word' id='word_1_11' title='bbox 1220 544 1253 599; x_wconf 91' lang='grc' dir='ltr'><strong>ιιι</strong></span> <span class='ocrx_word' id='word_1_12' title='bbox 1273 555 1377 599; x_wconf 87' lang='lat' dir='ltr'><strong>amans</strong></span> <span class='ocrx_word' id='word_1_13' title='bbox 1397 535 1491 601; x_wconf 86' lang='lat' dir='ltr'><strong>illum.</strong></span> 
     </span>
     <span class='ocr_line' id='line_1_3' title="bbox 194 637 1493 721; baseline -0.002 -17"><span class='ocrx_word' id='word_1_14' title='bbox 194 643 410 704; x_wconf 75' lang='lat' dir='ltr'><strong>discernuntur</strong></span> <span class='ocrx_word' id='word_1_15' title='bbox 432 641 640 711; x_wconf 91' lang='lat' dir='ltr'><strong>declinatione,</strong></span> <span class='ocrx_word' id='word_1_16' title='bbox 665 649 697 702; x_wconf 92' lang='lat' dir='ltr'><strong>ut</strong></span> <span class='ocrx_word' id='word_1_17' title='bbox 718 642 801 703; x_wconf 91' lang='lat' dir='ltr'><strong>uisus</strong></span> <span class='ocrx_word' id='word_1_18' title='bbox 816 640 935 721; x_wconf 91' lang='lat' dir='ltr'><strong>quando</strong></span> <span class='ocrx_word' id='word_1_19' title='bbox 952 658 1059 702; x_wconf 91' lang='lat' dir='ltr'><strong>nomen</strong></span> <span class='ocrx_word' id='word_1_20' title='bbox 1073 649 1125 716; x_wconf 85' lang='lat' dir='ltr'><strong>est,</strong></span> <span class='ocrx_word' id='word_1_21' title='bbox 1149 648 1272 721; x_wconf 87' lang='lat' dir='ltr'><strong>quartae</strong></span> <span class='ocrx_word' id='word_1_22' title='bbox 1286 637 1493 703; x_wconf 71' lang='lat' dir='ltr'><strong>declinationis</strong></span> 
     </span>
     <span class='ocr_line' id='line_1_4' title="bbox 194 740 1491 823; baseline -0.003 -17"><span class='ocrx_word' id='word_1_23' title='bbox 194 753 240 806; x_wconf 89' lang='lat' dir='ltr'><strong>est</strong></span> <span class='ocrx_word' id='word_1_24' title='bbox 254 754 284 806; x_wconf 87' lang='lat' dir='ltr'><strong>et</strong></span> <span class='ocrx_word' id='word_1_25' title='bbox 297 746 340 805; x_wconf 89' lang='lat' dir='ltr'><strong>sic</strong></span> <span class='ocrx_word' id='word_1_26' title='bbox 355 741 537 804; x_wconf 86' lang='lat' dir='ltr'><strong>declinatur:</strong></span> <span class='ocrx_word' id='word_1_27' title='bbox 561 745 645 804; x_wconf 86' lang='lat' dir='ltr'><strong>uisus</strong></span> <span class='ocrx_word' id='word_1_28' title='bbox 666 745 748 804; x_wconf 89' lang='lat' dir='ltr'><strong>nisus</strong></span> <span class='ocrx_word' id='word_1_29' title='bbox 770 745 862 813; x_wconf 92' lang='lat' dir='ltr'><strong>nisui,</strong></span> <span class='ocrx_word' id='word_1_30' title='bbox 885 742 1004 823; x_wconf 91' lang='lat' dir='ltr'><strong>qnando</strong></span> <span class='ocrx_word' id='word_1_31' title='bbox 1026 761 1099 804; x_wconf 88' lang='lat' dir='ltr'><strong>uero</strong></span> <span class='ocrx_word' id='word_1_32' title='bbox 1120 743 1320 823; x_wconf 89' lang='lat' dir='ltr'><strong>participium,</strong></span> <span class='ocrx_word' id='word_1_33' title='bbox 1343 740 1491 804; x_wconf 87' lang='lat' dir='ltr'><strong>secundae</strong></span> 
     </span>
     <span class='ocr_line' id='line_1_5' title="bbox 194 842 1492 925; baseline -0.002 -16"><span class='ocrx_word' id='word_1_34' title='bbox 194 845 399 908; x_wconf 75' lang='lat' dir='ltr'><strong>declinationis</strong></span> <span class='ocrx_word' id='word_1_35' title='bbox 428 852 473 905; x_wconf 85' lang='lat' dir='ltr'><strong>est</strong></span> <span class='ocrx_word' id='word_1_36' title='bbox 500 853 530 905; x_wconf 89' lang='lat' dir='ltr'><strong>et</strong></span> <span class='ocrx_word' id='word_1_37' title='bbox 556 845 597 906; x_wconf 89' lang='lat' dir='ltr'><strong>ita</strong></span> <span class='ocrx_word' id='word_1_38' title='bbox 624 844 807 906; x_wconf 89' lang='lat' dir='ltr'><strong>declinatur:</strong></span> <span class='ocrx_word' id='word_1_39' title='bbox 839 846 919 906; x_wconf 79' lang='lat' dir='ltr'><strong>uiam</strong></span> <span class='ocrx_word' id='word_1_40' title='bbox 948 846 1002 906; x_wconf 89' lang='lat' dir='ltr'><strong>uisi</strong></span> <span class='ocrx_word' id='word_1_41' title='bbox 1032 846 1102 925; x_wconf 50' lang='lat' dir='ltr'><strong>uiso,</strong></span> <span class='ocrx_word' id='word_1_42' title='bbox 1123 854 1153 907; x_wconf 89' lang='lat' dir='ltr'><strong>et</strong></span> <span class='ocrx_word' id='word_1_43' title='bbox 1174 842 1300 925; x_wconf 88' lang='lat' dir='ltr'><strong>reliqua.</strong></span> <span class='ocrx_word' id='word_1_44' title='bbox 1344 843 1492 907; x_wconf 79' lang='lat' dir='ltr'><strong>Dilierunt</strong></span> 
     </span>
     <span class='ocr_line' id='line_1_6' title="bbox 194 944 1516 1029; baseline -0.001 -19"><span class='ocrx_word' id='word_1_45' title='bbox 194 960 343 1029; x_wconf 89' lang='lat' dir='ltr'><strong>tempore:</strong></span> <span class='ocrx_word' id='word_1_46' title='bbox 371 948 402 1008; x_wconf 94' lang='lat' dir='ltr'><strong>in</strong></span> <span class='ocrx_word' id='word_1_47' title='bbox 430 947 552 1007; x_wconf 89' lang='lat' dir='ltr'><strong>nomine</strong></span> <span class='ocrx_word' id='word_1_48' title='bbox 580 948 658 1007; x_wconf 87' lang='lat' dir='ltr'><strong>onim</strong></span> <span class='ocrx_word' id='word_1_49' title='bbox 688 955 806 1026; x_wconf 86' lang='lat' dir='ltr'><strong>tempus</strong></span> <span class='ocrx_word' id='word_1_50' title='bbox 832 965 894 1007; x_wconf 89' lang='grc' dir='ltr'>ιιοιι</span> <span class='ocrx_word' id='word_1_51' title='bbox 923 952 981 1017; x_wconf 87' lang='lat' dir='ltr'><strong>cst,</strong></span> <span class='ocrx_word' id='word_1_52' title='bbox 1009 955 1043 1008; x_wconf 90' lang='grc' dir='ltr'><strong>ιιι</strong></span> <span class='ocrx_word' id='word_1_53' title='bbox 1063 948 1088 1007; x_wconf 89' lang='lat' dir='ltr'><strong>si</strong></span> <span class='ocrx_word' id='word_1_54' title='bbox 1111 946 1192 1009; x_wconf 90' lang='lat' dir='ltr'><strong>dicas</strong></span> <span class='ocrx_word' id='word_1_55' title='bbox 1213 945 1327 1007; x_wconf 72' lang='lat' dir='ltr'><strong>‘homo’</strong></span> <span class='ocrx_word' id='word_1_56' title='bbox 1350 944 1516 1025; x_wconf 77' lang='lat' dir='ltr'><strong>‘lignum’a</strong></span> 
     </span>
     <span class='ocr_line' id='line_1_7' title="bbox 194 1046 1491 1128; baseline -0.001 -17"><span class='ocrx_word' id='word_1_57' title='bbox 194 1048 326 1112; x_wconf 78' lang='lat' dir='ltr'><strong>‘animal’</strong></span> <span class='ocrx_word' id='word_1_58' title='bbox 355 1056 384 1110; x_wconf 88' lang='lat' dir='ltr'><strong>et</strong></span> <span class='ocrx_word' id='word_1_59' title='bbox 412 1046 542 1126; x_wconf 90' lang='lat' dir='ltr'><strong>reliqua,</strong></span> <span class='ocrx_word' id='word_1_60' title='bbox 569 1049 600 1108; x_wconf 93' lang='lat' dir='ltr'><strong>in</strong></span> <span class='ocrx_word' id='word_1_61' title='bbox 629 1049 785 1128; x_wconf 90' lang='lat' dir='ltr'><strong>participio</strong></span> <span class='ocrx_word' id='word_1_62' title='bbox 812 1057 910 1110; x_wconf 90' lang='lat' dir='ltr'><strong>antem</strong></span> <span class='ocrx_word' id='word_1_63' title='bbox 940 1057 1075 1128; x_wconf 84' lang='lat' dir='ltr'><strong>ternpore</strong></span> <span class='ocrx_word' id='word_1_64' title='bbox 1104 1050 1175 1118; x_wconf 92' lang='lat' dir='ltr'><strong>tria,</strong></span> <span class='ocrx_word' id='word_1_65' title='bbox 1207 1056 1239 1109; x_wconf 93' lang='lat' dir='ltr'><strong>ut</strong></span> <span class='ocrx_word' id='word_1_66' title='bbox 1266 1048 1369 1128; x_wconf 88' lang='lat' dir='ltr'><strong>legens</strong></span> <span class='ocrx_word' id='word_1_67' title='bbox 1396 1046 1491 1110; x_wconf 84' lang='lat' dir='ltr'><strong>lectus</strong></span> 
     </span>
     <span class='ocr_line' id='line_1_8' title="bbox 194 1148 1492 1230; baseline -0.001 -18"><span class='ocrx_word' id='word_1_68' title='bbox 194 1151 347 1230; x_wconf 91' lang='lat' dir='ltr'><strong>legendus.</strong></span> <span class='ocrx_word' id='word_1_69' title='bbox 392 1150 468 1211; x_wconf 87' lang='lat' dir='ltr'><strong>Sunt</strong></span> <span class='ocrx_word' id='word_1_70' title='bbox 494 1149 551 1212; x_wconf 89' lang='lat' dir='ltr'><strong>alia</strong></span> <span class='ocrx_word' id='word_1_71' title='bbox 579 1151 697 1211; x_wconf 87' lang='lat' dir='ltr'><strong>nomina</strong></span> <span class='ocrx_word' id='word_1_72' title='bbox 727 1149 828 1211; x_wconf 86' lang='lat' dir='ltr'><strong>uerbis</strong></span> <span class='ocrx_word' id='word_1_73' title='bbox 854 1148 975 1221; x_wconf 80' lang='lat' dir='ltr'><strong>similia,</strong></span> <span class='ocrx_word' id='word_1_74' title='bbox 1003 1157 1035 1211; x_wconf 88' lang='lat' dir='ltr'><strong>ut</strong></span> <span class='ocrx_word' id='word_1_75' title='bbox 1064 1149 1187 1211; x_wconf 86' lang='lat' dir='ltr'><strong>comedo</strong></span> <span class='ocrx_word' id='word_1_76' title='bbox 1209 1150 1297 1230; x_wconf 91' lang='lat' dir='ltr'><strong>palpo</strong></span> <span class='ocrx_word' id='word_1_77' title='bbox 1318 1149 1409 1211; x_wconf 88' lang='lat' dir='ltr'><strong>turbo</strong></span> <span class='ocrx_word' id='word_1_78' title='bbox 1430 1150 1492 1213; x_wconf 86' lang='lat' dir='ltr'><strong>lor-</strong></span> 
     </span>
     <span class='ocr_line' id='line_1_9' title="bbox 195 1249 1491 1332; baseline -0.001 -18"><span class='ocrx_word' id='word_1_79' title='bbox 195 1251 276 1314; x_wconf 88' lang='lat' dir='ltr'><strong>mido</strong></span> <span class='ocrx_word' id='word_1_80' title='bbox 298 1251 392 1332; x_wconf 87' lang='lat' dir='ltr'><strong>caligo</strong></span> <span class='ocrx_word' id='word_1_81' title='bbox 413 1251 522 1330; x_wconf 90' lang='lat' dir='ltr'><strong>indago</strong></span> <span class='ocrx_word' id='word_1_82' title='bbox 544 1269 685 1332; x_wconf 85' lang='lat' dir='ltr'><strong>propago.</strong></span> <span class='ocrx_word' id='word_1_83' title='bbox 731 1250 888 1322; x_wconf 83' lang='lat' dir='ltr'><strong>Quomodo</strong></span> <span class='ocrx_word' id='word_1_84' title='bbox 910 1253 1119 1314; x_wconf 87' lang='lat' dir='ltr'><strong>discernuntur</strong></span> <span class='ocrx_word' id='word_1_85' title='bbox 1146 1252 1221 1313; x_wconf 86' lang='lat' dir='ltr'><strong>lraec</strong></span> <span class='ocrx_word' id='word_1_86' title='bbox 1243 1253 1362 1313; x_wconf 90' lang='lat' dir='ltr'><strong>nomina</strong></span> <span class='ocrx_word' id='word_1_87' title='bbox 1384 1249 1422 1315; x_wconf 87' lang='lat' dir='ltr'><strong>ab</strong></span> <span class='ocrx_word' id='word_1_88' title='bbox 1444 1249 1491 1313; x_wconf 87' lang='lat' dir='ltr'><strong>his</strong></span> 
     </span>
     <span class='ocr_line' id='line_1_10' title="bbox 195 1352 1491 1436; baseline 0 -21"><span class='ocrx_word' id='word_1_89' title='bbox 195 1353 304 1430; x_wconf 84' lang='lat' dir='ltr'><strong>uerbis,</strong></span> <span class='ocrx_word' id='word_1_90' title='bbox 320 1354 427 1435; x_wconf 88' lang='lat' dir='ltr'><strong>quihus</strong></span> <span class='ocrx_word' id='word_1_91' title='bbox 450 1362 520 1415; x_wconf 87' lang='lat' dir='ltr'><strong>aunt</strong></span> <span class='ocrx_word' id='word_1_92' title='bbox 541 1352 663 1415; x_wconf 78' lang='lat' dir='ltr'><strong>similia?</strong></span> <span class='ocrx_word' id='word_1_93' title='bbox 699 1353 749 1415; x_wconf 87' lang='lat' dir='ltr'><strong>Sic</strong></span> <span class='ocrx_word' id='word_1_94' title='bbox 771 1353 996 1416; x_wconf 89' lang='lat' dir='ltr'><strong>discernuntur:</strong></span> <span class='ocrx_word' id='word_1_95' title='bbox 1020 1354 1137 1432; x_wconf 90' lang='lat' dir='ltr'><strong>qnando</strong></span> <span class='ocrx_word' id='word_1_96' title='bbox 1159 1352 1252 1416; x_wconf 88' lang='lat' dir='ltr'><strong>uerba</strong></span> <span class='ocrx_word' id='word_1_97' title='bbox 1273 1360 1351 1425; x_wconf 90' lang='lat' dir='ltr'><strong>sunt,</strong></span> <span class='ocrx_word' id='word_1_98' title='bbox 1373 1354 1491 1436; x_wconf 87' lang='lat' dir='ltr'><strong>primae</strong></span> 
     </span>
     <span class='ocr_line' id='line_1_11' title="bbox 195 1453 1527 1538; baseline -0.003 -19"><span class='ocrx_word' id='word_1_99' title='bbox 195 1459 414 1538; x_wconf 86' lang='lat' dir='ltr'><strong>coniugationis</strong></span> <span class='ocrx_word' id='word_1_100' title='bbox 436 1456 524 1526; x_wconf 85' lang='lat' dir='ltr'><strong>liunt,</strong></span> <span class='ocrx_word' id='word_1_101' title='bbox 553 1463 586 1517; x_wconf 93' lang='lat' dir='ltr'><strong>ut</strong></span> <span class='ocrx_word' id='word_1_102' title='bbox 608 1455 731 1517; x_wconf 87' lang='lat' dir='ltr'><strong>comedo</strong></span> <span class='ocrx_word' id='word_1_103' title='bbox 754 1455 906 1525; x_wconf 89' lang='lat' dir='ltr'><strong>comedas,</strong></span> <span class='ocrx_word' id='word_1_104' title='bbox 929 1454 1016 1535; x_wconf 87' lang='lat' dir='ltr'><strong>palpo</strong></span> <span class='ocrx_word' id='word_1_105' title='bbox 1039 1455 1155 1536; x_wconf 81' lang='lat' dir='ltr'><strong>palpas,</strong></span> <span class='ocrx_word' id='word_1_106' title='bbox 1179 1454 1267 1518; x_wconf 88' lang='lat' dir='ltr'><strong>turbo</strong></span> <span class='ocrx_word' id='word_1_107' title='bbox 1288 1453 1406 1527; x_wconf 86' lang='lat' dir='ltr'><strong>turbas,</strong></span> <span class='ocrx_word' id='word_1_108' title='bbox 1428 1457 1488 1518; x_wconf 84' lang='lat' dir='ltr'><strong>tnr-</strong></span> <span class='ocrx_word' id='word_1_109' title='bbox 1503 1474 1527 1515; x_wconf 88' lang='lat' dir='ltr'><strong>ro</strong></span> 
     </span>
     <span class='ocr_line' id='line_1_12' title="bbox 194 1557 1490 1638; baseline -0.002 -17"><span class='ocrx_word' id='word_1_110' title='bbox 194 1559 275 1622; x_wconf 88' lang='lat' dir='ltr'><strong>mido</strong></span> <span class='ocrx_word' id='word_1_111' title='bbox 297 1558 453 1628; x_wconf 77' lang='lat' dir='ltr'><strong>formidas,</strong></span> <span class='ocrx_word' id='word_1_112' title='bbox 479 1557 573 1637; x_wconf 90' lang='lat' dir='ltr'><strong>caligo</strong></span> <span class='ocrx_word' id='word_1_113' title='bbox 596 1557 719 1636; x_wconf 81' lang='lat' dir='ltr'><strong>caligas,</strong></span> <span class='ocrx_word' id='word_1_114' title='bbox 742 1557 849 1636; x_wconf 92' lang='lat' dir='ltr'><strong>indago</strong></span> <span class='ocrx_word' id='word_1_115' title='bbox 872 1557 1009 1635; x_wconf 81' lang='lat' dir='ltr'><strong>indagas,</strong></span> <span class='ocrx_word' id='word_1_116' title='bbox 1032 1575 1164 1638; x_wconf 88' lang='lat' dir='ltr'><strong>propago</strong></span> <span class='ocrx_word' id='word_1_117' title='bbox 1186 1575 1350 1638; x_wconf 85' lang='lat' dir='ltr'><strong>propagas;</strong></span> <span class='ocrx_word' id='word_1_118' title='bbox 1373 1558 1490 1638; x_wconf 87' lang='lat' dir='ltr'><strong>qnando</strong></span> 
     </span>
     <span class='ocr_line' id='line_1_13' title="bbox 193 1652 1545 1741; baseline -0.003 -18"><span class='ocrx_word' id='word_1_119' title='bbox 193 1669 293 1725; x_wconf 89' lang='lat' dir='ltr'><strong>antem</strong></span> <span class='ocrx_word' id='word_1_120' title='bbox 314 1663 434 1723; x_wconf 88' lang='lat' dir='ltr'><strong>nomina</strong></span> <span class='ocrx_word' id='word_1_121' title='bbox 456 1668 534 1728; x_wconf 92' lang='lat' dir='ltr'><strong>sunt,</strong></span> <span class='ocrx_word' id='word_1_122' title='bbox 558 1661 664 1720; x_wconf 85' lang='lat' dir='ltr'><strong>tertiae</strong></span> <span class='ocrx_word' id='word_1_123' title='bbox 686 1658 893 1720; x_wconf 77' lang='lat' dir='ltr'><strong>declinationis</strong></span> <span class='ocrx_word' id='word_1_124' title='bbox 915 1660 997 1728; x_wconf 87' lang='lat' dir='ltr'><strong>liunt,</strong></span> <span class='ocrx_word' id='word_1_125' title='bbox 1022 1667 1053 1720; x_wconf 93' lang='lat' dir='ltr'><strong>nt</strong></span> <span class='ocrx_word' id='word_1_126' title='bbox 1068 1660 1192 1722; x_wconf 85' lang='lat' dir='ltr'><strong>conredo</strong></span> <span class='ocrx_word' id='word_1_127' title='bbox 1207 1659 1380 1730; x_wconf 89' lang='lat' dir='ltr'><strong>comedinis,</strong></span> <span class='ocrx_word' id='word_1_128' title='bbox 1402 1658 1491 1741; x_wconf 86' lang='lat' dir='ltr'><strong>palpo</strong></span> <span class='ocrx_word' id='word_1_129' title='bbox 1542 1652 1545 1659; x_wconf 76' lang='grc'><strong>’</strong></span> 
     </span>
     <span class='ocr_line' id='line_1_14' title="bbox 193 1759 1490 1845; baseline -0.003 -20"><span class='ocrx_word' id='word_1_130' title='bbox 193 1764 333 1845; x_wconf 88' lang='lat' dir='ltr'><strong>palpinis,</strong></span> <span class='ocrx_word' id='word_1_131' title='bbox 357 1762 445 1824; x_wconf 87' lang='lat' dir='ltr'><strong>turbo</strong></span> <span class='ocrx_word' id='word_1_132' title='bbox 468 1760 609 1831; x_wconf 83' lang='lat' dir='ltr'><strong>turbinis,</strong></span> <span class='ocrx_word' id='word_1_133' title='bbox 633 1760 761 1822; x_wconf 87' lang='lat' dir='ltr'><strong>termido</strong></span> <span class='ocrx_word' id='word_1_134' title='bbox 783 1761 965 1832; x_wconf 78' lang='lat' dir='ltr'><strong>formidinis,</strong></span> <span class='ocrx_word' id='word_1_135' title='bbox 989 1759 1085 1838; x_wconf 91' lang='lat' dir='ltr'><strong>caligo</strong></span> <span class='ocrx_word' id='word_1_136' title='bbox 1108 1760 1253 1840; x_wconf 79' lang='lat' dir='ltr'><strong>caliginis,</strong></span> <span class='ocrx_word' id='word_1_137' title='bbox 1277 1762 1386 1841; x_wconf 90' lang='lat' dir='ltr'><strong>indago</strong></span> <span class='ocrx_word' id='word_1_138' title='bbox 1408 1760 1490 1823; x_wconf 93' lang='lat' dir='ltr'><strong>inda·</strong></span> 
     </span>
     <span class='ocr_line' id='line_1_15' title="bbox 194 1864 646 1946; baseline -0.007 -20"><span class='ocrx_word' id='word_1_139' title='bbox 194 1867 286 1946; x_wconf 81' lang='lat' dir='ltr'><strong>ginis,</strong></span> <span class='ocrx_word' id='word_1_140' title='bbox 309 1882 442 1946; x_wconf 87' lang='lat' dir='ltr'><strong>propago</strong></span> <span class='ocrx_word' id='word_1_141' title='bbox 464 1864 646 1944; x_wconf 84' lang='lat' dir='ltr'><strong>propaginis.</strong></span> 
     </span>
    </p>

    <p class='ocr_par' dir='ltr' id='par_1_3' title="bbox 194 1964 1527 2352">
     <span class='ocr_line' id='line_1_16' title="bbox 278 1964 1527 2047; baseline -0.004 -18"><span class='ocrx_word' id='word_1_142' title='bbox 278 1967 455 2047; x_wconf 87' lang='lat' dir='ltr'><strong>Conparatio</strong></span> <span class='ocrx_word' id='word_1_143' title='bbox 479 1966 548 2043; x_wconf 93' lang='lat' dir='ltr'><strong>qnid</strong></span> <span class='ocrx_word' id='word_1_144' title='bbox 573 1971 618 2026; x_wconf 89' lang='lat' dir='ltr'><strong>est</strong></span> <span class='ocrx_word' id='word_1_145' title='bbox 641 1972 670 2025; x_wconf 87' lang='lat' dir='ltr'><strong>et</strong></span> <span class='ocrx_word' id='word_1_146' title='bbox 692 1965 841 2042; x_wconf 90' lang='lat' dir='ltr'><strong>quomodo</strong></span> <span class='ocrx_word' id='word_1_147' title='bbox 864 1964 1021 2026; x_wconf 81' lang='lat' dir='ltr'><strong>desinitur?</strong></span> <span class='ocrx_word' id='word_1_148' title='bbox 1065 1965 1114 2026; x_wconf 88' lang='lat' dir='ltr'><strong>Sic</strong></span> <span class='ocrx_word' id='word_1_149' title='bbox 1137 1965 1289 2027; x_wconf 80' lang='lat' dir='ltr'><strong>definitur:</strong></span> <span class='ocrx_word' id='word_1_150' title='bbox 1318 1967 1527 2046; x_wconf 69' lang='lat' dir='ltr'><strong>conparatione</strong></span> 
     </span>
     <span class='ocr_line' id='line_1_17' title="bbox 194 2065 1490 2149; baseline -0.002 -16"><span class='ocrx_word' id='word_1_151' title='bbox 194 2079 240 2133; x_wconf 84' lang='lat' dir='ltr'><strong>cst</strong></span> <span class='ocrx_word' id='word_1_152' title='bbox 267 2069 369 2140; x_wconf 89' lang='lat' dir='ltr'><strong>dictio,</strong></span> <span class='ocrx_word' id='word_1_153' title='bbox 399 2086 475 2149; x_wconf 91' lang='lat' dir='ltr'><strong>qnae</strong></span> <span class='ocrx_word' id='word_1_154' title='bbox 498 2085 534 2128; x_wconf 83' lang='lat' dir='ltr'><strong>ex</strong></span> <span class='ocrx_word' id='word_1_155' title='bbox 556 2065 679 2128; x_wconf 88' lang='lat' dir='ltr'><strong>alterius</strong></span> <span class='ocrx_word' id='word_1_156' title='bbox 707 2067 917 2145; x_wconf 82' lang='lat' dir='ltr'><strong>conparatione</strong></span> <span class='ocrx_word' id='word_1_157' title='bbox 945 2066 1121 2129; x_wconf 89' lang='lat' dir='ltr'><strong>alterutrum</strong></span> <span class='ocrx_word' id='word_1_158' title='bbox 1149 2067 1296 2147; x_wconf 81' lang='lat' dir='ltr'><strong>praeterr,</strong></span> <span class='ocrx_word' id='word_1_159' title='bbox 1326 2074 1360 2129; x_wconf 90' lang='grc' dir='ltr'><strong>ιιι</strong></span> <span class='ocrx_word' id='word_1_160' title='bbox 1386 2067 1490 2130; x_wconf 86' lang='lat' dir='ltr'><strong>doctus</strong></span> 
     </span>
     <span class='ocr_line' id='line_1_18' title="bbox 195 2167 1488 2251; baseline 0 -20"><span class='ocrx_word' id='word_1_161' title='bbox 195 2169 207 2249; x_wconf 79' lang='lat' dir='ltr'><strong>ll</strong></span> <span class='ocrx_word' id='word_1_162' title='bbox 225 2170 242 2231; x_wconf 89' lang='lat' dir='ltr'><strong>l.</strong></span> <span class='ocrx_word' id='word_1_163' title='bbox 261 2167 321 2233; x_wconf 83' lang='lat'><strong>86·</strong></span> <span class='ocrx_word' id='word_1_164' title='bbox 337 2168 349 2251; x_wconf 89' lang='grc' dir='ltr'><strong>ΙΙ</strong></span> <span class='ocrx_word' id='word_1_165' title='bbox 371 2170 487 2231; x_wconf 88' lang='lat' dir='ltr'><strong>doctior</strong></span> <span class='ocrx_word' id='word_1_166' title='bbox 516 2168 712 2230; x_wconf 88' lang='lat' dir='ltr'><strong>doctissimus.</strong></span> <span class='ocrx_word' id='word_1_167' title='bbox 758 2168 831 2230; x_wconf 90' lang='lat' dir='ltr'><strong>item</strong></span> <span class='ocrx_word' id='word_1_168' title='bbox 855 2167 910 2228; x_wconf 89' lang='lat' dir='ltr'><strong>alia</strong></span> <span class='ocrx_word' id='word_1_169' title='bbox 934 2168 1067 2231; x_wconf 83' lang='lat' dir='ltr'><strong>delinitio</strong></span> <span class='ocrx_word' id='word_1_170' title='bbox 1091 2175 1135 2230; x_wconf 89' lang='lat' dir='ltr'><strong>est</strong></span> <span class='ocrx_word' id='word_1_171' title='bbox 1157 2170 1390 2249; x_wconf 85' lang='lat' dir='ltr'><strong>corrparationis:</strong></span> <span class='ocrx_word' id='word_1_172' title='bbox 1419 2187 1488 2231; x_wconf 94' lang='lat' dir='ltr'><strong>cnn·</strong></span> 
     </span>
     <span class='ocr_line' id='line_1_19' title="bbox 194 2269 1491 2352; baseline 0 -20"><span class='ocrx_word' id='word_1_173' title='bbox 194 2274 307 2352; x_wconf 91' lang='lat' dir='ltr'><strong>paratio</strong></span> <span class='ocrx_word' id='word_1_174' title='bbox 341 2280 388 2335; x_wconf 88' lang='lat' dir='ltr'><strong>est</strong></span> <span class='ocrx_word' id='word_1_175' title='bbox 422 2290 531 2333; x_wconf 89' lang='lat' dir='ltr'><strong>nomen</strong></span> <span class='ocrx_word' id='word_1_176' title='bbox 564 2272 672 2332; x_wconf 86' lang='lat' dir='ltr'><strong>meotis</strong></span> <span class='ocrx_word' id='word_1_177' title='bbox 700 2272 887 2349; x_wconf 83' lang='lat' dir='ltr'><strong>cooperantis</strong></span> <span class='ocrx_word' id='word_1_178' title='bbox 915 2269 1154 2348; x_wconf 83' lang='lat' dir='ltr'><strong>praecellentiam</strong></span> <span class='ocrx_word' id='word_1_179' title='bbox 1182 2273 1213 2333; x_wconf 94' lang='lat' dir='ltr'><strong>in</strong></span> <span class='ocrx_word' id='word_1_180' title='bbox 1241 2274 1400 2342; x_wconf 85' lang='lat' dir='ltr'><strong>creaturis,</strong></span> <span class='ocrx_word' id='word_1_181' title='bbox 1435 2288 1491 2333; x_wconf 88' lang='lat' dir='ltr'><strong>nec</strong></span> 
     </span>
    </p>
   </div>
   <div class='ocr_carea' id='block_1_3' title="bbox 110 2373 1491 2453">
    <p class='ocr_par' dir='ltr' id='par_1_4' title="bbox 110 2373 1491 2453">
     <span class='ocr_line' id='line_1_20' title="bbox 110 2373 1491 2453; baseline 0 -17"><span class='ocrx_word' id='word_1_182' title='bbox 110 2427 116 2436; x_wconf 88' lang='lat'><strong>.</strong></span> <span class='ocrx_word' id='word_1_183' title='bbox 194 2375 328 2443; x_wconf 88' lang='lat' dir='ltr'><strong>nomina,</strong></span> <span class='ocrx_word' id='word_1_184' title='bbox 351 2373 403 2436; x_wconf 90' lang='lat' dir='ltr'><strong>sed</strong></span> <span class='ocrx_word' id='word_1_185' title='bbox 427 2382 577 2435; x_wconf 89' lang='lat' dir='ltr'><strong>creaturas</strong></span> <span class='ocrx_word' id='word_1_186' title='bbox 599 2390 653 2453; x_wconf 89' lang='lat' dir='ltr'><strong>per</strong></span> <span class='ocrx_word' id='word_1_187' title='bbox 675 2375 797 2434; x_wconf 89' lang='lat' dir='ltr'><strong>uomina</strong></span> <span class='ocrx_word' id='word_1_188' title='bbox 819 2390 1026 2452; x_wconf 77' lang='lat' dir='ltr'><strong>coeperamus.</strong></span> <span class='ocrx_word' id='word_1_189' title='bbox 1063 2373 1136 2433; x_wconf 90' lang='lat' dir='ltr'><strong>item</strong></span> <span class='ocrx_word' id='word_1_190' title='bbox 1158 2375 1330 2452; x_wconf 88' lang='lat' dir='ltr'><strong>conparatio</strong></span> <span class='ocrx_word' id='word_1_191' title='bbox 1347 2381 1491 2436; x_wconf 85' lang='lat' dir='ltr'><strong>estmens</strong></span> 
     </span>
    </p>
   </div>
   <div class='ocr_carea' id='block_1_4' title="bbox 192 2473 1529 4187">
    <p class='ocr_par' dir='ltr' id='par_1_5' title="bbox 192 2473 1529 4187">
     <span class='ocr_line' id='line_1_21' title="bbox 194 2473 1528 2558; baseline 0 -21"><span class='ocrx_word' id='word_1_192' title='bbox 194 2484 275 2538; x_wconf 90' lang='lat' dir='ltr'><strong>retro</strong></span> <span class='ocrx_word' id='word_1_193' title='bbox 301 2478 468 2558; x_wconf 88' lang='lat' dir='ltr'><strong>respiciens</strong></span> <span class='ocrx_word' id='word_1_194' title='bbox 494 2473 695 2555; x_wconf 88' lang='lat' dir='ltr'><strong>praecellente</strong></span> <span class='ocrx_word' id='word_1_195' title='bbox 723 2473 862 2536; x_wconf 84' lang='lat' dir='ltr'><strong>secundo.</strong></span> <span class='ocrx_word' id='word_1_196' title='bbox 913 2475 1139 2554; x_wconf 86' lang='lat' dir='ltr'><strong>Conparationis</strong></span> <span class='ocrx_word' id='word_1_197' title='bbox 1165 2474 1275 2553; x_wconf 88' lang='lat' dir='ltr'><strong>gradus</strong></span> <span class='ocrx_word' id='word_1_198' title='bbox 1303 2483 1376 2556; x_wconf 91' lang='lat' dir='ltr'><strong>quot</strong></span> <span class='ocrx_word' id='word_1_199' title='bbox 1403 2476 1528 2537; x_wconf 80' lang='lat' dir='ltr'><strong>nuntiae</strong></span> 
     </span>
     <span class='ocr_line' id='line_1_22' title="bbox 193 2576 1492 2658; baseline 0 -19"><span class='ocrx_word' id='word_1_200' title='bbox 193 2578 271 2641; x_wconf 90' lang='lat' dir='ltr'><strong>ldest</strong></span> <span class='ocrx_word' id='word_1_201' title='bbox 292 2586 362 2641; x_wconf 89' lang='lat' dir='ltr'><strong>tres.</strong></span> <span class='ocrx_word' id='word_1_202' title='bbox 409 2576 465 2648; x_wconf 87' lang='lat' dir='ltr'><strong>Oui</strong></span> <span class='ocrx_word' id='word_1_203' title='bbox 487 2578 573 2638; x_wconf 78' lang='lat' dir='ltr'><strong>sunt?</strong></span> <span class='ocrx_word' id='word_1_204' title='bbox 618 2576 764 2638; x_wconf 88' lang='lat' dir='ltr'><strong>Positiuus</strong></span> <span class='ocrx_word' id='word_1_205' title='bbox 790 2578 1000 2656; x_wconf 91' lang='lat' dir='ltr'><strong>conparatiuus</strong></span> <span class='ocrx_word' id='word_1_206' title='bbox 1027 2576 1239 2657; x_wconf 90' lang='lat' dir='ltr'><strong>superlatinus;</strong></span> <span class='ocrx_word' id='word_1_207' title='bbox 1269 2577 1429 2658; x_wconf 89' lang='lat' dir='ltr'><strong>positiuns,</strong></span> <span class='ocrx_word' id='word_1_208' title='bbox 1457 2586 1492 2641; x_wconf 93' lang='lat' dir='ltr'><strong>nt</strong></span> 
     </span>
     <span class='ocr_line' id='line_1_23' title="bbox 193 2677 1490 2760; baseline -0.001 -18"><span class='ocrx_word' id='word_1_209' title='bbox 193 2681 312 2752; x_wconf 86' lang='lat' dir='ltr'><strong>doctus,</strong></span> <span class='ocrx_word' id='word_1_210' title='bbox 351 2682 562 2760; x_wconf 87' lang='lat' dir='ltr'><strong>conparatiuns</strong></span> <span class='ocrx_word' id='word_1_211' title='bbox 597 2685 631 2740; x_wconf 92' lang='lat' dir='ltr'><strong>ut</strong></span> <span class='ocrx_word' id='word_1_212' title='bbox 663 2678 794 2753; x_wconf 87' lang='lat' dir='ltr'><strong>dectior,</strong></span> <span class='ocrx_word' id='word_1_213' title='bbox 833 2677 1033 2758; x_wconf 90' lang='lat' dir='ltr'><strong>superlatiuns</strong></span> <span class='ocrx_word' id='word_1_214' title='bbox 1066 2687 1099 2740; x_wconf 93' lang='lat' dir='ltr'><strong>ut</strong></span> <span class='ocrx_word' id='word_1_215' title='bbox 1131 2678 1329 2740; x_wconf 90' lang='lat' dir='ltr'><strong>doctissimus.</strong></span> <span class='ocrx_word' id='word_1_216' title='bbox 1385 2679 1490 2742; x_wconf 87' lang='lat' dir='ltr'><strong>Positi-</strong></span> 
     </span>
     <span class='ocr_line' id='line_1_24' title="bbox 193 2778 1492 2863; baseline -0.002 -18"><span class='ocrx_word' id='word_1_217' title='bbox 193 2801 249 2844; x_wconf 87' lang='lat' dir='ltr'><strong>uus</strong></span> <span class='ocrx_word' id='word_1_218' title='bbox 282 2801 374 2863; x_wconf 91' lang='lat' dir='ltr'><strong>quare</strong></span> <span class='ocrx_word' id='word_1_219' title='bbox 407 2781 532 2842; x_wconf 75' lang='lat' dir='ltr'><strong>dicitur?</strong></span> <span class='ocrx_word' id='word_1_220' title='bbox 583 2780 656 2852; x_wconf 87' lang='lat' dir='ltr'><strong>Onia</strong></span> <span class='ocrx_word' id='word_1_221' title='bbox 695 2782 808 2860; x_wconf 89' lang='lat' dir='ltr'><strong>primus</strong></span> <span class='ocrx_word' id='word_1_222' title='bbox 845 2784 967 2861; x_wconf 92' lang='lat' dir='ltr'><strong>ponitur</strong></span> <span class='ocrx_word' id='word_1_223' title='bbox 999 2778 1031 2843; x_wconf 90' lang='lat' dir='ltr'><strong>in</strong></span> <span class='ocrx_word' id='word_1_224' title='bbox 1063 2782 1282 2860; x_wconf 89' lang='lat' dir='ltr'><strong>conparationis</strong></span> <span class='ocrx_word' id='word_1_225' title='bbox 1315 2779 1426 2860; x_wconf 89' lang='lat' dir='ltr'><strong>gradu,</strong></span> <span class='ocrx_word' id='word_1_226' title='bbox 1459 2791 1492 2845; x_wconf 91' lang='grc' dir='ltr'><strong>ιιι</strong></span> 
     </span>
     <span class='ocr_line' id='line_1_25' title="bbox 193 2882 1489 2964; baseline 0.001 -18"><span class='ocrx_word' id='word_1_227' title='bbox 193 2885 305 2946; x_wconf 89' lang='lat' dir='ltr'><strong>doctus.</strong></span> <span class='ocrx_word' id='word_1_228' title='bbox 362 2883 576 2963; x_wconf 85' lang='lat' dir='ltr'><strong>Cooparatiuus</strong></span> <span class='ocrx_word' id='word_1_229' title='bbox 615 2899 708 2960; x_wconf 92' lang='lat' dir='ltr'><strong>quare</strong></span> <span class='ocrx_word' id='word_1_230' title='bbox 747 2882 872 2943; x_wconf 80' lang='lat' dir='ltr'><strong>dicitur?</strong></span> <span class='ocrx_word' id='word_1_231' title='bbox 917 2882 989 2954; x_wconf 86' lang='lat' dir='ltr'><strong>Ouia</strong></span> <span class='ocrx_word' id='word_1_232' title='bbox 1029 2883 1158 2962; x_wconf 87' lang='lat' dir='ltr'><strong>position</strong></span> <span class='ocrx_word' id='word_1_233' title='bbox 1193 2891 1371 2962; x_wconf 89' lang='lat' dir='ltr'><strong>conparatus</strong></span> <span class='ocrx_word' id='word_1_234' title='bbox 1403 2902 1489 2964; x_wconf 88' lang='lat' dir='ltr'><strong>prac-</strong></span> 
     </span>
     <span class='ocr_line' id='line_1_26' title="bbox 193 2981 1529 3064; baseline 0.004 -19"><span class='ocrx_word' id='word_1_235' title='bbox 193 2986 287 3047; x_wconf 86' lang='lat' dir='ltr'><strong>iertur</strong></span> <span class='ocrx_word' id='word_1_236' title='bbox 314 2984 372 3054; x_wconf 90' lang='lat' dir='ltr'><strong>illi,</strong></span> <span class='ocrx_word' id='word_1_237' title='bbox 402 2993 433 3046; x_wconf 93' lang='lat' dir='ltr'><strong>ut</strong></span> <span class='ocrx_word' id='word_1_238' title='bbox 460 2981 587 3046; x_wconf 89' lang='lat' dir='ltr'><strong>doctior.</strong></span> <span class='ocrx_word' id='word_1_239' title='bbox 631 2987 705 3046; x_wconf 82' lang='lat' dir='ltr'><strong>Plus</strong></span> <span class='ocrx_word' id='word_1_240' title='bbox 731 2987 810 3046; x_wconf 81' lang='lat' dir='ltr'><strong>enirn</strong></span> <span class='ocrx_word' id='word_1_241' title='bbox 836 2987 922 3046; x_wconf 83' lang='lat' dir='ltr'><strong>nouit</strong></span> <span class='ocrx_word' id='word_1_242' title='bbox 949 2988 1067 3046; x_wconf 84' lang='lat' dir='ltr'><strong>doctior</strong></span> <span class='ocrx_word' id='word_1_243' title='bbox 1095 3003 1184 3059; x_wconf 82' lang='lat' dir='ltr'><strong>quarn</strong></span> <span class='ocrx_word' id='word_1_244' title='bbox 1212 2988 1329 3048; x_wconf 77' lang='lat' dir='ltr'><strong>noctus.</strong></span> <span class='ocrx_word' id='word_1_245' title='bbox 1379 2990 1488 3064; x_wconf 82' lang='lat' dir='ltr'><strong>Super-</strong></span> <span class='ocrx_word' id='word_1_246' title='bbox 1502 3006 1529 3049; x_wconf 78' lang='lat' dir='ltr'><strong>as</strong></span> 
     </span>
     <span class='ocr_line' id='line_1_27' title="bbox 192 3086 1488 3168; baseline 0.002 -19"><span class='ocrx_word' id='word_1_247' title='bbox 192 3091 304 3150; x_wconf 80' lang='lat' dir='ltr'><strong>tatinus</strong></span> <span class='ocrx_word' id='word_1_248' title='bbox 332 3104 367 3148; x_wconf 85' lang='lat' dir='ltr'><strong>eo</strong></span> <span class='ocrx_word' id='word_1_249' title='bbox 399 3088 481 3163; x_wconf 78' lang='lat' dir='ltr'><strong>quod</strong></span> <span class='ocrx_word' id='word_1_250' title='bbox 512 3089 714 3163; x_wconf 81' lang='lat' dir='ltr'><strong>conparcttuo</strong></span> <span class='ocrx_word' id='word_1_251' title='bbox 746 3086 969 3165; x_wconf 80' lang='lat' dir='ltr'><strong>superferatur,</strong></span> <span class='ocrx_word' id='word_1_252' title='bbox 1002 3096 1036 3149; x_wconf 80' lang='lat' dir='ltr'><strong>ot</strong></span> <span class='ocrx_word' id='word_1_253' title='bbox 1068 3090 1272 3158; x_wconf 62' lang='lat' dir='ltr'><strong>doctissimam·</strong></span> <span class='ocrx_word' id='word_1_254' title='bbox 1306 3086 1374 3168; x_wconf 87' lang='lat' dir='ltr'><strong>plus</strong></span> <span class='ocrx_word' id='word_1_255' title='bbox 1410 3090 1488 3152; x_wconf 88' lang='lat' dir='ltr'><strong>eninr</strong></span> 
     </span>
     <span class='ocr_line' id='line_1_28' title="bbox 193 3188 1490 3271; baseline 0.003 -20"><span class='ocrx_word' id='word_1_256' title='bbox 193 3190 248 3251; x_wconf 90' lang='lat' dir='ltr'><strong>scit</strong></span> <span class='ocrx_word' id='word_1_257' title='bbox 275 3207 362 3270; x_wconf 89' lang='lat' dir='ltr'><strong>quarn</strong></span> <span class='ocrx_word' id='word_1_258' title='bbox 390 3188 514 3249; x_wconf 90' lang='lat' dir='ltr'><strong>doctior.</strong></span> <span class='ocrx_word' id='word_1_259' title='bbox 558 3188 706 3249; x_wconf 86' lang='lat' dir='ltr'><strong>Positiuus</strong></span> <span class='ocrx_word' id='word_1_260' title='bbox 736 3189 885 3265; x_wconf 91' lang='lat' dir='ltr'><strong>quomodo</strong></span> <span class='ocrx_word' id='word_1_261' title='bbox 913 3197 1010 3269; x_wconf 87' lang='lat' dir='ltr'><strong>potest</strong></span> <span class='ocrx_word' id='word_1_262' title='bbox 1032 3189 1091 3249; x_wconf 90' lang='lat' dir='ltr'><strong>dici</strong></span> <span class='ocrx_word' id='word_1_263' title='bbox 1113 3191 1192 3251; x_wconf 89' lang='lat' dir='ltr'><strong>inter</strong></span> <span class='ocrx_word' id='word_1_264' title='bbox 1214 3190 1325 3268; x_wconf 89' lang='lat' dir='ltr'><strong>gradus</strong></span> <span class='ocrx_word' id='word_1_265' title='bbox 1346 3209 1490 3271; x_wconf 86' lang='lat' dir='ltr'><strong>conpara·</strong></span> 
     </span>
     <span class='ocr_line' id='line_1_29' title="bbox 193 3290 1488 3371; baseline -0.001 -18"><span class='ocrx_word' id='word_1_266' title='bbox 193 3293 296 3360; x_wconf 88' lang='lat' dir='ltr'><strong>tionis,</strong></span> <span class='ocrx_word' id='word_1_267' title='bbox 325 3309 393 3352; x_wconf 88' lang='lat' dir='ltr'><strong>curn</strong></span> <span class='ocrx_word' id='word_1_268' title='bbox 421 3292 452 3351; x_wconf 93' lang='lat' dir='ltr'><strong>in</strong></span> <span class='ocrx_word' id='word_1_269' title='bbox 480 3307 534 3351; x_wconf 86' lang='lat' dir='ltr'><strong>suo</strong></span> <span class='ocrx_word' id='word_1_270' title='bbox 562 3296 638 3351; x_wconf 90' lang='lat' dir='ltr'><strong>statu</strong></span> <span class='ocrx_word' id='word_1_271' title='bbox 668 3290 794 3353; x_wconf 91' lang='lat' dir='ltr'><strong>naturali</strong></span> <span class='ocrx_word' id='word_1_272' title='bbox 822 3293 874 3362; x_wconf 88' lang='lat' dir='ltr'><strong>sit,</strong></span> <span class='ocrx_word' id='word_1_273' title='bbox 904 3300 934 3352; x_wconf 89' lang='lat' dir='ltr'><strong>et</strong></span> <span class='ocrx_word' id='word_1_274' title='bbox 963 3308 1124 3369; x_wconf 89' lang='lat' dir='ltr'><strong>numquam</strong></span> <span class='ocrx_word' id='word_1_275' title='bbox 1153 3292 1190 3352; x_wconf 89' lang='lat' dir='ltr'><strong>dc</strong></span> <span class='ocrx_word' id='word_1_276' title='bbox 1213 3291 1270 3352; x_wconf 90' lang='lat' dir='ltr'><strong>alie</strong></span> <span class='ocrx_word' id='word_1_277' title='bbox 1291 3292 1488 3371; x_wconf 79' lang='lat' dir='ltr'><strong>praeferatur,</strong></span> 
     </span>
     <span class='ocr_line' id='line_1_30' title="bbox 193 3392 1487 3474; baseline 0.001 -19"><span class='ocrx_word' id='word_1_278' title='bbox 193 3400 225 3455; x_wconf 90' lang='lat' dir='ltr'><strong>nt</strong></span> <span class='ocrx_word' id='word_1_279' title='bbox 260 3392 375 3455; x_wconf 88' lang='lat' dir='ltr'><strong>doctus.</strong></span> <span class='ocrx_word' id='word_1_280' title='bbox 425 3392 539 3453; x_wconf 91' lang='lat' dir='ltr'><strong>ldcirco</strong></span> <span class='ocrx_word' id='word_1_281' title='bbox 570 3394 788 3472; x_wconf 83' lang='lat' dir='ltr'><strong>cooperationis</strong></span> <span class='ocrx_word' id='word_1_282' title='bbox 815 3395 920 3455; x_wconf 89' lang='lat' dir='ltr'><strong>tertius</strong></span> <span class='ocrx_word' id='word_1_283' title='bbox 947 3393 1056 3472; x_wconf 86' lang='lat' dir='ltr'><strong>gradus</strong></span> <span class='ocrx_word' id='word_1_284' title='bbox 1085 3402 1130 3454; x_wconf 86' lang='lat' dir='ltr'><strong>est</strong></span> <span class='ocrx_word' id='word_1_285' title='bbox 1158 3395 1316 3473; x_wconf 85' lang='lat' dir='ltr'><strong>positiuns,</strong></span> <span class='ocrx_word' id='word_1_286' title='bbox 1349 3395 1487 3474; x_wconf 87' lang='lat' dir='ltr'><strong>qnoniam</strong></span> 
     </span>
     <span class='ocr_line' id='line_1_31' title="bbox 192 3494 1529 3575; baseline 0.003 -20"><span class='ocrx_word' id='word_1_287' title='bbox 192 3496 327 3575; x_wconf 90' lang='lat' dir='ltr'><strong>graditur</strong></span> <span class='ocrx_word' id='word_1_288' title='bbox 354 3514 389 3556; x_wconf 80' lang='lat' dir='ltr'><strong>eu</strong></span> <span class='ocrx_word' id='word_1_289' title='bbox 418 3513 454 3555; x_wconf 91' lang='lat' dir='ltr'><strong>eo</strong></span> <span class='ocrx_word' id='word_1_290' title='bbox 482 3494 511 3554; x_wconf 92' lang='lat' dir='ltr'><strong>in</strong></span> <span class='ocrx_word' id='word_1_291' title='bbox 542 3496 779 3574; x_wconf 89' lang='lat' dir='ltr'><strong>conparatinum;</strong></span> <span class='ocrx_word' id='word_1_292' title='bbox 809 3513 877 3556; x_wconf 89' lang='lat' dir='ltr'><strong>narn</strong></span> <span class='ocrx_word' id='word_1_293' title='bbox 905 3503 935 3556; x_wconf 88' lang='lat' dir='ltr'><strong>et</strong></span> <span class='ocrx_word' id='word_1_294' title='bbox 963 3499 994 3556; x_wconf 92' lang='lat' dir='ltr'><strong>in</strong></span> <span class='ocrx_word' id='word_1_295' title='bbox 1022 3494 1100 3558; x_wconf 91' lang='lat' dir='ltr'><strong>scala</strong></span> <span class='ocrx_word' id='word_1_296' title='bbox 1127 3495 1238 3575; x_wconf 85' lang='lat' dir='ltr'><strong>gradus</strong></span> <span class='ocrx_word' id='word_1_297' title='bbox 1266 3495 1376 3557; x_wconf 91' lang='lat' dir='ltr'><strong>dicitnr</strong></span> <span class='ocrx_word' id='word_1_298' title='bbox 1400 3496 1529 3559; x_wconf 77' lang='lat' dir='ltr'><strong>etiamen</strong></span> 
     </span>
     <span class='ocr_line' id='line_1_32' title="bbox 192 3597 1487 3679; baseline 0.002 -21"><span class='ocrx_word' id='word_1_299' title='bbox 192 3599 326 3667; x_wconf 80' lang='lat' dir='ltr'><strong>indutus,</strong></span> <span class='ocrx_word' id='word_1_300' title='bbox 362 3615 397 3657; x_wconf 80' lang='lat' dir='ltr'><strong>ex</strong></span> <span class='ocrx_word' id='word_1_301' title='bbox 431 3613 490 3673; x_wconf 92' lang='lat' dir='ltr'><strong>quo</strong></span> <span class='ocrx_word' id='word_1_302' title='bbox 524 3597 691 3658; x_wconf 87' lang='lat' dir='ltr'><strong>ascenditur</strong></span> <span class='ocrx_word' id='word_1_303' title='bbox 724 3616 813 3679; x_wconf 90' lang='lat' dir='ltr'><strong>super</strong></span> <span class='ocrx_word' id='word_1_304' title='bbox 847 3597 919 3659; x_wconf 91' lang='lat' dir='ltr'><strong>alios</strong></span> <span class='ocrx_word' id='word_1_305' title='bbox 952 3597 1070 3676; x_wconf 87' lang='lat' dir='ltr'><strong>gradus.</strong></span> <span class='ocrx_word' id='word_1_306' title='bbox 1122 3599 1304 3676; x_wconf 72' lang='lat' dir='ltr'><strong>conparatio</strong></span> <span class='ocrx_word' id='word_1_307' title='bbox 1327 3614 1400 3676; x_wconf 90' lang='lat' dir='ltr'><strong>ergo</strong></span> <span class='ocrx_word' id='word_1_308' title='bbox 1427 3616 1487 3660; x_wconf 91' lang='lat' dir='ltr'><strong>non</strong></span> 
     </span>
     <span class='ocr_line' id='line_1_33' title="bbox 192 3696 1489 3781; baseline 0.002 -21"><span class='ocrx_word' id='word_1_309' title='bbox 192 3697 330 3760; x_wconf 86' lang='lat' dir='ltr'><strong>omnihus</strong></span> <span class='ocrx_word' id='word_1_310' title='bbox 357 3696 526 3759; x_wconf 87' lang='lat' dir='ltr'><strong>nominibus</strong></span> <span class='ocrx_word' id='word_1_311' title='bbox 553 3698 681 3768; x_wconf 90' lang='lat' dir='ltr'><strong>accedit,</strong></span> <span class='ocrx_word' id='word_1_312' title='bbox 712 3700 764 3761; x_wconf 88' lang='lat' dir='ltr'><strong>sed</strong></span> <span class='ocrx_word' id='word_1_313' title='bbox 791 3702 907 3781; x_wconf 89' lang='lat' dir='ltr'><strong>paucis,</strong></span> <span class='ocrx_word' id='word_1_314' title='bbox 939 3699 996 3760; x_wconf 83' lang='lat' dir='ltr'><strong>ltoc</strong></span> <span class='ocrx_word' id='word_1_315' title='bbox 1025 3707 1068 3760; x_wconf 88' lang='lat' dir='ltr'><strong>est</strong></span> <span class='ocrx_word' id='word_1_316' title='bbox 1096 3699 1243 3780; x_wconf 85' lang='lat' dir='ltr'><strong>qualitatis</strong></span> <span class='ocrx_word' id='word_1_317' title='bbox 1266 3708 1295 3761; x_wconf 91' lang='lat' dir='ltr'><strong>et</strong></span> <span class='ocrx_word' id='word_1_318' title='bbox 1316 3701 1489 3780; x_wconf 86' lang='lat' dir='ltr'><strong>quantitatis</strong></span> 
     </span>
     <span class='ocr_line' id='line_1_34' title="bbox 193 3798 1488 3883; baseline 0.002 -21"><span class='ocrx_word' id='word_1_319' title='bbox 193 3798 377 3869; x_wconf 88' lang='lat' dir='ltr'><strong>nominihus,</strong></span> <span class='ocrx_word' id='word_1_320' title='bbox 407 3800 483 3860; x_wconf 90' lang='lat' dir='ltr'><strong>sicut</strong></span> <span class='ocrx_word' id='word_1_321' title='bbox 504 3800 670 3862; x_wconf 84' lang='lat' dir='ltr'><strong>Donatus</strong></span> <span class='ocrx_word' id='word_1_322' title='bbox 699 3800 779 3862; x_wconf 88' lang='lat' dir='ltr'><strong>dicit.</strong></span> <span class='ocrx_word' id='word_1_323' title='bbox 823 3802 904 3874; x_wconf 83' lang='lat' dir='ltr'><strong>Quae</strong></span> <span class='ocrx_word' id='word_1_324' title='bbox 928 3805 1045 3864; x_wconf 89' lang='lat' dir='ltr'><strong>nemina</strong></span> <span class='ocrx_word' id='word_1_325' title='bbox 1069 3802 1283 3881; x_wconf 77' lang='lat' dir='ltr'><strong>conparantur?</strong></span> <span class='ocrx_word' id='word_1_326' title='bbox 1311 3801 1488 3883; x_wconf 88' lang='lat' dir='ltr'><strong>appellatiua</strong></span> 
     </span>
     <span class='ocr_line' id='line_1_35' title="bbox 192 3900 1487 3984; baseline 0.002 -20"><span class='ocrx_word' id='word_1_327' title='bbox 192 3903 345 3964; x_wconf 85' lang='lat' dir='ltr'><strong>dumtaxat</strong></span> <span class='ocrx_word' id='word_1_328' title='bbox 364 3900 533 3982; x_wconf 85' lang='lat' dir='ltr'><strong>qualitatem</strong></span> <span class='ocrx_word' id='word_1_329' title='bbox 554 3913 604 3964; x_wconf 92' lang='lat' dir='ltr'><strong>aut</strong></span> <span class='ocrx_word' id='word_1_330' title='bbox 619 3906 812 3981; x_wconf 87' lang='lat' dir='ltr'><strong>quantitatem</strong></span> <span class='ocrx_word' id='word_1_331' title='bbox 834 3905 1041 3982; x_wconf 81' lang='lat' dir='ltr'><strong>significantia,</strong></span> <span class='ocrx_word' id='word_1_332' title='bbox 1064 3904 1233 3984; x_wconf 87' lang='lat' dir='ltr'><strong>qualitatem</strong></span> <span class='ocrx_word' id='word_1_333' title='bbox 1257 3913 1287 3964; x_wconf 93' lang='lat' dir='ltr'><strong>ut</strong></span> <span class='ocrx_word' id='word_1_334' title='bbox 1309 3903 1405 3967; x_wconf 89' lang='lat' dir='ltr'><strong>bonus</strong></span> <span class='ocrx_word' id='word_1_335' title='bbox 1425 3923 1487 3966; x_wconf 83' lang='lat' dir='ltr'><strong>nra·</strong></span> 
     </span>
     <span class='ocr_line' id='line_1_36' title="bbox 192 4004 1527 4086; baseline 0 -21"><span class='ocrx_word' id='word_1_336' title='bbox 192 4004 237 4066; x_wconf 88' lang='lat' dir='ltr'><strong>lus</strong></span> <span class='ocrx_word' id='word_1_337' title='bbox 259 4023 372 4085; x_wconf 91' lang='lat' dir='ltr'><strong>pauper</strong></span> <span class='ocrx_word' id='word_1_338' title='bbox 394 4004 494 4075; x_wconf 89' lang='lat' dir='ltr'><strong>diues,</strong></span> <span class='ocrx_word' id='word_1_339' title='bbox 517 4007 710 4086; x_wconf 89' lang='lat' dir='ltr'><strong>quantitatem</strong></span> <span class='ocrx_word' id='word_1_340' title='bbox 735 4011 766 4066; x_wconf 94' lang='lat' dir='ltr'><strong>ut</strong></span> <span class='ocrx_word' id='word_1_341' title='bbox 789 4004 893 4083; x_wconf 85' lang='lat' dir='ltr'><strong>longus</strong></span> <span class='ocrx_word' id='word_1_342' title='bbox 921 4005 1022 4066; x_wconf 79' lang='lat' dir='ltr'><strong>ltreuis</strong></span> <span class='ocrx_word' id='word_1_343' title='bbox 1044 4023 1168 4082; x_wconf 88' lang='lat' dir='ltr'><strong>magnus</strong></span> <span class='ocrx_word' id='word_1_344' title='bbox 1191 4005 1338 4068; x_wconf 83' lang='lat' dir='ltr'><strong>modicus.</strong></span> <span class='ocrx_word' id='word_1_345' title='bbox 1382 4006 1527 4068; x_wconf 77' lang='lat' dir='ltr'><strong>scien-as</strong></span> 
     </span>
     <span class='ocr_line' id='line_1_37' title="bbox 192 4107 1488 4187; baseline 0.002 -19"><span class='ocrx_word' id='word_1_346' title='bbox 192 4107 261 4169; x_wconf 87' lang='lat' dir='ltr'><strong>dnm</strong></span> <span class='ocrx_word' id='word_1_347' title='bbox 285 4115 465 4179; x_wconf 88' lang='lat' dir='ltr'><strong>esttamen,</strong></span> <span class='ocrx_word' id='word_1_348' title='bbox 494 4108 573 4187; x_wconf 91' lang='lat' dir='ltr'><strong>quod</strong></span> <span class='ocrx_word' id='word_1_349' title='bbox 596 4127 655 4170; x_wconf 90' lang='lat' dir='ltr'><strong>nnn</strong></span> <span class='ocrx_word' id='word_1_350' title='bbox 679 4109 776 4168; x_wconf 86' lang='lat' dir='ltr'><strong>onmia</strong></span> <span class='ocrx_word' id='word_1_351' title='bbox 797 4125 851 4186; x_wconf 90' lang='lat' dir='ltr'><strong>per</strong></span> <span class='ocrx_word' id='word_1_352' title='bbox 874 4127 977 4169; x_wconf 91' lang='lat' dir='ltr'><strong>omnes</strong></span> <span class='ocrx_word' id='word_1_353' title='bbox 1000 4107 1054 4168; x_wconf 79' lang='lat' dir='ltr'><strong>lios</strong></span> <span class='ocrx_word' id='word_1_354' title='bbox 1075 4107 1185 4184; x_wconf 87' lang='lat' dir='ltr'><strong>gradus</strong></span> <span class='ocrx_word' id='word_1_355' title='bbox 1206 4108 1376 4171; x_wconf 85' lang='lat' dir='ltr'><strong>flectuntur.</strong></span> <span class='ocrx_word' id='word_1_356' title='bbox 1414 4108 1488 4170; x_wconf 88' lang='lat' dir='ltr'><strong>lnde</strong></span> 
     </span>
    </p>
   </div>
   <div class='ocr_carea' id='block_1_5' title="bbox 191 4306 1488 4788">
    <p class='ocr_par' dir='ltr' id='par_1_6' title="bbox 191 4306 1488 4788">
     <span class='ocr_line' id='line_1_38' title="bbox 260 4306 1487 4373; baseline 0.001 -11"><span class='ocrx_word' id='word_1_357' title='bbox 260 4313 364 4362; x_wconf 87' lang='lat' dir='ltr'><strong>lamas</strong></span> <span class='ocrx_word' id='word_1_358' title='bbox 382 4311 453 4361; x_wconf 88' lang='lat' dir='ltr'><strong>illum</strong></span> <span class='ocrx_word' id='word_1_359' title='bbox 521 4313 627 4361; x_wconf 82' lang='lat' dir='ltr'><strong>2uisus</strong></span> <span class='ocrx_word' id='word_1_360' title='bbox 646 4320 690 4361; x_wconf 85' lang='grc' dir='ltr'>ιιιιι</span> <span class='ocrx_word' id='word_1_361' title='bbox 708 4311 810 4372; x_wconf 86' lang='lat' dir='ltr'><strong>qrrandn</strong></span> <span class='ocrx_word' id='word_1_362' title='bbox 830 4325 922 4359; x_wconf 85' lang='lat' dir='ltr'><strong>nomen</strong></span> <span class='ocrx_word' id='word_1_363' title='bbox 941 4320 1029 4373; x_wconf 84' lang='lat' dir='ltr'><strong>qumte</strong></span> <span class='ocrx_word' id='word_1_364' title='bbox 1102 4306 1208 4360; x_wconf 72' lang='lat' dir='ltr'><strong>dalrici</strong></span> <span class='ocrx_word' id='word_1_365' title='bbox 1276 4312 1364 4361; x_wconf 75' lang='lat' dir='ltr'><strong>litteo</strong></span> <span class='ocrx_word' id='word_1_366' title='bbox 1415 4311 1487 4363; x_wconf 81' lang='lat' dir='ltr'><strong>lertio</strong></span> 
     </span>
     <span class='ocr_line' id='line_1_39' title="bbox 191 4377 1486 4445; baseline -0.001 -15"><span class='ocrx_word' id='word_1_367' title='bbox 191 4378 307 4430; x_wconf 68' lang='lat' dir='ltr'><strong>tantia</strong></span> <span class='ocrx_word' id='word_1_368' title='bbox 358 4380 429 4430; x_wconf 85' lang='lat' dir='ltr'><strong>uerbi</strong></span> <span class='ocrx_word' id='word_1_369' title='bbox 447 4378 540 4429; x_wconf 87' lang='lat' dir='ltr'><strong>similia</strong></span> <span class='ocrx_word' id='word_1_370' title='bbox 625 4379 740 4429; x_wconf 77' lang='lat' dir='ltr'><strong>Scalido</strong></span> <span class='ocrx_word' id='word_1_371' title='bbox 810 4380 924 4443; x_wconf 85' lang='lat' dir='ltr'><strong>9primc</strong></span> <span class='ocrx_word' id='word_1_372' title='bbox 1011 4381 1041 4427; x_wconf 78' lang='lat'><strong>12</strong></span> <span class='ocrx_word' id='word_1_373' title='bbox 1061 4379 1133 4428; x_wconf 79' lang='lat' dir='ltr'><strong>tertia</strong></span> <span class='ocrx_word' id='word_1_374' title='bbox 1210 4381 1241 4428; x_wconf 80' lang='lat'><strong>14</strong></span> <span class='ocrx_word' id='word_1_375' title='bbox 1258 4377 1422 4445; x_wconf 80' lang='lat' dir='ltr'><strong>propaginis}</strong></span> <span class='ocrx_word' id='word_1_376' title='bbox 1441 4380 1486 4430; x_wconf 80' lang='lat' dir='ltr'><strong>Se-</strong></span> 
     </span>
     <span class='ocr_line' id='line_1_40' title="bbox 191 4445 1488 4513; baseline -0.001 -15"><span class='ocrx_word' id='word_1_377' title='bbox 191 4455 281 4498; x_wconf 77' lang='lat' dir='ltr'><strong>cuntur</strong></span> <span class='ocrx_word' id='word_1_378' title='bbox 298 4448 403 4513; x_wconf 77' lang='lat' dir='ltr'><strong>insuper</strong></span> <span class='ocrx_word' id='word_1_379' title='bbox 420 4448 497 4497; x_wconf 81' lang='lat' dir='ltr'><strong>inec:</strong></span> <span class='ocrx_word' id='word_1_380' title='bbox 516 4456 540 4496; x_wconf 83' lang='lat' dir='ltr'><strong>et</strong></span> <span class='ocrx_word' id='word_1_381' title='bbox 558 4445 619 4494; x_wconf 76' lang='lat' dir='ltr'><strong>liare</strong></span> <span class='ocrx_word' id='word_1_382' title='bbox 638 4449 741 4497; x_wconf 89' lang='lat' dir='ltr'><strong>uomina</strong></span> <span class='ocrx_word' id='word_1_383' title='bbox 759 4447 857 4497; x_wconf 79' lang='lat' dir='ltr'><strong>adiecta</strong></span> <span class='ocrx_word' id='word_1_384' title='bbox 875 4455 943 4509; x_wconf 88' lang='lat' dir='ltr'><strong>sunt,</strong></span> <span class='ocrx_word' id='word_1_385' title='bbox 962 4462 1027 4511; x_wconf 82' lang='lat' dir='ltr'><strong>quae</strong></span> <span class='ocrx_word' id='word_1_386' title='bbox 1045 4448 1240 4508; x_wconf 83' lang='lat' dir='ltr'><strong>adtractatum,</strong></span> <span class='ocrx_word' id='word_1_387' title='bbox 1260 4448 1304 4512; x_wconf 80' lang='lat' dir='ltr'><strong>ptri</strong></span> <span class='ocrx_word' id='word_1_388' title='bbox 1320 4454 1360 4498; x_wconf 83' lang='lat' dir='ltr'><strong>eat</strong></span> <span class='ocrx_word' id='word_1_389' title='bbox 1376 4449 1410 4497; x_wconf 83' lang='lat' dir='ltr'><strong>de</strong></span> <span class='ocrx_word' id='word_1_390' title='bbox 1426 4464 1488 4500; x_wconf 84' lang='lat' dir='ltr'><strong>coa·</strong></span> 
     </span>
     <span class='ocr_line' id='line_1_41' title="bbox 191 4514 1487 4583; baseline -0.002 -17"><span class='ocrx_word' id='word_1_391' title='bbox 191 4517 337 4580; x_wconf 77' lang='lat' dir='ltr'><strong>paratione,</strong></span> <span class='ocrx_word' id='word_1_392' title='bbox 356 4517 509 4579; x_wconf 75' lang='lat' dir='ltr'><strong>pertinuisse</strong></span> <span class='ocrx_word' id='word_1_393' title='bbox 526 4517 583 4566; x_wconf 81' lang='grc' dir='ltr'>οἱίιιι</span> <span class='ocrx_word' id='word_1_394' title='bbox 601 4517 727 4570; x_wconf 84' lang='lat' dir='ltr'><strong>uidentur.</strong></span> <span class='ocrx_word' id='word_1_395' title='bbox 813 4516 845 4565; x_wconf 82' lang='lat' dir='ltr'><strong>te</strong></span> <span class='ocrx_word' id='word_1_396' title='bbox 863 4529 913 4577; x_wconf 88' lang='lat' dir='ltr'><strong>que</strong></span> <span class='ocrx_word' id='word_1_397' title='bbox 999 4517 1029 4565; x_wconf 84' lang='lat' dir='ltr'><strong>rt</strong></span> <span class='ocrx_word' id='word_1_398' title='bbox 1050 4514 1160 4583; x_wconf 66' lang='lat' dir='ltr'><strong>difinitio</strong></span> <span class='ocrx_word' id='word_1_399' title='bbox 1248 4518 1279 4566; x_wconf 83' lang='lat'><strong>18</strong></span> <span class='ocrx_word' id='word_1_400' title='bbox 1302 4531 1349 4565; x_wconf 79' lang='lat' dir='ltr'><strong>nec</strong></span> <span class='ocrx_word' id='word_1_401' title='bbox 1371 4516 1487 4566; x_wconf 80' lang='lat' dir='ltr'><strong>nominas</strong></span> 
     </span>
     <span class='ocr_line' id='line_1_42' title="bbox 191 4582 1487 4649; baseline 0.005 -20"><span class='ocrx_word' id='word_1_402' title='bbox 191 4597 305 4634; x_wconf 68' lang='grc' dir='ltr'>ιιιειιιιιιιι</span> <span class='ocrx_word' id='word_1_403' title='bbox 375 4584 406 4632; x_wconf 83' lang='grc'><strong>19</strong></span> <span class='ocrx_word' id='word_1_404' title='bbox 424 4583 632 4648; x_wconf 83' lang='lat' dir='ltr'><strong>conparationem</strong></span> <span class='ocrx_word' id='word_1_405' title='bbox 651 4600 711 4633; x_wconf 83' lang='lat' dir='ltr'><strong>sens</strong></span> <span class='ocrx_word' id='word_1_406' title='bbox 771 4586 804 4634; x_wconf 79' lang='lat'><strong>20</strong></span> <span class='ocrx_word' id='word_1_407' title='bbox 822 4582 979 4649; x_wconf 86' lang='lat' dir='ltr'><strong>praecelente</strong></span> <span class='ocrx_word' id='word_1_408' title='bbox 1029 4585 1099 4645; x_wconf 92' lang='lat' dir='ltr'><strong>quod</strong></span> <span class='ocrx_word' id='word_1_409' title='bbox 1168 4586 1200 4634; x_wconf 75' lang='lat'><strong>22</strong></span> <span class='ocrx_word' id='word_1_410' title='bbox 1219 4584 1362 4649; x_wconf 85' lang='lat' dir='ltr'><strong>possitiuua</strong></span> <span class='ocrx_word' id='word_1_411' title='bbox 1381 4596 1487 4647; x_wconf 83' lang='lat' dir='ltr'><strong>quartus</strong></span> 
     </span>
     <span class='ocr_line' id='line_1_43' title="bbox 191 4650 1487 4718; baseline 0.002 -19"><span class='ocrx_word' id='word_1_412' title='bbox 191 4650 283 4700; x_wconf 86' lang='lat' dir='ltr'><strong>dicitur</strong></span> <span class='ocrx_word' id='word_1_413' title='bbox 367 4651 401 4701; x_wconf 76' lang='grc'><strong>24</strong></span> <span class='ocrx_word' id='word_1_414' title='bbox 423 4650 484 4712; x_wconf 82' lang='lat' dir='ltr'><strong>quin</strong></span> <span class='ocrx_word' id='word_1_415' title='bbox 506 4652 617 4715; x_wconf 88' lang='lat' dir='ltr'><strong>positiun</strong></span> <span class='ocrx_word' id='word_1_416' title='bbox 639 4662 793 4718; x_wconf 80' lang='lat' dir='ltr'><strong>conparatur</strong></span> <span class='ocrx_word' id='word_1_417' title='bbox 814 4650 942 4717; x_wconf 80' lang='lat' dir='ltr'><strong>protertur</strong></span> <span class='ocrx_word' id='word_1_418' title='bbox 963 4650 998 4699; x_wconf 89' lang='lat' dir='ltr'><strong>illi</strong></span> <span class='ocrx_word' id='word_1_419' title='bbox 1021 4662 1048 4700; x_wconf 87' lang='lat' dir='ltr'><strong>nt</strong></span> <span class='ocrx_word' id='word_1_420' title='bbox 1065 4651 1165 4700; x_wconf 86' lang='lat' dir='ltr'><strong>doctior</strong></span> <span class='ocrx_word' id='word_1_421' title='bbox 1183 4652 1240 4717; x_wconf 90' lang='lat' dir='ltr'><strong>plus</strong></span> <span class='ocrx_word' id='word_1_422' title='bbox 1259 4653 1324 4701; x_wconf 88' lang='lat' dir='ltr'><strong>euim</strong></span> <span class='ocrx_word' id='word_1_423' title='bbox 1344 4652 1392 4702; x_wconf 86' lang='lat' dir='ltr'><strong>scit</strong></span> <span class='ocrx_word' id='word_1_424' title='bbox 1409 4666 1487 4715; x_wconf 84' lang='lat' dir='ltr'><strong>quam</strong></span> 
     </span>
     <span class='ocr_line' id='line_1_44' title="bbox 191 4718 1488 4788; baseline 0.002 -22"><span class='ocrx_word' id='word_1_425' title='bbox 191 4718 282 4767; x_wconf 83' lang='lat' dir='ltr'><strong>doctus</strong></span> <span class='ocrx_word' id='word_1_426' title='bbox 301 4730 326 4769; x_wconf 84' lang='lat' dir='ltr'><strong>et</strong></span> <span class='ocrx_word' id='word_1_427' title='bbox 342 4718 450 4770; x_wconf 87' lang='lat' dir='ltr'><strong>doctior.</strong></span> <span class='ocrx_word' id='word_1_428' title='bbox 484 4719 608 4784; x_wconf 84' lang='lat' dir='ltr'><strong>Suppleat&#39;</strong></span> <span class='ocrx_word' id='word_1_429' title='bbox 624 4735 659 4770; x_wconf 77' lang='lat' dir='ltr'><strong>ex</strong></span> <span class='ocrx_word' id='word_1_430' title='bbox 677 4720 777 4770; x_wconf 82' lang='lat' dir='ltr'><strong>Isidori</strong></span> <span class='ocrx_word' id='word_1_431' title='bbox 792 4722 855 4786; x_wconf 82' lang='lat' dir='ltr'><strong>erip.</strong></span> <span class='ocrx_word' id='word_1_432' title='bbox 874 4720 890 4769; x_wconf 96' lang='lat' dir='ltr'><em>I</em></span> <span class='ocrx_word' id='word_1_433' title='bbox 909 4724 933 4782; x_wconf 82' lang='lat'><strong>6,</strong></span> <span class='ocrx_word' id='word_1_434' title='bbox 953 4722 987 4770; x_wconf 81' lang='lat'><strong>32</strong></span> <span class='ocrx_word' id='word_1_435' title='bbox 1073 4722 1106 4769; x_wconf 80' lang='lat' dir='ltr'><strong>at</strong></span> <span class='ocrx_word' id='word_1_436' title='bbox 1125 4719 1176 4788; x_wconf 65' lang='lat' dir='ltr'><strong>diri</strong></span> <span class='ocrx_word' id='word_1_437' title='bbox 1195 4720 1243 4769; x_wconf 88' lang='lat' dir='ltr'><strong>dici</strong></span> <span class='ocrx_word' id='word_1_438' title='bbox 1325 4722 1358 4772; x_wconf 75' lang='lat'><strong>28</strong></span> <span class='ocrx_word' id='word_1_439' title='bbox 1376 4720 1488 4786; x_wconf 84' lang='lat' dir='ltr'><strong>praelert</strong></span> 
     </span>
    </p>
   </div>
   <div class='ocr_carea' id='block_1_6' title="bbox 192 4787 1486 4907">
    <p class='ocr_par' dir='ltr' id='par_1_7' title="bbox 192 4787 1486 4907">
     <span class='ocr_line' id='line_1_45' title="bbox 192 4787 1486 4907; baseline 0.003 -20"><span class='ocrx_word' id='word_1_440' title='bbox 192 4834 544 4905; x_wconf 57' lang='lat' dir='ltr'><strong>assuritanorum</strong></span> <span class='ocrx_word' id='word_1_441' title='bbox 629 4840 662 4889; x_wconf 82' lang='lat'><strong>35</strong></span> <span class='ocrx_word' id='word_1_442' title='bbox 680 4837 782 4903; x_wconf 87' lang='lat' dir='ltr'><strong>longius</strong></span> <span class='ocrx_word' id='word_1_443' title='bbox 855 4841 887 4891; x_wconf 83' lang='grc'><strong>36</strong></span> <span class='ocrx_word' id='word_1_444' title='bbox 906 4854 957 4889; x_wconf 90' lang='grc' dir='ltr'>ιιοιι</span> <span class='ocrx_word' id='word_1_445' title='bbox 976 4835 1071 4904; x_wconf 83' lang='lat' dir='ltr'><strong>notitia]</strong></span> <span class='ocrx_word' id='word_1_446' title='bbox 1095 4839 1197 4907; x_wconf 70' lang='lat' dir='ltr'><strong>quoquina</strong></span> <span class='ocrx_word' id='word_1_447' title='bbox 1216 4839 1321 4889; x_wconf 85' lang='lat' dir='ltr'><strong>nomina</strong></span> <span class='ocrx_word' id='word_1_448' title='bbox 1388 4787 1486 4907; x_wconf 63' lang='lat' dir='ltr'><strong>glltlna</strong></span> 
     </span>
    </p>
   </div>
   <div class='ocr_carea' id='block_1_7' title="bbox 0 0 1696 5476">
    <p class='ocr_par' dir='ltr' id='par_1_8' title="bbox 0 0 1696 5476">
     <span class='ocr_line' id='line_1_46' title="bbox 0 0 1696 5476; baseline 0 1"><span class='ocrx_word' id='word_1_449' title='bbox 0 0 1696 5476; x_wconf 95' lang='lat' dir='ltr'><strong> </strong></span> 
     </span>
    </p>
   </div>
  </div>
 </body>
</html>
