3382 5476
208 368 273 433 206
495 389 497 393 ·
603 368 837 421 condonavit
855 366 1099 420 EINSIDLBNSE

209 576 331 637 agere.
360 561 458 637 Agere
473 557 582 637 aliquid
606 566 652 619 est
675 556 741 636 lego
763 557 872 626 doceo,
897 561 956 634 pati
978 555 1067 634 legor⁸
1083 555 1204 616 doceor.
1241 554 1315 647 cuna
1339 572 1413 634 ergo
1433 554 1503 616 dicit

208 660 346 737 ‘agere'‚
376 658 603 738 comprehendit
630 660 728 719 omnia
757 660 852 719 actiua
881 666 911 717 et
932 657 1119 718 medietatem
1147 657 1316 718 communis
1342 656 1446 726 uerbi,
1474 665 1504 717 et

209 779 275 821 cuna
300 761 373 821 dicit
400 762 508 840 ‘patin
534 762 634 821 omnia
663 762 780 840 passiua
803 767 832 820 et
854 759 976 819 alteram
999 758 1188 820 medietatem
1212 759 1379 820 communis
1401 755 1503 827 narbi;

210 867 281 923 ‘aut
303 866 459 923 neutrum’
486 879 553 922 cum
587 860 673 930 dicit,
708 862 807 921 omnia
841 861 985 922 neutralia
1013 870 1042 922 et
1070 858 1249 939 deponentia
1276 861 1371 922 uerba
1399 861 1503 938 tangit.

209 962 349 1025 Neutrale
372 962 498 1024 uerbum
523 962 641 1033 dicitur,
665 980 725 1023 non
746 969 779 1022 ut
800 959 912 1038 aliquid
936 981 995 1023 non
1017 963 1177 1040 significet,
1200 960 1254 1023 sed
1268 968 1431 1040 utrumqne
1446 974 1528 1022 nona

209 1065 369 1142 significan
400 1083 467 1126 nam
489 1082 557 1125 cum
580 1065 707 1124 actiuam
731 1063 821 1124 lrabet
843 1066 1103 1142 significationem,
1127 1061 1269 1141 relinquit
1289 1065 1452 1144 passiuam.
1473 1070 1506 1123 nt

210 1167 285 1227 lucio
308 1166 444 1241 arnbulo,
466 1184 533 1227 cum
556 1183 629 1226 uero
651 1166 815 1245 passiuam‚
840 1166 961 1226 dimittit
983 1163 1115 1235 alteram,
1132 1171 1166 1225 ut
1180 1166 1218 1226 ilo
1240 1167 1395 1244 passluum
1417 1162 1507 1226 habet

209 1286 339 1328 sensum.
384 1268 434 1336 Et,
463 1277 495 1328 ut
517 1268 666 1346 quidam
688 1265 807 1337 uolunt,
831 1268 983 1346 passiunm
1007 1275 1054 1327 est
1075 1268 1112 1328 do
1134 1266 1230 1328 solum
1257 1266 1398 1329 desinens
1424 1267 1457 1327 in
1477 1283 1506 1335 o,

209 1371 294 1430 cuius
322 1372 519 1439 actiunm,est
539 1369 627 1429 iacio.
673 1367 762 1429 Verbi
792 1369 884 1446 gratia
913 1369 1007 1429 ‘iacio
1030 1373 1087 1439 te’,
1114 1376 1145 1430 et
1171 1374 1203 1429 tu
1225 1367 1392 1448 respondes
1412 1368 1470 1429 ‘lio
1489 1374 1519 1427 a*

102 1468 105 1474 ’
209 1477 259 1532 ιε’.
298 1469 434 1552 Quinque
456 1490 566 1550 genera
588 1473 620 1531 in
643 1470 836 1549 sequentibus
858 1478 1074 1531 commemorat
1095 1470 1242 1539 Donatus,
1264 1488 1343 1550 quae
1365 1469 1415 1530 iric
1437 1469 1540 1531 ure-o

209 1575 286 1634 niter
313 1575 420 1652 tangit,
451 1591 520 1633 carm
548 1572 620 1632 dicit
649 1575 716 1632 ‘ant
744 1587 834 1650 agere
856 1580 907 1632 aut
928 1573 989 1651 pati
1017 1578 1068 1632 aut
1089 1573 1258 1632 neutrum’.
1303 1575 1409 1633 Actum
1436 1588 1508 1631 sano

208 1677 272 1735 siue
295 1677 463 1754 passionem
485 1674 646 1735 ostendunt
670 1673 761 1734 uerba
785 1672 893 1741 iuliis,
917 1693 993 1752 quae
1016 1675 1144 1734 animata
1168 1681 1245 1743 sunt,
1269 1681 1410 1734 nentrum
1435 1690 1506 1733 uero

209 1777 336 1836 maxime
364 1777 394 1839 in
423 1777 519 1835 anima
543 1773 713 1835 carentibus
735 1777 865 1853 ponitur.
887 1809 930 1818 —
958 1775 1144 1836 Generalitas
1173 1774 1259 1835 uerbi
1286 1775 1317 1835 in
1347 1793 1399 1843 eo,
1427 1772 1506 1854 qnod

192 1895 278 1956 ,pens
301 1887 345 1937 est
367 1879 526 1943 orationis;
549 1875 726 1955 specialitas,
750 1875 829 1955 quod
852 1887 934 1938 caret
955 1896 1034 1946 casu,
1058 1876 1225 1956 proprietas
1246 1876 1320 1937 uero
1337 1877 1368 1936 in
1383 1877 1508 1937 actionis
1534 1904 1540 1915 ·

211 1979 355 2058 passionis
371 1976 417 2038 uel
434 1979 530 2038 nentri
553 1979 778 2055 significatione.
822 1977 856 2038 D.
873 1977 990 2038 Verbo
1013 1989 1101 2055 qnot
1122 1977 1319 2047 accidunt.
1342 1976 1420 2037 idest
1435 1984 1541 2057 quoin

210 2080 373 2140 accidentia
397 2078 486 2140 habet
508 2077 644 2139 uerbum.
689 2078 725 2139 ll.
751 2078 912 2158 Septem.
957 2079 1118 2141 Numerum
1141 2080 1284 2140 detininit
1329 2078 1363 2142 ll.
1387 2078 1504 2150 Quasi

121 2186 170 2225 mo.
184 2187 197 2224 ⁶
213 2181 336 2242 Nomina
353 2182 551 2242 accidentium
568 2182 702 2260 requirit
727 2181 764 2241 ll.
777 2180 949 2251 Qualitas
964 2183 1183 2259 coniugatio
1199 2170 1506 2258 genus'numerus

211 2285 334 2361 ligura
352 2292 499 2362 tempus
515 2300 685 2361 persona.
723 2282 804 2353 Quae
819 2284 880 2343 suis
895 2283 925 2343 in
949 2282 1021 2342 locis
1043 2300 1237 2362 exponemus.
1267 2282 1370 2343 Primo
1384 2282 1423 2343 dc
1437 2299 1507 2360 qna·

210 2383 291 2445 litate
307 2384 392 2445 nobis
407 2386 445 2446 sit
460 2403 569 2452 sermo,
584 2385 652 2462 quia
667 2385 797 2464 primum
814 2383 952 2445 accidens
967 2392 1018 2444 est.
1050 2384 1142 2463 lqitur
1157 2385 1187 2444 in
1202 2383 1296 2444 uerbo
1311 2382 1424 2444 dicitur
1435 2401 1506 2461 qua·

212 2485 285 2554 litas,
299 2504 334 2546 eo
350 2486 440 2564 quod,
453 2485 541 2565 quale
556 2486 594 2546 sit
609 2485 680 2546 illud
699 2484 836 2559 uerbum,
850 2486 988 2557 ostendit,
1001 2487 1130 2547 actiuum
1148 2484 1288 2546 uidelicet
1301 2502 1338 2546 an
1354 2486 1506 2565 passiuum
1517 2499 1541 2539 2⁰

121 2593 168 2641 ³⁵⁹,
183 2594 194 2631 i
212 2586 224 2668 {l
244 2586 303 2649 118
318 2583 333 2671 ΙΙ
347 2589 409 2649 siue
425 2597 573 2650 neutrum.
605 2588 637 2649 D.
655 2587 823 2658 Qualitas
838 2588 1039 2649 uerborum
1055 2589 1090 2648 in
1106 2606 1175 2668 quo
1192 2587 1263 2649 esti
1292 2586 1373 2647 ldest
1394 2588 1426 2649 in
1448 2604 1506 2665 quo

209 2691 283 2761 iure,
307 2692 338 2750 in
361 2708 417 2768 qua
441 2697 585 2769 potestate
607 2691 663 2750 sita
685 2698 738 2750 est
784 2688 821 2749 Μ.
847 2689 884 2750 ln
906 2691 1024 2751 modis
1045 2696 1079 2750 et
1099 2689 1240 2751 lormis.
1285 2687 1412 2760 Quando
1427 2691 1516 2751 enim'

209 2791 335 2870 qualitas
358 2791 443 2852 uerbi
466 2793 676 2870 interrogatur,
701 2790 805 2851 modus
828 2800 857 2851 et
879 2793 974 2852 lorma
997 2791 1207 2869 respondetur,
1230 2796 1276 2851 ut:
1301 2794 1405 2852 ‘amo’
1423 2792 1507 2854 cuius

208 2891 357 2970 qualitatis
373 2893 435 2952 est?
458 2892 537 2953 modi
553 2891 702 2952 indicatiui
725 2899 755 2951 et
776 2891 889 2952 iornrae
904 2893 1068 2972 perlectam
1092 2892 1241 2954 ‘lecturio'
1257 2891 1338 2953 modi
1352 2894 1506 2955 indicatiui

210 3002 240 3053 et
262 2994 373 3053 lormae
396 2993 598 3061 nieditatinae;
621 2991 749 3054 ‘lectito’
773 2993 852 3054 modi
876 2995 1027 3055 indicatiui
1056 3005 1085 3054 et
1112 2994 1225 3054 lormac
1251 2995 1542 3074 frequentationem

210 3092 350 3155 ‘calesco'
373 3093 526 3154 indicatiui
549 3094 629 3154 modi
652 3104 681 3155 et
703 3095 816 3156 lormae
838 3094 1034 3157 inclroatiuae.
1050 3130 1092 3139 -
1106 3093 1186 3157 llodi
1199 3115 1216 3157 a
1231 3093 1438 3158 moderatione
1458 3095 1507 3158 uel

209 3215 225 3255 a
253 3203 335 3256 motu
364 3203 433 3256 sunt
460 3194 546 3265 dicti,
576 3215 612 3256 eo
640 3196 720 3273 quod
748 3214 827 3258 unus
856 3206 1011 3258 moueatur
1039 3200 1070 3259 in
1097 3196 1238 3258 alterum:
1265 3197 1450 3261 indicatiuus
1476 3200 1507 3260 in

209 3299 433 3377 imperatiuum,
462 3299 657 3377 imperatione
678 3300 709 3358 in
731 3300 909 3378 optatiuum,
931 3301 974 3360 sic
997 3309 1027 3360 et
1048 3298 1106 3362 alii.
1129 3332 1173 3342 —
1194 3297 1374 3360 indicatiuus
1396 3300 1508 3362 dicitnr

209 3398 246 3459 ab
268 3399 442 3469 indicando,
466 3401 533 3479 quia
555 3419 611 3479 per
632 3398 715 3461 illum
738 3408 837 3462 actum
860 3399 908 3461 uel
930 3403 1097 3481 passionem
1120 3400 1320 3470 ostendimus,
1343 3410 1389 3461 ut:
1422 3402 1507 3481 ‘quid

209 3502 311 3561 lacisl'
339 3500 447 3580 ‘lego'z
481 3519 551 3562 ecce
578 3509 687 3564 actum.
738 3502 827 3573 ‘Quid
856 3503 951 3581 agis'l
986 3503 1105 3580 ‘legor'‚
1141 3504 1170 3562 ·i·
1200 3501 1306 3582 aliquis
1334 3520 1400 3563 mea
1429 3503 1546 3565 dictaeo

209 3601 295 3680 legit:
319 3621 389 3662 ecee
411 3604 573 3680 passiuum.
612 3603 684 3664 ilico
708 3603 791 3673 dicis,
814 3605 911 3666 indico
933 3603 1050 3675 indicis,
1074 3605 1180 3666 transit
1202 3606 1232 3664 in
1254 3606 1407 3684 passiuum
1430 3603 1507 3665 indi·

208 3710 292 3763 catus
319 3703 455 3771 indicati,
484 3703 620 3764 adiuncta
650 3723 706 3765 uus
734 3707 765 3766 lit
787 3705 974 3766 indicatiuus.
1018 3705 1136 3766 Primus
1158 3724 1231 3784 ergo
1252 3707 1373 3785 ponitur
1395 3706 1512 3779 indica-

210 3806 305 3887 tiuus‚
333 3805 400 3885 quia
430 3806 591 3883 perfectior
612 3814 657 3866 est
679 3810 797 3869 ceteris.
843 3807 939 3869 Habet
961 3809 1040 3869 enim
1063 3826 1133 3869 suas
1154 3824 1296 3888 personas
1318 3810 1402 3869 etin
1426 3809 1510 3871 nullo

209 3914 343 3986 tempore
371 3904 471 3967 delicit
498 3923 598 3984 neque
625 3908 781 3969 insensu.
827 3908 899 3969 Nam
922 3907 986 3979 illc,
1016 3912 1067 3987 qni
1089 3909 1161 3971 dicit
1184 3910 1317 3979 ‘scribo’,
1340 3910 1508 3990 perlectum

208 4025 327 4068 sensum
350 4007 488 4069 ostendit.
534 4009 630 4070 Ceteri
653 4028 726 4070 uero
749 4027 807 4071 non
831 4010 925 4071 solum
949 4013 979 4072 in
1002 4021 1152 4090 tempore,
1176 4011 1228 4073 sed
1252 4013 1337 4072 etiarn
1360 4013 1392 4073 in
1416 4032 1508 4075 sensu
1522 4030 1547 4070 :n

208 4108 357 4171 deliciunt.
396 4110 452 4181 Qui
468 4113 546 4171 enim
563 4112 699 4187 imperat.
722 4112 859 4181 ostendit,
882 4131 943 4174 non
967 4132 1032 4175 csse
1055 4114 1165 4174 iactum
1188 4113 1293 4181 adhuc,
1317 4113 1396 4191 quod
1411 4115 1507 4176 iubet.

209 4210 350 4273 Similiter
372 4221 402 4273 et
424 4215 474 4290 qui
496 4222 593 4293 optat,
624 4214 770 4284 ostendit,
800 4233 832 4275 se
856 4232 914 4275 non
937 4214 1062 4286 habere,
1086 4214 1164 4295 quod
1188 4215 1346 4286 desiderat.
1392 4212 1509 4277 ludica·

209 4314 290 4374 tinus
314 4330 385 4390 ergo
408 4316 560 4393 perlectus
582 4323 635 4384 est,
658 4323 803 4395 utsupra
827 4316 965 4383 diximus,
989 4326 1019 4377 et
1038 4317 1107 4379 ideo
1123 4318 1252 4395 primum
1268 4316 1383 4378 obtinet
1397 4316 1509 4380 locum.

208 4413 406 4495 imperatiuus
433 4415 565 4477 secundo
592 4418 622 4477 in
650 4415 716 4477 loco
744 4419 873 4496 ponitur.
922 4419 1065 4490 Quamuis
1095 4420 1174 4479 enim
1203 4420 1232 4479 in
1262 4437 1390 4498 persona
1418 4428 1450 4481 et
1477 4420 1507 4479 in

208 4517 371 4596 praeterito
392 4515 506 4587 delicit,
535 4524 634 4579 tamen
657 4525 725 4579 ante
748 4520 910 4598 optatiuum
934 4522 1070 4599 ponitur,
1100 4523 1168 4601 quia
1192 4522 1286 4583 niaior
1309 4522 1429 4601 estqui
1452 4523 1544 4583 imo

224 4704 436 4711 w--—-——-

279 4840 310 4888 10
325 4850 466 4891 conrmornt
535 4838 661 4906 linuatus]
680 4860 707 4906 p.
727 4846 786 4904 359,
808 4846 843 4891 at
914 4845 944 4893 lli
961 4843 1083 4893 dillininit
