3382 5476
598 384 745 438 comem
763 385 966 438 BEBNENSIS
984 388 1026 438 83.
1398 383 1459 448 185

163 569 362 634 ‘hltiuillare'
391 570 536 651 appellas,
564 591 633 633 cnm
657 574 682 633 ei
704 580 891 633 constructor
917 574 982 633 eius
1011 590 1118 634 nornen
1148 571 1303 633 habuisset
1331 571 1457 641 ‘Altus’‚

163 681 235 734 tuuc
257 672 443 734 solummodo
466 681 567 753 posset
588 676 627 734 ita
650 676 766 744 uocari,
795 681 827 734 ut
849 672 934 735 uerbi
956 676 1049 753 gratia
1074 675 1170 734 ‘mous
1193 673 1335 736 Biduini’.
1373 672 1458 735 Nunc

163 784 263 835 autem
286 776 310 834 si
334 776 435 853 nequit
457 775 496 835 ita
519 777 635 845 uocari,
658 777 736 836 sicut
751 776 961 838 monasterium
976 776 1112 854 ‘llaguus
1128 775 1235 836 Locus’
1252 773 1457 853 ‘Magnilocus’

164 878 268 956 nequit
289 876 467 956 nuncupari,
491 876 543 937 sed
568 879 592 937 si
614 876 733 957 decepit
756 887 783 937 te
806 879 1026 938 ‘centimanus’
1050 876 1284 937 ‘celsithronus'
1307 874 1457 936 ‘altithro-

136 980 242 1047 anns'.
266 977 334 1038 uide
358 977 475 1039 taudem
499 976 671 1058 aliquando,
695 978 774 1058 quod
798 977 875 1039 ‘alti'
896 978 993 1040 ‘celsi’
1017 987 1047 1039 et
1069 979 1171 1038 ‘centi'
1193 996 1252 1038 nou
1276 985 1346 1040 sunt
1367 995 1458 1056 gene-

97 1099 102 1109 ·
164 1081 231 1149 tini,
254 1080 306 1140 sed
330 1080 491 1140 aecusatini
649 1128 655 1141 .
675 1128 682 1141 .
702 1129 709 1142 .
731 1079 932 1141 ‘altithronus’
957 1077 1181 1141 ‘celsithronus’
1204 1077 1294 1141 altum
1320 1079 1457 1139 thronum

163 1180 277 1243 hahens
300 1190 330 1241 et
352 1181 462 1241 celsum
487 1180 626 1241 thronum
649 1180 776 1250 hahens,
801 1189 831 1242 et
846 1183 1057 1242 ‘centimanus’
1079 1189 1199 1241 centum
1215 1198 1318 1241 manus
1334 1179 1458 1241 hahens.

163 1281 234 1342 lrleo
262 1301 334 1343 saue
362 1281 422 1342 dixi
445 1284 558 1342 ‘ocuti'
582 1302 647 1343 esse
670 1285 885 1356 accusatiunm,
914 1284 983 1361 quia
1013 1285 1078 1344 eius
1106 1281 1223 1343 uidetur
1247 1283 1343 1343 olllcio
1365 1283 1457 1360 iungi,

163 1384 240 1443 sicut
276 1383 508 1464 ‘pennipotens'
546 1393 576 1444 et
619 1386 839 1466 ‘armipotens'
884 1384 1005 1446 ablatiui
1042 1383 1089 1446 uel
1127 1385 1220 1463 magis
1262 1385 1393 1463 genetini
1429 1390 1457 1444 et

125 1499 150 1538 1⁰
166 1486 342 1564 ‘armigeri'.
394 1480 397 1487 '

251 1689 263 1766 l
280 1688 299 1748 l.
318 1685 374 1749 70·
391 1687 404 1770 ll
429 1689 581 1751 ‘Perinde’
605 1691 725 1768 ponitur
747 1692 882 1752 usitatius
904 1708 958 1768 pro
980 1691 1177 1769 ‘propterea'‚
1199 1688 1250 1750 sed
1266 1707 1354 1768 saepe
1370 1707 1456 1768 repe·

163 1791 239 1850 ritur
262 1809 317 1869 pro
337 1791 512 1859 ‘sirnilitm’.
531 1791 577 1852 uel
601 1793 675 1862 ‘ita’,
700 1800 732 1854 ut
753 1793 788 1852 iu
812 1791 960 1870 dialogo
983 1791 1114 1852 Seueri
1138 1790 1181 1852 de
1204 1791 1456 1856 Postumiouo:

162 1891 341 1969 ‘perinde
364 1902 474 1973 atque
498 1912 564 1972 ego
588 1894 797 1974 triumphat
818 1891 982 1972 gaudio'.

250 2125 262 2210 ΙῙ
280 2128 300 2189 l.
317 2126 374 2191 71⁸
393 2128 404 2209 {l
428 2131 579 2191 Interdum
602 2129 639 2191 ab
662 2130 832 2192 auctoribus
854 2129 1002 2191 dilllcilior
1024 2128 1122 2208 glossa
1152 2131 1279 2207 ponitur.
1309 2148 1397 2210 quam
1420 2130 1459 2190 sit

123 2217 261 2310 relpsum
286 2230 364 2309 qnod
387 2234 556 2311 exponitur,
580 2241 613 2294 ut
634 2232 892 2312 Hieronymus:
922 2235 1079 2292 ‘terrenus
1100 2230 1177 2292 idest
1198 2228 1342 2292 choicus.’
1386 2229 1457 2293 Tale

82 2323 89 2331 ’
163 2339 210 2391 est
231 2339 261 2392 et
283 2331 353 2392 illud
377 2333 564 2396 Prisciani
587 2335 618 2394 iu
640 2335 875 2415 praepositione:
907 2334 1003 2414 ‘prae’
1026 2334 1147 2413 ponitur
1171 2350 1224 2410 pro
1247 2330 1320 2408 ‘ab'‚
1343 2340 1390 2393 nt:
1415 2332 1459 2392 ‘lit

164 2432 270 2493 misera
301 2452 371 2514 prae
400 2441 530 2505 amore',
559 2435 636 2496 idest
657 2434 694 2495 ah
717 2452 833 2505 amore,
854 2431 868 2517 ΙΙ
884 2436 903 2495 l.
921 2431 982 2495 llb
1002 2430 1016 2517 ΙΙ
1035 2432 1087 2495 uhi
1109 2435 1135 2495 si
1157 2443 1327 2513 quaeratur,
1357 2442 1457 2494 utrum

163 2552 258 2594 necne
286 2533 343 2594 dici
371 2538 465 2616 possit
490 2535 545 2596 alia
574 2539 810 2597 constructione:
840 2539 918 2597 ‘est'
947 2534 995 2596 uel
1022 2535 1097 2596 ‘luit
1119 2537 1227 2595 urisera
1249 2552 1321 2614 prae
1344 2553 1456 2604 amore,

161 2635 239 2695 idest
260 2634 298 2695 ab
319 2639 442 2708 amore',
474 2638 521 2699 uel
544 2655 646 2698 omues
668 2636 716 2698 nel
739 2646 822 2699 certe
844 2656 938 2718 paene
960 2655 1064 2698 omues
1087 2636 1237 2714 negabunt
1265 2655 1367 2716 posse,
1396 2655 1456 2698 nou

122 2744 262 2797 aotamcu
290 2739 361 2808 rite;
391 2742 436 2800 sic
464 2757 590 2819 namque
615 2746 716 2820 potest
738 2749 767 2801 et
789 2740 889 2802 dicere
911 2750 940 2801 te
964 2746 994 2800 et
1015 2737 1087 2798 illud
1117 2738 1204 2835 etiam
1233 2736 1290 2799 diei
1319 2747 1458 2819 potuerat

162 2837 351 2918 regulariter.

247 3043 363 3104 ‘Sodes’
387 3044 562 3107 aduerbium
585 3064 645 3107 uon
668 3047 816 3125 signihcat
838 3044 1025 3117 ‘sodaliter’,
1048 3044 1100 3106 sed
1123 3042 1298 3106 aduerhium
1322 3053 1368 3106 est
1388 3063 1458 3126 pre·
1518 3064 1522 3071 ·

163 3144 309 3215 catinum,
335 3145 459 3206 utillud
483 3148 630 3210 huieui:

317 3247 395 3315 nie,
419 3249 542 3320 sodes,
566 3249 738 3328 quidnam
761 3248 911 3330 trepido
934 3247 1005 3310 tihi
1028 3245 1166 3309 retulit
1188 3266 1286 3309 ursa.

122 3365 151 3406 aa
165 3347 229 3408 ‘So’
253 3348 391 3410 uidelicet
412 3349 571 3429 producta,
596 3370 663 3412 curn
687 3353 725 3412 sit
747 3352 776 3412 iu
799 3351 915 3412 ‘sodali’
939 3358 1085 3430 correpta.

248 3448 329 3512 luter
350 3449 585 3513 ‘abrenuntiare’
608 3461 638 3513 et
660 3454 859 3514 ‘renuntiare’
882 3451 939 3512 hoc
962 3454 1096 3521 interest,
1120 3450 1198 3528 quod
1215 3448 1456 3511 abrenuntiamus

134 3601 143 3610 .
164 3547 301 3621 inlicitis,
325 3553 529 3614 renuntiamus
552 3546 649 3616 licitis.
694 3554 944 3617 abrenuntiamus
960 3551 1081 3614 niaholo
1104 3562 1134 3613 et
1156 3550 1292 3613 omuibus
1314 3551 1457 3631 operibus

164 3653 230 3712 eius
251 3661 281 3712 et
303 3652 441 3714 omuibus
463 3655 580 3735 pompis
603 3657 660 3724 eis,
689 3658 897 3717 renuntiamus
920 3655 1033 3716 diuitiis
1056 3662 1085 3715 et
1106 3654 1236 3733 propriis
1259 3651 1455 3714 facultatibus.

248 3889 485 3952 ‘Praescientia'
508 3895 629 3970 ponitur
652 3892 811 3972 aliquando
835 3912 890 3974 pro
912 3892 1219 3973 ‘praedestinatione’‚
1250 3900 1283 3952 ut
1304 3900 1349 3953 est
1370 3890 1455 3952 illud:

125 3993 244 4049 so‘nou
267 3991 397 4070 reppulit
420 3992 496 4053 [teus
520 3992 636 4072 plehem
659 4012 758 4062 snam.
782 4013 869 4073 quam
893 3996 1058 4074 praesciit’‚
1081 3993 1159 4055 idest
1181 3993 1455 4072 ‘praedestinauit’,

164 4091 381 4153 insecundo
404 4092 502 4154 libro
525 4094 565 4155 ad
590 4096 826 4177 Prosperum.
871 4096 932 4158 Nos
953 4104 1052 4157 tamen
1075 4097 1133 4156 iam
1157 4096 1342 4173 nuucipsam
1358 4094 1458 4173 potius

165 4200 267 4253 tenere
296 4193 439 4256 dehemus
466 4195 663 4258 differentiam
694 4206 817 4279 propter
843 4197 931 4267 illud,
961 4197 1040 4278 quod
1070 4198 1158 4258 nimis
1188 4196 1263 4256 male
1293 4196 1328 4256 iu
1356 4195 1456 4256 Sma-

234 4377 420 4446 lhltiuillare]
439 4382 481 4444 Gs.
500 4398 581 4448 supra
591 4401 619 4450 p.
629 4387 713 4446 178st
763 4387 881 4443 imore,
899 4397 1052 4436 commone
1103 4382 1212 4443 bidjniui
1257 4383 1287 4431 ‘4
1305 4379 1457 4430 eelsitromn

164 4446 181 4496 6
197 4446 350 4514 aecusatiui]
370 4448 496 4499 Secuntur
506 4451 586 4501 uerba
598 4455 716 4503 nonnulla
728 4452 848 4504 obscura:
868 4463 894 4502 et
905 4453 1010 4517 insuper
1022 4462 1050 4501 ut
1061 4452 1187 4515 genetrice
1204 4450 1261 4501 sine
1278 4450 1357 4516 g'ento
1376 4449 1414 4497 eie
1430 4448 1456 4497 in

164 4515 268 4576 eluertis
281 4516 321 4566 ·i·
334 4517 360 4565 iu
373 4518 475 4566 nomine
487 4518 626 4577 bonefacii,
646 4537 711 4586 quoe
727 4522 841 4583 fortusse
852 4522 890 4570 rie
901 4521 1058 4584 explicando
1068 4526 1139 4570 ruat:
1158 4529 1182 4568 et
1198 4519 1305 4584 iusuper
1324 4526 1351 4566 ut
1368 4520 1457 4581 ‘gene-

164 4582 235 4631 trice’
254 4583 309 4633 siue
326 4587 478 4650 ‘genetiuo‘‚
497 4587 535 4635 sic
547 4588 572 4636 iu
585 4603 599 4636 e
611 4589 689 4637 nereis
708 4589 715 4635 i
734 4589 760 4636 iu
778 4586 1134 4648 uomine‘Bouiiacii’pnan
1150 4587 1334 4637 decoramine
1351 4586 1393 4633 uel
1408 4599 1458 4648 per

164 4665 179 4698 e
190 4653 231 4700 ael
240 4667 290 4715 per
300 4653 310 4701 ι’
319 4655 419 4717 scripto
429 4656 475 4718 api
484 4655 595 4705 rodatur.
638 4655 773 4704 altitronus
785 4655 937 4706 eelsitrouus
949 4655 1094 4705 altitronum
1109 4654 1204 4704 hahens
1217 4664 1242 4703 et
1252 4653 1347 4704 celsum
1360 4650 1457 4702 habeus

163 4718 237 4767 auct
257 4733 355 4782 manus,
372 4722 536 4786 commagia
607 4725 637 4772 12
655 4719 754 4787 Serreri]
774 4725 841 4773 Dial.
861 4721 1127 4777 reduceremus!
1142 4723 1268 4787 paean
1339 4720 1371 4769 14
1383 4718 1457 4786 glosa

165 4784 197 4835 16
215 4784 351 4852 Prisciani]
371 4787 404 4838 II
420 4805 450 4854 p.
467 4792 536 4851 50‚5
588 4805 644 4855 pro,
661 4805 763 4854 semper
815 4792 849 4860 ¹⁷.
864 4802 970 4855 quaerat
1020 4792 1054 4843 20
1070 4800 1171 4857 postest
1232 4789 1266 4838 22
1283 4787 1457 4853 praecatiuum

164 4853 198 4904 23
216 4852 321 4919 huieni]
341 4857 380 4918 Cf.
398 4873 478 4922 srrpra
493 4874 521 4922 p.
540 4860 599 4922 174,
619 4861 650 4909 ld
718 4859 753 4910 28
770 4873 850 4925 pomp
924 4860 959 4910 29
975 4858 1113 4923 aliquando
1130 4867 1235 4924 propter
1251 4855 1424 4906 destinatione
