3382 5476
550 383 625 435 CVM
645 383 848 436 excuseris
867 383 1036 435 INEDITIS.
1356 394 1436 442 CCXI

144 581 242 634 autem
267 574 507 651 pronuntiatione
530 581 579 632 aut
601 572 711 633 scribto
734 574 800 651 quia
823 571 940 632 scribtis
964 572 1019 632 boo
1043 573 1146 631 uitium
1163 570 1311 631 inuenitur
1334 571 1435 629 autin

145 676 385 754 pronuntiatione
417 681 514 735 nostra
544 676 693 750 protertur
721 692 788 735 eum
819 692 876 734 non
904 672 1023 734 scribtis
1052 673 1103 733 sed
1127 690 1253 733 comune
1275 668 1435 751 loquimur.

145 777 225 838 idest
247 776 448 837 barbarismus
471 778 537 856 quia
602 774 714 836 scribto
736 783 786 836 aut

231 897 259 956 p.
282 875 359 947 324,
385 876 400 936 1
431 878 500 938 item
529 877 722 939 adiectionem
750 878 961 939 detractionem
990 878 1184 938 inmutatione
1208 884 1238 935 et
1259 882 1436 936 transmuta-

146 982 255 1040 tionem
299 976 319 1040 3
342 980 549 1058 adspirationis
565 979 690 1039 adlectio
707 980 821 1040 litterae
837 980 866 1039 lit
890 988 986 1041 autem
1002 978 1113 1039 scribto
1135 977 1181 1039 uel
1198 978 1437 1058 pronuntiatione

146 1080 348 1141 barbarismus
371 1100 426 1161 per
448 1081 642 1143 adiectionem
667 1081 792 1151 litterae,
816 1084 893 1143 sicut
916 1079 1064 1161 relliquias
1117 1079 1138 1139 4
1161 1098 1231 1157 qum
1289 1075 1309 1140 6
1332 1087 1437 1138 utnon

146 1181 183 1242 ab
207 1181 247 1242 bii
271 1202 302 1243 se
325 1191 378 1244 rat.
439 1181 457 1243 l
481 1184 623 1261 prologus
646 1182 755 1244 lobiuia
779 1202 869 1261 quum
893 1183 1003 1243 italiam
1026 1191 1193 1261 correptam
1248 1179 1268 1241 9
1291 1189 1320 1240 et
1342 1181 1437 1241 nutri·

147 1284 214 1344 bam
237 1304 292 1363 pro
317 1287 511 1345 nutriueram.
541 1305 594 1364 per
624 1285 835 1346 detractionem
867 1285 994 1365 syllabae
1061 1282 1100 1345 10
1121 1284 1331 1344 salsamentum
1355 1283 1438 1361 paui·

146 1395 247 1446 mento
276 1396 304 1446 et
334 1405 453 1446 currum
484 1405 537 1465 pro
568 1407 657 1448 carru
726 1385 763 1446 11
794 1387 908 1447 ironiam
977 1384 1015 1446 12
1043 1389 1113 1447 item
1136 1405 1190 1465 per
1213 1385 1437 1446 inmutationem

150 1485 189 1548 13
213 1507 266 1565 pro
290 1487 330 1547 illi
355 1491 362 1547 i
385 1489 481 1548 littera
504 1491 534 1548 in
558 1508 575 1547 o
599 1496 722 1558 mamm,
753 1508 806 1568 per
829 1490 1053 1549 inmutationem
1075 1486 1205 1567 syllabae
1227 1496 1259 1547 ut
1282 1487 1440 1566 permicies

148 1592 281 1669 pronicio
341 1588 379 1650 15
402 1589 439 1650 be
462 1594 539 1651 enirn
602 1589 639 1651 16
662 1592 752 1669 gessit
775 1590 884 1651 bellurn
951 1589 988 1651 17
1012 1591 1162 1670 cleopatra
1225 1586 1263 1650 18
1285 1586 1439 1667 interpella

148 1710 203 1771 pro
228 1691 382 1770 interpella
406 1673 709 1753 transmutatis'enim
734 1691 840 1752 litteris
869 1692 1052 1761 dictasunt,
1080 1711 1135 1771 per
1163 1692 1439 1752 transmutationem

150 1791 190 1853 19
212 1801 243 1854 ut
265 1793 434 1872 disciplina,
465 1813 547 1855 corr.
573 1793 728 1873 displicina
750 1813 789 1855 m.
814 1796 851 1854 I]
914 1813 969 1873 per
992 1797 1266 1855 transmutationem
1290 1793 1440 1872 tenrporis,

148 1938 205 1981 om.
230 1930 262 1980 ut
326 1917 368 1979 22
392 1922 420 1999 (l.
446 1920 516 2000 dtr)
541 1920 720 1982 metalemsis
783 1918 824 1982 23
847 1920 958 1982 addidit
1027 1916 1070 1978 24
1091 1890 1200 2001 aliquld
1265 1918 1440 1999 2510111111-

151 2032 191 2082 tat
253 2025 347 2100 grani,
373 2041 425 2100 por
447 2042 555 2100 granos
625 2021 666 2084 26
694 2044 748 2104 pro
772 2043 807 2083 eo
831 2024 909 2101 quod
932 2041 986 2100 per
1008 2023 1141 2099 singulos
1164 2041 1258 2082 annos
1279 2024 1334 2084 ista
1357 2021 1441 2082 colli-

152 2135 260 2200 guntur
284 2127 440 2201 (optinet)
505 2122 545 2185 27
570 2125 749 2186 metalemsis
813 2122 855 2186 29
878 2142 953 2202 quae
976 2144 1080 2185 manus
1103 2133 1183 2185 carte
1206 2126 1394 2203 nodosaquae

236 2520 301 2577 lam
325 2520 468 2590 uidimus,
499 2519 652 2577 Iulianum
679 2517 799 2578 (cimilia
825 2519 939 2578 codicis
961 2516 1127 2577 Berueusis
1147 2534 1208 2576 non
1230 2519 1323 2577 solum
1345 2533 1440 2575 eruere·

152 2621 232 2693 dari,
256 2623 311 2679 scd
336 2622 453 2679 lacunis
479 2636 593 2694 quoque
623 2618 687 2691 (cs.
707 2638 739 2694 p.
765 2627 837 2692 321,
865 2627 897 2676 11
919 2622 968 2694 K)
994 2623 1122 2679 liberari
1136 2622 1278 2694 potuisse.
1324 2617 1440 2691 Restat,

152 2730 183 2782 ut
205 2723 321 2782 tuliani
339 2724 471 2782 codicem
494 2724 600 2797 ipsum,
624 2739 682 2795 quo
706 2724 752 2780 usi
771 2730 841 2781 sunt
862 2731 891 2781 et
912 2724 1051 2782 editionis
1067 2723 1224 2782 Romanae
1244 2722 1312 2780 olim
1334 2727 1442 2779 auctor

150 2831 178 2882 et
207 2825 321 2883 Kcitius
349 2841 462 2897 nuper,
500 2825 678 2883 Vaticanum
707 2841 766 2883 nou
793 2826 887 2883 solum
916 2826 1047 2884 disiectis
1068 2826 1138 2885 otim
1158 2825 1322 2899 particulis
1337 2838 1443 2898 prauo

147 2924 292 2996 soliorum
315 2928 421 2984 ordine
442 2927 694 2999 conplutinatnrn,
726 2928 757 2985 id
784 2928 865 3001 arcad
892 2928 952 2984 iam
976 2928 1092 2986 Keilius
1114 2927 1200 2997 uidit,
1224 2926 1279 2985 sed
1298 2926 1389 2984 etiam
1411 2926 1442 2983 in

149 3030 273 3100 sinpulis
295 3028 436 3101 picentibus
460 3044 606 3101 peruersa
633 3028 739 3087 ordine
765 3031 910 3103 scriptum
936 3045 999 3087 esse
1024 3029 1247 3104 eorrprobemus.
1297 3027 1383 3097 Quod
1405 3026 1443 3084 dc

150 3131 203 3188 illa
226 3130 362 3204 opusculi
379 3137 470 3202 parte
492 3131 587 3201 ualet,
612 3147 672 3203 qua
695 3130 733 3188 de
752 3131 912 3205 acrioribus
932 3137 1096 3190 metrorum
1119 3133 1231 3205 apitnr.
1278 3130 1440 3201 Postquam

150 3233 226 3289 enim
250 3231 307 3304 (cs.
332 3229 409 3290 Keil.
429 3248 461 3303 p.
487 3237 543 3288 311
565 3233 657 3305 med.)
685 3233 825 3292 lulianus
847 3239 913 3292 octo
935 3241 1097 3292 metrorum
1118 3248 1233 3306 penera
1250 3230 1440 3306 principalia

151 3349 213 3398 esee
234 3334 347 3407 statuit,
371 3333 552 3409 dactylicum
575 3335 732 3392 iambicam
755 3335 939 3394 troclruieum
963 3337 1189 3409 anapaesticum
1204 3333 1440 3392 elioriambieum

152 3421 379 3509 rrrrtispastieum
402 3437 528 3494 ionicum
552 3453 571 3492 a
593 3438 709 3495 maiore
729 3444 758 3495 et
779 3439 908 3496 ionicum
930 3454 950 3495 a
972 3438 1097 3508 minore,
1122 3438 1268 3495 miramur
1291 3436 1321 3493 in
1338 3435 1441 3507 sinpu-

151 3537 214 3593 lari
239 3539 420 3595 tractatione
445 3539 531 3608 (lirici
557 3555 631 3613 opus
657 3547 751 3597 metro
779 3540 974 3613 aritispastieo
995 3539 1166 3613 explicato:
1189 3536 1237 3596 ‘da
1260 3537 1322 3595 cius
1344 3553 1442 3594 exem·

152 3636 242 3717 [ilum.
254 3635 369 3698 'uolans
392 3657 462 3698 occe
478 3657 586 3716 gerens
602 3657 681 3698 arma
700 3640 816 3716 ruitque
831 3637 937 3700 laetus’
963 3636 1156 3718 (armauitque
1172 3637 1256 3697 letus.
1284 3637 1357 3697 item
1373 3654 1443 3696 ecee

152 3758 258 3818 gerens
281 3740 464 3818 anuauitquc
492 3739 567 3801 letus
595 3743 663 3801 aad.
688 3745 781 3801 Bern.
808 3749 863 3799 207
887 3741 916 3813 s.
944 3742 1018 3819 77⁰),
1042 3758 1076 3816 p.
1102 3748 1139 3798 57
1162 3741 1209 3799 ed.
1233 3740 1320 3800 Ram.
1359 3739 1443 3798 Haec

152 3844 246 3916 ipitur
270 3841 300 3901 in
324 3849 391 3901 arte
413 3843 564 3903 Beruensi
583 3861 637 3903 suo
660 3846 758 3902 omnia
781 3845 889 3903 ordine
910 3846 968 3903 rite
988 3846 1128 3918 exposita
1155 3849 1226 3902 suut
1246 3845 1347 3902 nutris
1368 3843 1442 3902 ioni-

152 3947 195 4003 cis
217 3962 236 4003 a
258 3947 373 4004 maiore
394 3951 423 4004 et
445 3963 465 4003 a
487 3949 601 4006 minare
622 3947 723 4005 ultimo
744 3947 811 4006 loeo
832 3947 1003 4021 explicatis.

236 4046 298 4105 Sed
319 4048 498 4107 accedamus
520 4050 563 4108 ad
582 4050 710 4108 maiora.
753 4047 925 4108 Secundum
946 4048 1079 4108 codicem
1109 4047 1288 4106 Vaticanum
1302 4047 1444 4106 Iulianus

154 4149 267 4208 Donati
287 4156 381 4209 cirtem
404 4152 546 4210 minorem
570 4150 627 4223 (cs.
644 4152 723 4212 Keil.
741 4169 777 4227 p.
794 4158 850 4209 311
873 4155 960 4226 not),
984 4152 1062 4209 artis
1082 4150 1205 4207 maioris
1226 4165 1292 4208 eam
1311 4154 1441 4223 purten,

153 4269 230 4326 puae
252 4254 317 4326 apii
339 4254 376 4309 ac
398 4270 480 4322 uoce,
504 4254 541 4311 dc
562 4255 675 4327 littera,
701 4253 739 4312 de
759 4254 892 4330 syllaba,
919 4254 956 4312 de
973 4252 1111 4328 pedib-us,
1136 4251 1174 4309 dc
1195 4253 1272 4310 tonis
1294 4258 1385 4325 atque
1407 4250 1445 4308 de

151 4356 310 4428 posituris,
339 4354 448 4413 deinde
475 4356 694 4415 acerbarismum
721 4365 881 4429 ceteraque
912 4356 989 4414 uitia
1023 4360 1054 4413 et
1080 4352 1144 4413 eius
1169 4350 1292 4427 pencris
1319 4348 1443 4420 similia,

153 4456 280 4530 denique
303 4465 398 4515 metra
420 4460 634 4517 commentario
657 4459 807 4519 uberrimo
828 4456 990 4525 iustruxit,
1021 4457 1102 4516 deest
1125 4471 1196 4514 uero
1218 4457 1295 4514 artis
1316 4450 1443 4514 maioris

153 4566 220 4617 octo
237 4557 372 4634 partium
396 4561 543 4619 orationis
562 4557 721 4634 expositio.
759 4560 825 4620 Hoc
840 4562 945 4620 mirum
960 4574 1043 4632 saue,
1067 4559 1247 4634 praesertim
1262 4573 1328 4617 cum
1343 4563 1445 4616 cetera

154 4658 268 4719 danieli
288 4664 433 4737 opuscula
456 4664 681 4721 accuratissime
702 4664 878 4737 respexerit.
918 4662 958 4721 Et
979 4677 1089 4721 reuera
1110 4661 1263 4721 Iulianum
1277 4675 1314 4717 ea
1329 4673 1446 4732 auoque

153 4766 334 4823 tractauisse
356 4781 473 4825 neeesse
493 4772 537 4823 est
558 4771 738 4840 strituamus,
765 4767 793 4824 si
813 4765 907 4839 ipsius
929 4764 1038 4837 uerba,
1068 4763 1205 4838 quaeda
1227 4762 1302 4820 artis
1322 4755 1446 4819 retineris

152 4863 336 4940 maiorisque
358 4868 533 4927 diuersitate
551 4863 632 4938 fecit
655 4884 689 4942 p.
713 4872 786 4941 3211,
816 4873 849 4922 {a
869 4883 929 4940 sep.
954 4867 997 4934 a,
1027 4866 1199 4925 accuratius
1226 4862 1445 4938 expendamus.

1204 4960 1241 5013 0*
