3382 5476
188 363 252 428 210
592 363 828 416 couucurvu
846 362 1092 416 musmnuusn

188 551 332 631 legere,
363 551 431 613 uolo
454 560 483 613 et
505 551 642 614 uolebam
666 552 747 621 lreri;
781 553 992 631 praeterito
1021 551 1190 631 perlecto
1212 559 1247 612 et
1269 549 1482 630 plusquam·

187 656 360 735 perlecto
384 654 537 733 legisse.
562 672 610 714 me
625 651 706 714 uolui
722 654 787 714 locri
804 661 834 714 ct
848 654 1001 715 nolueram
1017 661 1085 714 autc
1101 652 1209 713 multos
1223 670 1331 721 anuos:
1355 654 1482 715 luturo

186 753 322 817 lectum
346 758 401 817 ire
425 756 483 816 uel
506 755 689 817 lecturum
713 773 811 823 esse,
837 753 1144 817 anreuolocrastina
1167 753 1229 819 die.
1255 755 1287 814 ·i·
1303 754 1483 834 egolegam.

98 856 373 923 aa1,eGerundia
390 856 449 918 uel
464 854 723 936 participialia
747 856 862 918 uerba
886 864 971 918 sunt
993 857 1094 917 haec.
1137 855 1216 916 Gero
1238 858 1270 917 ·i·
1286 864 1390 935 porto,
1412 855 1483 919 iutlc

186 958 368 1036 gerundiuus
391 958 497 1019 modus
518 958 626 1021 dicitur
641 978 656 1019 a
672 959 820 1037 gerendo,
844 958 973 1038 eoquod
997 956 1107 1038 aliquid
1131 966 1237 1036 portat.
1280 957 1384 1020 Portat
1403 960 1508 1019 cnimt

185 1060 242 1121 sub
264 1060 430 1122 litteratura
453 1062 542 1122 actiui
564 1062 715 1139 passiuum
738 1078 858 1121 seusam
875 1057 887 1141 ΙΙ
905 1056 966 1120 124
981 1058 1005 1141 ll.
1041 1059 1113 1121 lude
1134 1057 1331 1137 Virgilius:

338 1178 515 1257 Frigidus
537 1180 572 1238 in
597 1180 717 1257 pratis
739 1178 923 1239 cantando
945 1179 1133 1257 rumpitur
1155 1179 1302 1256 anguis.

185 1297 349 1365 cantando,
381 1298 410 1358 ·i·
434 1296 504 1358 dum
532 1298 701 1356 incantatur
729 1295 900 1376 abaliquo.
945 1294 1041 1356 liabet
1063 1303 1093 1356 et
1114 1297 1246 1357 actiuum
1268 1312 1405 1367 mosum,
1434 1307 1482 1360 ut:

590 1398 782 1459 Cantando
804 1405 841 1457 tu
863 1395 983 1466 illum,

187 1520 221 1560 ·s·
240 1503 388 1573 meruisti,
418 1503 447 1561 ·i·
471 1500 541 1562 dum
565 1508 711 1560 cantares.
756 1499 885 1578 Typicus
908 1498 1014 1561 modus
1036 1498 1153 1573 dicitur,
1179 1501 1208 1559 ·i·
1231 1500 1391 1578 figuratus,
1413 1502 1519 1581 qutru

185 1606 311 1682 ligurate
338 1611 436 1683 portat
463 1603 517 1663 sub
548 1601 712 1661 litteratura
740 1602 828 1661 actiui
857 1618 977 1662 sensum
1004 1602 1166 1679 passiuum.
1190 1602 1268 1662 sicut
1289 1600 1402 1663 dictum
1425 1610 1481 1664 est.

188 1706 331 1768 llicuntur
359 1712 388 1764 et
417 1703 629 1783 participialia,
665 1705 694 1763 ·i·
725 1703 887 1781 participiis
920 1702 1028 1763 similia
1061 1702 1151 1764 laturi
1185 1704 1328 1781 temporis
1360 1704 1481 1783 passiui.

185 1806 261 1877 Quid
286 1823 357 1883 crgo
380 1805 468 1865 distat
491 1807 567 1865 inter
591 1807 744 1884 partieipia
769 1813 798 1865 et
819 1803 1001 1881 gerundiua?
1045 1803 1107 1862 lloc
1129 1802 1232 1869 distat,
1255 1805 1338 1883 utria,
1363 1804 1482 1881 quando

185 1906 343 1983 gerrrndiui
373 1905 451 1965 modi
480 1913 564 1973 suut,
594 1908 759 1982 iunguntur
787 1908 902 1966 cunctis
925 1904 1085 1983 generibus
1107 1914 1137 1965 et
1159 1906 1291 1965 numeris
1313 1914 1344 1965 et
1367 1915 1483 1986 tempo·

187 2006 277 2076 ribus,
302 2009 353 2066 sed
377 2005 503 2068 eurrdenr
527 2025 628 2066 casum
652 2005 780 2075 trallunt,
804 2026 892 2086 quent
916 2015 945 2065 et
968 2005 1104 2073 ueritum,
1128 2024 1218 2083 aquo
1236 2016 1407 2076 nascantur,
1432 2016 1479 2069 ut:
1495 2022 1519 2063 ¹⁶

185 2113 283 2168 ‘causa
319 2105 434 2184 legendi
473 2107 582 2168 librum
616 2106 742 2175 lalroro',
779 2108 878 2168 ‘carisa
910 2108 1026 2186 legendi
1056 2110 1192 2186 paginam
1221 2107 1346 2176 laboro’,
1381 2112 1481 2170 ‘causa

185 2210 302 2288 legendi
330 2209 432 2271 ioliuru
458 2209 583 2270 tatoro’.
630 2209 705 2269 Ecce
728 2213 826 2270 ornuia
850 2228 975 2287 genera:
1005 2208 1143 2286 ‘legendo
1167 2209 1319 2288 Virgilium
1342 2214 1481 2290 paginam

185 2321 213 2372 et
246 2313 348 2372 lolium
377 2313 522 2391 prolicio',
552 2311 722 2387 ‘legendum
745 2312 922 2373 Martiauum
952 2319 1045 2371 artem
1074 2320 1103 2370 ct
1126 2311 1265 2371 uolumen
1288 2313 1401 2372 uenio’.
1446 2312 1482 2373 Et

183 2415 328 2492 significat
357 2416 579 2481 rrecessitateur,
609 2421 652 2472 ut:
682 2413 850 2490 ‘legendum
874 2421 917 2472 est
941 2412 1013 2471 milri
1038 2412 1089 2473 titt
1114 2412 1155 2473 illi
1181 2412 1269 2474 uoltis
1292 2413 1378 2474 uoltis
1399 2415 1481 2476 illis’.

183 2514 307 2585 Quando
331 2535 402 2575 nero
425 2516 582 2593 participia
605 2522 683 2581 sunt,
708 2533 774 2574 cunr
798 2516 859 2575 suis
882 2511 1042 2589 generibus
1065 2515 1197 2573 ιιιιιιιιϊί»1
1219 2514 1337 2575 casibus
1352 2518 1521 2593 lungun-ao

183 2625 244 2682 tur.
270 2626 314 2677 td:
343 2618 440 2677 ‘causa
465 2615 582 2693 legendi
606 2614 674 2674 liltri
700 2617 794 2673 ueui':
825 2635 895 2674 eece
918 2617 1082 2693 genitiuutu
1105 2635 1173 2676 cum
1197 2617 1343 2694 genilluo,
1367 2634 1481 2676 renascu-

184 2720 275 2779 lintnn
299 2738 365 2779 curu
390 2717 559 2787 masculino,
583 2714 763 2794 singularem
787 2736 854 2777 carm
877 2717 1028 2795 singulari,
1066 2718 1171 2777 ‘ileum
1189 2716 1331 2794 legendae
1346 2714 1480 2795 paginae.

184 2822 299 2898 legendi
328 2822 389 2881 lolii
418 2822 512 2887 ueni’‚
547 2818 684 2893 ‘legendo
714 2818 789 2877 libro
818 2821 941 2883 iusisto'.
978 2818 1132 2895 ‘legendae
1160 2821 1306 2897 pagiuae’‚
1341 2816 1482 2897 ‘legendo
1579 2871 1587 2886 .

184 2922 276 2989 lolio’,
307 2923 354 2980 ‘ad
385 2921 541 2998 legendum
567 2919 745 2996 Virgilium’,
774 2920 940 2997 ‘legentium
969 2920 1105 2998 paginam
1135 2928 1164 2979 et
1193 2918 1350 2996 legendum
1378 2919 1480 2981 lolium

184 3023 275 3081 nastri’.
321 3023 542 3081 l'risciauus
566 3040 638 3080 uero
661 3022 733 3081 llaec
758 3020 848 3080 uerba
872 3021 1034 3096 gerundiua
1058 3020 1131 3079 dixit
1154 3036 1218 3080 esse
1241 3022 1376 3090 uoudna,
1400 3022 1521 3099 quadan

184 3131 349 3199 septarataur
385 3123 634 3200 praepositionem
669 3124 830 3201 recipiunt,
866 3131 897 3181 ut
928 3123 969 3181 ‘iu
1003 3120 1219 3182 ‹tctrrucrteudo’
1254 3124 1295 3181 ‘in
1331 3121 1482 3200 legendo’.

186 3223 313 3283 Verluuu
337 3227 417 3284 eninr
442 3242 500 3283 nou
524 3223 642 3300 recipit.
670 3225 726 3284 uisi
750 3243 802 3303 per
825 3225 1083 3300 compositionem.
1129 3223 1191 3283 lluo
1215 3223 1347 3284 membra
1370 3243 1482 3303 gertru-

185 3326 247 3385 diui
271 3326 350 3386 enodi
381 3326 476 3386 adhue
500 3334 721 3393 reinansernnt
746 3325 853 3385 lectum
881 3327 973 3394 lectu,
999 3334 1027 3383 et.
1050 3326 1146 3384 locum
1171 3327 1346 3402 significant.
1393 3326 1483 3388 Verbi

183 3431 293 3503 gratia:
323 3430 393 3507 ‘quo
417 3429 553 3508 pergisl'
582 3425 725 3500 ‘lectum’,
760 3429 788 3486 ·i·
820 3427 854 3487 ad
884 3427 1050 3488 lectionem.
1097 3426 1191 3487 ‘Vnde
1215 3430 1339 3488 uenis'l'
1366 3428 1481 3497 ‘lectu'.

185 3533 213 3588 ·i·
238 3530 273 3588 de
298 3528 435 3590 lectione.
474 3529 597 3589 Ponitur
620 3537 648 3588 et
671 3547 725 3609 pro
748 3531 810 3606 ipsa
828 3547 874 3597 rc,
901 3532 930 3589 ·i·
955 3547 1009 3607 pro
1031 3532 1094 3607 ipsa
1118 3530 1242 3600 uisione,
1265 3527 1370 3612 sicutll
1389 3526 1452 3594 125
1467 3530 1480 3601 li
1494 3549 1523 3588 ao

183 3629 379 3690 ‘arlndrabilis
402 3632 479 3691 uisu’
504 3649 559 3708 pro
583 3631 706 3689 uisione.
733 3664 770 3673 —
795 3631 890 3691 Omne
913 3632 1102 3710 participium
1125 3648 1267 3710 praesens
1282 3633 1373 3693 trium
1390 3650 1483 3711 geue·

184 3750 249 3789 rura
274 3740 318 3790 est
340 3740 369 3789 et
392 3732 420 3790 iu
443 3731 516 3790 eluas
538 3739 737 3791 consonantes
759 3732 876 3798 desiuit,
901 3734 931 3790 ·i·
957 3734 985 3791 iu
1010 3750 1053 3791 us,
1098 3732 1220 3812 lleliqua
1237 3751 1309 3793 uero
1326 3735 1482 3813 participia

82 3845 128 3890 ³⁶¹.
146 3830 303 3891 ¹=trnoltilia
332 3840 414 3897 suut,
444 3833 473 3890 iu
502 3850 536 3890 us
563 3832 593 3890 iu
623 3851 638 3890 a
668 3833 697 3892 in
725 3852 783 3893 uun
807 3870 848 3878 —
872 3833 998 3910 legor,
1024 3850 1079 3909 ego
1101 3833 1138 3893 alt
1161 3833 1273 3914 aliquo,
1298 3843 1328 3894 et
1354 3834 1480 3915 reliqua.

186 3932 310 3993 Vlterior
339 3932 444 3993 modus
473 3931 597 4001 elicitur,
627 3954 662 3994 eo
689 3935 766 4014 quod
791 3935 855 4013 plus
884 3935 958 3995 ultra
982 3939 1176 4013 praeteritum
1200 3936 1364 4014 perlectum
1387 3938 1481 4014 sigui·

183 4036 258 4094 licat.
311 4034 383 4095 Nam
412 4036 605 4114 praeteritum
634 4037 799 4115 perlectum
830 4054 887 4095 uon
916 4056 950 4095 ex
980 4046 1041 4097 toto
1070 4045 1116 4098 est
1145 4038 1352 4117 praeteritum:
1389 4037 1519 4101 nabere

183 4139 261 4196 euim
285 4139 376 4196 ‘suin'
400 4140 566 4216 praesentis
587 4139 740 4217 temporis.
786 4139 912 4198 Vltorior
933 4157 1006 4198 uero
1030 4139 1135 4199 modus
1156 4141 1214 4199 iam
1237 4138 1296 4199 duo
1318 4141 1480 4217 praeterita

184 4236 285 4305 lraltet,
316 4247 347 4297 ut
376 4239 471 4298 lectus
499 4240 549 4299 ini.
595 4238 754 4299 Sciendum
782 4247 841 4307 est,
871 4241 938 4316 tudo
962 4243 1060 4300 omnin
1086 4240 1176 4300 uerba
1201 4242 1230 4299 iu
1254 4259 1288 4299 or
1310 4240 1480 4303 desinentia

183 4340 211 4398 in
236 4342 395 4419 praeterito
419 4341 568 4408 «loticiani,
597 4341 647 4400 sed
672 4342 821 4420 accipiunt
842 4338 1080 4420 strpplementnm
1105 4361 1120 4401 a
1144 4342 1301 4422 partieipia
1323 4343 1479 4418 praeteriti

250 4624 422 4692 til'irgilius]
443 4627 499 4676 Eel.
523 4627 598 4676 VIII
619 4631 649 4677 71
719 4625 1192 4694 ilCantnacloJVerp.Ecl.11125
1262 4627 1478 4698 tausinanum]

182 4694 311 4758 Carpellam
328 4696 433 4749 scilicet.
502 4697 534 4745 ‘22
553 4697 691 4761 singularis
760 4698 793 4747 25
810 4695 969 4762 Priscianus]
989 4700 1023 4761 cs.
1043 4699 1060 4749 1
1075 4716 1102 4764 p.
1123 4702 1184 4762 413,
1204 4702 1235 4749 Id
1255 4699 1289 4748 II.
1359 4700 1393 4750 34
1411 4701 1478 4752 For-

181 4762 439 4883 tansssreltzcridendron:
465 4777 496 4812 eo
515 4764 581 4826 quood
603 4764 667 4814 ultra
686 4765 752 4815 idest
769 4765 827 4830 plus
846 4780 922 4828 quam
943 4769 1105 4832 praeteritum
1123 4767 1264 4834 perlectum
1281 4765 1411 4834 siguificat

233 4845 249 4878 u
285 4844 323 4880 rro
