3382 5476
196 387 300 435 ccxlv
503 371 552 421 DE
570 368 724 449 Ivntnuo
739 366 934 418 Tonnunuo
953 360 1194 418 GRAMMATICO

276 556 289 642 ll
313 559 333 620 l.
357 555 452 639 83¹1?
475 559 549 619 Sunt
571 557 626 618 alia
649 556 842 636 homonyma,
871 574 945 634 quae
974 573 1030 616 una
1060 553 1257 634 appellatione
1285 552 1368 631 plura
1391 554 1480 632 signi-

192 647 295 716 llcant,
323 651 356 704 ot
383 661 475 723 nepos
503 646 583 705 acies
611 643 699 704 aries.
726 641 846 712 -Quare
876 641 1013 701 dicontur
1041 639 1237 720 homonyma?
1281 638 1322 698 Eo
1344 640 1422 718 quod
1452 641 1480 698 in

192 748 251 791 uno
273 731 394 790 nomine
417 727 531 808 plurem
555 726 682 788 habeant
710 726 965 804 significationem.
1010 725 1108 804 Nepos
1130 725 1277 803 quomodo
1305 732 1350 785 est
1379 725 1482 784 homo·

192 815 332 896 npmum?
376 812 473 891 Nepos
496 813 603 873 dicitur
624 810 702 873 silius
724 811 774 871 lilii
798 819 827 872 et
848 828 941 888 nepos
963 811 1070 870 dicitur
1086 810 1229 888 prodigus
1244 808 1291 870 uel
1308 807 1482 877 luxoriosus

192 900 243 978 qui
266 898 341 959 male
364 899 494 959 uiuendo
516 916 598 958 suam
621 896 815 958 substantiam
832 895 1001 956 'defraudat
1040 896 1080 956 [la
1103 897 1165 956 eius
1187 893 1363 974 exemplum.
1408 895 1509 955 Dici-s

192 994 239 1046 tur
263 992 292 1044 et
320 992 512 1061 consumptor
539 1000 647 1061 nepos,
677 982 727 1061 qui
755 999 878 1041 auorum
908 989 939 1041 et
966 982 1135 1059 parentium
1163 979 1288 1040 deuorat
1315 985 1425 1040 terram
1453 981 1483 1039 in

192 1086 276 1130 ruore
299 1069 422 1145 scorpii,
446 1067 494 1147 qui
517 1066 663 1127 deuorant
684 1075 804 1127 terram.
850 1066 965 1145 Scorpii
987 1067 1065 1125 enim
1089 1083 1163 1125 uxor
1186 1083 1261 1143 nepa
1285 1064 1361 1124 dicta
1385 1073 1444 1132 est,
1468 1082 1484 1123 a

193 1172 252 1233 quo
276 1160 398 1230 nepotes
421 1161 530 1213 terram
554 1151 742 1212 decorantes.
787 1151 921 1211 Cicero
943 1153 978 1210 in
1002 1149 1213 1211 Catilinam:
1243 1149 1344 1228 ‘quis
1366 1167 1484 1227 ganeo

192 1248 257 1301 aut
295 1240 376 1317 quis
410 1241 555 1315 nepos’.
610 1237 694 1297 tetes
728 1235 875 1315 quomodo
909 1244 954 1296 est
987 1234 1214 1314 homonymum?
1264 1236 1349 1294 Acies
1376 1233 1485 1307 dicitur

194 1324 350 1393 exercitus,
374 1325 452 1382 acies
476 1321 639 1389 oculorum,
663 1322 741 1382 acies
764 1322 844 1381 ferri.
890 1320 928 1380 [la
952 1318 1119 1397 exemplum
1142 1320 1297 1381 exercitus.
1500 1334 1524 1371 ιο

368 1424 463 1484 ilinc
485 1425 585 1485 acies
608 1431 720 1503 atque
742 1422 827 1483 hinc
849 1423 950 1483 acies
972 1421 1123 1483 adstare
1146 1421 1312 1481 Latinas.

201 1512 241 1573 Da
258 1512 342 1572 lerri.

486 1594 564 1655 Stat
585 1594 680 1654 ferri
703 1594 807 1653 acies
831 1609 1005 1653 mucrone
1029 1609 1197 1653 corusco.

194 1681 236 1742 lla
259 1679 422 1740 oculorum.

290 1765 367 1825 lluc
390 1764 554 1841 geminas
577 1779 673 1823 nunc
696 1760 810 1822 flecte
832 1763 948 1831 acies,
972 1762 1064 1823 hanc
1086 1762 1213 1841 aspice
1236 1770 1389 1840 gentem.
1504 1775 1527 1813 15

199 1868 283 1927 Aries
305 1865 452 1945 quomodo
480 1871 524 1924 est
552 1863 780 1944 homonymum?
823 1867 906 1924 Aries
935 1863 1040 1923 dicitur
1070 1881 1179 1924 ueruex
1209 1872 1239 1923 et
1265 1864 1343 1923 arios
1370 1862 1488 1936 dicitur,

201 1951 278 2028 qood
301 1968 397 2027 genus
421 1956 464 2008 est
486 1948 724 2017 machinamenti,
750 1947 826 2008 unde
849 1965 950 2008 murus
972 1956 1165 2026 expugnatur.

282 2117 295 2202 ll
319 2118 339 2179 l.
362 2115 452 2198 84¹³ss
474 2118 553 2178 lnter
575 2125 681 2198 quotus
711 2124 741 2177 et
768 2125 846 2178 totus
875 2123 920 2177 est
947 2115 1042 2193 aliqua
1072 2117 1211 2177 discretio
1240 2135 1275 2177 an
1304 2119 1382 2178 non?
1427 2119 1488 2179 Est.

197 2204 371 2277 Quomodo?
415 2204 507 2264 Totus
529 2210 558 2262 et
580 2201 616 2261 ad
640 2201 774 2262 ordinem
797 2204 926 2282 pertinet
948 2208 976 2262 et
997 2202 1032 2263 ad
1056 2220 1229 2270 nnmerum,
1253 2213 1361 2282 quotus
1383 2202 1419 2264 ad
1442 2224 1489 2263 or-

198 2292 297 2351 dinem
318 2298 442 2350 tantum.
489 2287 660 2358 Quomodo?
703 2286 775 2348 Puta
798 2290 823 2348 si
846 2287 924 2348 dicat
952 2285 1069 2366 aliquis:
1101 2289 1234 2365 ‘quintos
1263 2296 1308 2348 cst
1330 2283 1439 2349 Vinclla
1461 2290 1530 2348 inno

201 2374 306 2436 ordine
329 2378 406 2443 suo’,
437 2373 502 2433 dico
526 2390 580 2451 ego
609 2389 755 2433 consensu
787 2373 877 2440 animi
905 2375 965 2433 mei
987 2373 1100 2442 ‘totus',
1129 2372 1205 2432 idest
1225 2374 1280 2432 ‘sic
1302 2376 1368 2432 est'.
1412 2373 1492 2444 Quot

200 2458 373 2520 naturaliter
396 2458 488 2519 breue
511 2468 570 2528 est,
594 2465 711 2536 quotus,
735 2458 812 2535 quod
836 2457 904 2517 inde
927 2457 1091 2527 descendit,
1121 2459 1266 2534 originem
1294 2466 1394 2518 seruat
1420 2476 1491 2518 suae

202 2543 435 2625 principalitatis.
481 2542 536 2603 Tot
558 2541 651 2604 breue
676 2551 728 2611 est,
753 2551 839 2612 totus,
864 2543 942 2622 qrtod
965 2542 1034 2602 inde
1057 2543 1216 2610 descendit,
1240 2551 1333 2604 mutat
1347 2543 1489 2621 originem

200 2649 270 2690 suae
293 2627 526 2709 principalitatis,
550 2629 615 2707 quia
639 2627 759 2707 longum
783 2635 835 2687 est.
881 2628 921 2687 lla
946 2630 1008 2687 eius
1031 2627 1207 2706 exemplum.

412 2730 525 2791 Totus
548 2739 583 2791 et
604 2728 668 2790 ille
691 2731 771 2790 dies
795 2738 828 2789 et
851 2730 914 2809 qui
934 2738 1113 2789 nascetur
1135 2727 1177 2790 ab
1200 2726 1278 2788 illo.
1505 2744 1530 2781 aa

672 2931 720 2991 DE
743 2877 1017 2992 courthaltvo

290 3117 301 3199 ll
325 3120 346 3178 l.
370 3116 431 3179 85b
455 3116 465 3199 ll
483 3119 578 3198 Saepe
601 3128 699 3178 autern
722 3119 929 3197 conparatiuus
951 3119 1059 3195 gradus
1082 3121 1273 3197 praeponitur
1300 3120 1491 3198 superlatiuo

202 3213 234 3264 ut
256 3203 373 3264 stultior
396 3203 566 3263 stultissimo
589 3211 619 3262 et
640 3204 734 3262 maior
750 3204 886 3264 maximo.
923 3203 1095 3274 Quomodo?
1132 3204 1280 3275 Quantum
1296 3207 1331 3266 ad
1348 3208 1493 3268 rationem

201 3290 345 3369 pertinet.
376 3290 473 3348 iunior
496 3290 607 3349 seniori
627 3286 772 3367 praelerri
795 3306 853 3348 non
877 3287 979 3357 debet,
1011 3289 1061 3349 sed
1091 3291 1191 3350 inueni
1218 3299 1319 3351 eontra
1350 3290 1492 3369 regulam,

204 3373 256 3434 ubi
279 3375 489 3451 conparatiuus
510 3371 690 3452 superlatiuo
713 3380 921 3453 praeponatur.
966 3373 1006 3434 lla
1035 3375 1098 3434 eius
1121 3374 1297 3454 exemplum.
1341 3375 1532 3437 Tiburtiuso

202 3461 248 3520 uir
269 3457 486 3537 pulcherrimus
508 3476 642 3537 corpore,
666 3459 717 3519 sed
739 3458 895 3539 pulchrior
917 3467 1026 3520 mente.

288 3624 301 3708 ll
325 3629 345 3687 l.
369 3625 429 3687 86³
450 3623 464 3710 ll
484 3627 662 3705 Plerumque
685 3628 881 3707 superlatiuus
904 3646 958 3708 pro
982 3631 1107 3708 positiuo
1136 3631 1250 3710 positus
1279 3633 1376 3692 minus
1403 3634 1493 3710 signi·

204 3716 274 3774 sicat
296 3720 327 3772 et
348 3710 421 3772 nulli
444 3723 630 3792 conparatur,
655 3721 687 3773 ut
708 3713 839 3793 luppiter
861 3716 991 3792 optimus
1013 3716 1164 3775 maxianus.
1210 3714 1381 3784 Quomodo?
1419 3717 1495 3778 luatis

204 3796 367 3867 dicebatur,
398 3801 447 3876 qui
477 3799 635 3876 imperauit
657 3798 802 3859 omnibus.
853 3799 915 3859 illos
943 3809 1007 3860 erat
1034 3801 1174 3879 antiquis
1205 3809 1235 3859 ut
1263 3800 1332 3861 dum
1361 3809 1494 3862 mortuus

207 3883 311 3942 luisset
333 3901 435 3942 eorum
460 3884 608 3962 princeps,
632 3883 668 3943 ad
690 3883 912 3944 similitudinem
936 3886 999 3944 eius
1022 3886 1171 3963 erigerent
1192 3893 1325 3956 statuam,
1347 3894 1377 3947 et
1391 3888 1494 3948 adora·
1509 3901 1534 3940 ³5

205 4173 338 4234 explanat.
357 4171 382 4219 in
402 4172 527 4221 Donatum
544 4171 585 4220 tib.
605 4171 639 4220 II
655 4187 682 4235 p.
700 4172 761 4230 536,
775 4173 820 4218 28ι
840 4170 889 4218 ulia
908 4181 1015 4219 netrttern
1036 4183 1062 4219 ut
1080 4173 1163 4222 bimus
1182 4175 1285 4235 trimus,
1304 4178 1372 4240 qnod
1389 4193 1419 4227 eo
1437 4193 1496 4228 cou-

205 4239 313 4302 probnri
329 4239 437 4300 uidetur,
458 4241 526 4304 quod
542 4240 633 4288 nmilia
648 4239 716 4300 sere,
735 4254 766 4285 oo
784 4238 889 4302 Serpiue
905 4257 931 4302 p.
952 4243 1013 4289 535.
1032 4243 1097 4301 536,
1120 4242 1153 4290 de
1175 4244 1359 4305 cognominibus
1377 4247 1493 4308 tradidit,

207 4309 241 4368 rs.
261 4308 331 4368 infra
349 4309 385 4356 ad
401 4310 458 4357 u.8
510 4307 625 4354 octabam

276 4375 564 4439 lomonima,sernper
631 4373 763 4438 3plurarn
840 4375 946 4424 bsuom
965 4374 1038 4436 surim
1124 4378 1305 4427 hconsunttor
1373 4380 1498 4429 deuoront

207 4444 222 4491 8
237 4443 260 4488 iu
274 4442 397 4490 corrrileno
408 4444 465 4504 quis
479 4457 560 4505 ganea
613 4438 711 4505 Cicero]
731 4443 756 4490 r‘n
771 4440 844 4495 Catil.
858 4442 892 4491 II
903 4446 928 4504 4,
943 4448 965 4500 7,
983 4444 1018 4504 es.
1039 4445 1070 4493 de
1089 4451 1142 4496 toto
1159 4449 1214 4496 loco
1232 4444 1347 4512 [Sergii]
1365 4451 1497 4512 explanat.

206 4528 233 4573 p.
252 4513 313 4570 538,
334 4512 365 4557 10
381 4526 443 4573 sep,
463 4510 506 4559 obi
522 4509 621 4559 Ker'b'ue
639 4527 688 4559 non
707 4509 813 4559 detrabat
832 4511 921 4560 ‘dicit’
940 4517 999 4561 unte
1018 4512 1140 4564 ‘Cicero’
1159 4520 1281 4565 inserere.
1385 4518 1415 4565 ll
1435 4516 1498 4565 Hinc

208 4574 289 4641 arcies]
312 4576 390 4641 Verg.
410 4578 474 4626 Aen.
496 4577 590 4627 VIIII
607 4580 657 4626 550
727 4576 922 4645 lasanum]
946 4581 1025 4645 Verp.
1045 4582 1110 4631 Aen.
1133 4582 1239 4633 11333
1319 4584 1349 4633 15
1367 4583 1434 4632 horne
1452 4601 1496 4649 ge·
1577 4583 1580 4586 ⁴

209 4641 303 4711 miuus]
327 4645 404 4708 Verp.
424 4646 489 4694 Aen.
511 4645 553 4694 VI
570 4647 617 4694 789
669 4646 775 4709 aspicite
862 4648 893 4696 16
912 4649 1000 4697 ueruix
1088 4650 1118 4698 17
1137 4652 1319 4700 macetramenti
1354 4653 1393 4701 ne
1416 4653 1498 4702 ariete

209 4716 279 4775 opud
296 4713 409 4778 Sergium
427 4713 489 4762 nidi?
506 4715 633 4763 inuenitur
650 4715 754 4774 dictwn,
777 4731 858 4781 neque
880 4720 1034 4779 exemplum:
1064 4719 1149 4767 ‘Hinc
1166 4721 1250 4767 aelee’
1269 4719 1300 4768 ab
1318 4720 1360 4769 illo
1377 4721 1499 4783 adsertor

209 4782 242 4829 ‘20
259 4781 360 4829 Vinoilo
378 4777 436 4846 etc]
460 4781 536 4831 Recte
553 4782 630 4846 ipitur
647 4782 705 4831 midi
720 4784 810 4832 uideor
827 4801 853 4848 p.
871 4784 993 4834 CCXIII
1009 4788 1046 4835 23
1064 4788 1230 4835 ‘lancearios’
1249 4789 1386 4837 coniecisse
1465 4792 1496 4839 21

210 4847 279 4908 ‹purod
335 4852 366 4900 27
386 4864 447 4914 sepe
514 4848 782 4915 depraedantem.
802 4852 929 4916 praeferre
997 4855 1030 4904 32
1048 4870 1109 4918 pune
1127 4855 1239 4919 positiuo
1308 4858 1342 4906 33
1359 4857 1465 4920 inpetres
