3382 5476
770 363 960 416 scitantur.

219 547 256 608 Et
280 565 372 608 ιιιιιιιιι
397 547 523 610 uerbum
545 550 652 620 reicio,
674 558 706 610 ut

425 651 537 712 Reice
560 671 605 713 ne
626 651 787 714 maculis
809 655 972 716 infuscet
994 654 1141 718 uellera
1162 656 1290 737 pullis.

217 751 334 815 Omnes
357 753 579 814 interiectioncs
601 755 626 814 si
649 753 871 834 monosyllabae
893 758 1022 825 luerint,
1046 758 1260 837 producuntur,
1284 759 1413 827 nilion:
1436 770 1515 824 oete-

217 873 271 916 rae
296 873 369 914 uero
392 858 529 931 exemplo
545 855 685 917 similium
700 860 829 937 partium
845 861 986 920 orationis
1002 860 1202 920 aestimandae
1216 868 1294 921 sunt.
1330 861 1401 922 item
1426 864 1516 923 inter-

190 957 365 1015 siectioncs
381 974 494 1023 omtres,
518 964 549 1017 ut
564 957 748 1020 audacius
771 960 818 1029 ait,
835 979 912 1040 quac
927 960 964 1021 de
980 960 1094 1022 Graeco
1109 979 1247 1022 sermone
1264 965 1392 1024 mutuati
1405 983 1515 1035 sunaus,

217 1058 287 1120 ideo
309 1061 342 1119 in
363 1060 535 1120 nouissimis
557 1058 676 1139 syllabis
697 1062 847 1140 fastigium
863 1065 993 1143 capiunt,
1019 1072 1050 1124 ut
1067 1081 1160 1144 papae
1176 1071 1257 1126 attat
1302 1065 1414 1127 Eodem
1430 1066 1517 1127 modo

216 1170 249 1222 et
276 1156 397 1222 ceterae
425 1158 561 1221 similiter
589 1164 638 1222 nel
658 1170 779 1223 acutum
807 1162 855 1224 nel
884 1163 1108 1227 circumflexum
1139 1166 1170 1224 in
1199 1164 1301 1227 ultimo
1324 1177 1447 1230 sumunt
1468 1187 1515 1228 ac·

215 1271 349 1325 centum.

290 1539 301 1584 i
324 1550 401 1584 nuum
421 1551 467 1584 om.
486 1533 561 1584 Beda
616 1535 754 1584 atntntcet
773 1533 864 1584 uellera
884 1531 983 1602 puluis]
1007 1536 1314 1602 Verp.Georp.111³89
1382 1537 1515 1606 30mnes]

215 1605 261 1665 01.
282 1603 371 1653 Serm'i
388 1605 420 1652 de
435 1603 554 1665 finalibus
571 1620 597 1666 p.
615 1605 674 1664 455,
695 1608 778 1658 3—5,·
795 1602 872 1653 Beda
887 1621 915 1668 p.
935 1606 1007 1655 2363
1025 1605 1056 1656 Ρ.
1119 1616 1147 1653 nt
1166 1606 1228 1654 lreus
1247 1608 1422 1672 producuntur
1440 1608 1517 1659 Beda

270 1685 384 1722 ceterum
402 1671 524 1720 similium
592 1673 609 1722 4
627 1672 766 1721 estimande
781 1671 786 1736 Ι
802 1672 988 1722 existimandae
1006 1671 1083 1722 Beda
1155 1676 1171 1723 5
1190 1685 1217 1722 ιιι
1235 1675 1353 1725 enodatius
1372 1689 1467 1739 utque
1485 1677 1517 1726 de

213 1754 297 1805 greco
315 1753 435 1788 sermono
453 1739 541 1787 mutati
606 1736 746 1805 Audacius]
768 1741 884 1789 Audacia
901 1741 957 1789 eod.
976 1738 1057 1790 Bern.
1077 1743 1131 1791 336
1147 1757 1215 1791 saec.
1239 1742 1433 1807 V111-1xs.
1453 1747 1516 1794 45¹:

212 1808 410 1858 interiectiones
430 1821 518 1855 omncs
537 1808 596 1868 qrria
614 1808 646 1856 cle
663 1823 739 1872 greco
752 1822 870 1856 sermone
887 1809 993 1857 mnttrnti
1012 1823 1110 1866 snmns,
1130 1808 1187 1858 ideo
1201 1810 1225 1858 in
1246 1812 1392 1860 nouissimis
1410 1811 1515 1876 syllabis

212 1876 353 1941 fastigium
381 1877 486 1940 capiunt
512 1888 539 1922 nt
565 1891 631 1941 pape
652 1887 716 1924 attat
739 1876 787 1925 lroc
805 1875 862 1925 hem
880 1886 905 1925 et
922 1886 1002 1925 cetere
1025 1877 1140 1925 similiter
1159 1877 1197 1926 nel
1216 1888 1332 1928 aecntum
1352 1881 1390 1929 nel
1408 1882 1515 1929 circnm-

213 1944 316 1994 ilexnm
335 1946 360 1992 in
380 1942 469 1993 ultimo
487 1954 602 2002 sumunt,
621 1943 654 2006 cs.
674 1943 740 1993 Keil.
761 1944 851 1996 Herm.
872 1942 930 2006 lp.
946 1947 1003 1994 333
1071 1944 1226 2011 iiintiginnt
1242 1946 1347 2011 capiunt
1416 1963 1482 2014 pape

213 2008 272 2065 eod
290 2013 348 2062 mod
366 2023 391 2061 et
408 2005 451 2061 cei
468 2011 541 2061 simil
559 2011 597 2060 nel
615 2012 805 2060 circunrllexnm
901 2014 916 2062 'i
936 2013 976 2062 nel
999 2023 1101 2062 acutum
1125 2014 1164 2062 uel
1186 2014 1379 2064 circumllexnm
1397 2015 1473 2067 Beda
1490 2023 1515 2066 et

212 2085 277 2134 cod.
297 2081 417 2133 Annaeo.

307 2442 422 2500 Eadem
444 2441 539 2514 ipitnr
565 2456 625 2500 non
653 2441 714 2498 ntlri
727 2441 838 2516 paucis
864 2442 986 2500 mutatis
1014 2441 1100 2516 apud
1121 2440 1238 2500 Bedam
1257 2459 1290 2517 p.
1317 2447 1394 2499 2363
1415 2440 1450 2500 P.
1473 2442 1512 2500 ic-

208 2538 385 2620 ptmtnr.*)
432 2542 533 2616 ,deque
554 2550 653 2601 tomen
677 2541 781 2600 Bedoe
802 2539 900 2616 ipsius
921 2548 1098 2617 excerptum
1126 2544 1157 2601 in
1187 2542 1320 2602 omnibns
1347 2543 1406 2600 illis
1432 2543 1504 2600 eodi
1552 2551 1557 2560 ’

211 2647 302 2708 cibus
330 2645 481 2719 Serpiano
507 2645 585 2703 tiore
613 2644 762 2704 udt'ectnm
791 2661 853 2704 esse
875 2643 1063 2719 putabimus,
1098 2645 1240 2717 qnoniam
1268 2642 1387 2702 Bedam
1413 2642 1517 2703 Sentii

210 2746 318 2825 copiis
338 2745 493 2807 tuernme
514 2761 597 2805 nstin
620 2762 683 2805 esse
703 2752 838 2823 constat,
865 2747 947 2821 quod
966 2746 1083 2806 Keitins
1104 2761 1172 2805 cum
1194 2740 1333 2813 scidisset,
1360 2746 1392 2803 in
1419 2744 1513 2804 atino

214 2855 333 2912 tutione
353 2848 465 2910 critica
486 2849 628 2924 opusculo
649 2846 850 2918 detinentibus
871 2848 1003 2908 subiecta
1030 2844 1074 2905 ad
1094 2845 1197 2906 Seruii
1221 2847 1315 2906 uerba
1344 2847 1393 2905 uel
1416 2861 1513 2906 emen-

213 2953 326 3013 dando
347 2953 398 3010 ael
417 2950 603 3025 explicanda
624 2957 706 3009 recte
726 2949 843 3008 Bedam
865 2966 981 3024 quoqne
1002 2948 1147 3009 adtribuit.
1191 2949 1300 3024 Itaque
1321 2944 1458 3008 Adducis
1476 2949 1514 3008 de

215 3057 460 3117 interiectionem
486 3053 659 3112 accentibus
687 3053 860 3110 disserentis
887 3054 985 3125 iocus,
1021 3068 1108 3126 quem
1141 3069 1181 3111 eat
1209 3050 1297 3109 Beda
1330 3051 1514 3125 deprompsit

217 3160 336 3220 Kailios
359 3155 462 3214 Herm.
480 3155 500 3213 I
508 3172 540 3229 p.
559 3160 625 3227 333,
650 3171 710 3213 non
733 3154 776 3211 ud
793 3153 907 3212 Bedam
930 3155 1036 3228 msam,
1060 3155 1113 3212 sed
1135 3153 1178 3212 ad
1198 3154 1429 3212 commentarios
1443 3128 1512 3211 Sei-

212 3262 327 3336 pinnas
345 3261 349 3267 ’
359 3259 493 3332 pertinet
523 3256 640 3314 Bedam
673 3262 775 3315 aetate
800 3257 959 3329 aliquanto
987 3254 1207 3315 antecedentes.
1258 3253 1324 3313 Hoc
1352 3270 1426 3313 uero
1452 3270 1512 3314 non

213 3363 294 3422 tertis
314 3360 456 3419 momenti
474 3365 518 3417 est
538 3358 581 3416 ad
602 3356 737 3416 Adducis
758 3363 884 3416 aetatem
907 3357 1083 3417 accuratius
1104 3356 1317 3426 dctintendam.

217 3529 448 3539 *ψ’-

284 3647 311 3708 ¹⁸¹)
331 3644 433 3697 Corruit
450 3647 528 3710 igitur
541 3645 646 3693 brittiani
658 3643 769 3692 liuelleri
788 3643 867 3692 nostri
880 3644 995 3705 iniquum
1008 3643 1040 3690 de
1052 3640 1134 3691 Seruii
1148 3643 1191 3690 ‘de
1204 3642 1333 3691 llnalilnrs’
1348 3640 1432 3690 libello
1445 3641 1512 3689 indi-

214 3716 375 3778 rium‚quod
394 3715 570 3764 seltednlarnm
596 3713 684 3760 tlscina
706 3727 752 3758 sna
773 3727 809 3762 nr,
822 3709 871 3759 XX
890 3710 974 3764 annul.
995 3710 1114 3763 Fleckeis.
1135 3712 1200 3761 1866
1218 3727 1243 3774 p.
1254 3710 1304 3760 ont
1314 3726 1368 3773 seq.
1387 3710 1511 3768 excussit,

215 3785 354 3846 siqnidem,
373 3784 415 3844 qrti
435 3799 449 3831 a
469 3782 586 3831 ilnellero
606 3798 631 3845 p.
642 3782 692 3830 565
709 3780 821 3828 adfertur
839 3777 921 3828 Seruii
940 3779 1011 3827 locns
1030 3795 1055 3844 p.
1073 3780 1158 3842 totta
1178 3779 1206 3837 ll,
1227 3795 1276 3828 non
1296 3792 1320 3827 et
1337 3780 1369 3826 ab
1387 3778 1437 3826 isto
1456 3789 1512 3826 eta

216 3853 287 3903 Beda
305 3850 394 3902 eodem
414 3862 526 3916 ternpore
544 3864 576 3897 ex
595 3849 724 3897 Prisciano
742 3847 752 3894 i
772 3862 798 3912 p.
816 3849 865 3898 327
884 3848 913 3896 ll.
931 3846 1082 3912 desumptus
1101 3859 1152 3905 est,
1175 3847 1234 3908 ιμιὶιι
1254 3848 1278 3894 in
1299 3857 1367 3894 tanta
1386 3843 1469 3892 Seruii
1488 3857 1513 3893 et

217 3919 303 3971 nense
314 3919 480 3969 similitudine
489 3917 612 3967 Prisciani
631 3931 687 3965 oum
706 3917 762 3964 istis
775 3915 874 3964 dnobus
887 3915 1065 3979 cognationem
1079 3915 1172 3963 nnllam
1186 3930 1307 3978 agnosco.
1335 3914 1423 3974 ltaque
1436 3913 1511 3962 uelim

215 3998 355 4055 expromat
376 3986 464 4036 sedala
489 3987 527 4035 uir
549 3985 713 4035 doctissimus
736 3999 801 4045 quus
825 3984 931 4048 insuper
953 3982 1029 4032 lruins
1052 3982 1128 4032 libelli
1148 3983 1257 4032 atltetesi
1276 3982 1380 4031 notandi
1399 3981 1512 4030 rationes

216 4057 266 4106 sibi
286 4054 417 4104 inuenisse
435 4054 505 4103 uisus
524 4066 563 4102 est
580 4054 595 4101 1.
615 4054 633 4104 l.
651 4069 676 4119 p.
695 4054 753 4104 565.
791 4050 841 4099 Nos
865 4051 899 4100 de
922 4051 971 4099 hoc
994 4049 1076 4101 Seruii
1100 4050 1223 4116 opusculo
1248 4065 1298 4100 non
1323 4050 1395 4099 aliter
1414 4049 1511 4097 indica-

216 4140 291 4180 mus,
309 4137 386 4186 qnam
404 4122 435 4171 de
454 4123 557 4184 reliquis
576 4124 618 4184 qui
638 4121 722 4171 Seruii
740 4118 779 4168 uel
798 4118 881 4184 Sergii
900 4120 1003 4168 nomine
1022 4117 1232 4168 circumferuntur
1243 4118 1440 4178 commentariis,
1460 4130 1510 4164 non

215 4193 300 4258 ipsius
319 4192 351 4239 ud
365 4201 452 4239 nostra
470 4200 585 4256 tempora
602 4190 737 4238 deuenisse
755 4186 837 4236 Seruii
856 4198 1006 4253 praecepta,
1029 4188 1074 4236 sed
1093 4185 1216 4236 Seruiana
1233 4197 1258 4235 et
1270 4202 1285 4236 a
1297 4185 1430 4250 discipulis
1449 4185 1509 4233 olim

217 4260 290 4307 uarie
307 4259 424 4323 exposita
443 4269 466 4307 et
485 4275 498 4306 a
517 4259 687 4322 posteriorum
706 4267 815 4305 aetatum
829 4256 1003 4320 grammaticis
1015 4255 1098 4305 denno
1117 4265 1270 4321 pertractata
1288 4255 1388 4319 digesta
1406 4251 1509 4302 dilatata

214 4336 340 4378 confinio.
