3382 5476
571 382 609 432 m
627 381 712 434 nou.
730 381 859 432 innexa
874 381 1057 436 moncia.
1404 379 1469 444 ute

170 571 291 630 ‘tuma’
307 571 339 629 in
361 571 555 636 nominatiuo,
578 587 616 628 ne
632 568 761 629 uerbum
776 588 843 629 esse
857 578 995 648 putetur;
1020 579 1147 637 noemet,
1161 581 1294 628 uestrum
1311 567 1358 628 uel
1375 570 1467 628 uestri

171 689 233 731 non
255 671 380 749 recipiet
401 674 496 730 ‘met’.
540 668 639 738 illic,
663 689 699 730 cx
715 669 765 730 ille
780 669 890 737 ethim
913 673 1020 737 istic.
1045 689 1081 730 ex
1103 673 1160 730 iste
1181 680 1212 730 et
1233 669 1298 729 liic:
1320 672 1465 729 istasunt

169 771 313 833 aduffhia
342 771 409 831 loci
453 770 566 832 Illicine
594 789 630 830 ex
653 770 704 831 illc
725 781 756 830 et
782 771 881 831 hicine
908 790 964 849 pro
991 770 1108 831 illicne:
1143 770 1272 830 ‘illicine
1299 782 1346 831 est
1374 772 1467 830 inter

168 876 263 942 tuus’,
285 892 341 952 pro
362 871 472 932 illicne.
516 872 634 932 Isticine
655 871 694 931 ab
715 874 773 931 iste
794 882 824 932 et
847 873 960 939 hicine.
984 884 1017 932 ut
1037 875 1174 933 ‘istisine
1196 883 1255 941 est,
1278 872 1316 932 de
1338 889 1398 949 quo
1419 872 1465 932 di·

140 977 241 1036 sxisti
263 973 359 1047 mihi’,
382 992 437 1053 pro
459 975 577 1033 isticue.
620 974 725 1035 Hicine
747 992 803 1052 pro
825 974 927 1043 hicne,
957 976 1034 1034 siem
1055 975 1093 1033 in
1116 973 1251 1051 Regum
1274 972 1372 1032 libro
1393 972 1464 1050 legi·

167 1086 235 1138 tur:
270 1075 404 1136 Hicine
432 1084 489 1135 est
516 1077 578 1153 qui
606 1073 826 1152 ingreditur
855 1086 1021 1136 nostram
1048 1075 1209 1141 domum,
1230 1092 1287 1153 pro
1308 1073 1411 1141 hicne,
1434 1085 1465 1133 et

166 1180 278 1245 sicine,
306 1179 383 1237 siem
405 1187 451 1237 est
471 1175 559 1236 illud:
596 1177 726 1236 Sicine
749 1194 814 1236 nos
836 1186 992 1254 separat
1013 1195 1134 1237 amara
1158 1193 1271 1242 mors,
1294 1194 1351 1254 pro
1371 1178 1464 1244 sicne,

177 1276 264 1361 Ι116
286 1280 292 1357 Ι
315 1281 490 1339 etiterum:
513 1277 676 1337 Haecine
698 1275 827 1336 reddis
849 1277 998 1338 domiuo
1019 1297 1076 1356 pro
1091 1277 1214 1338 hamane.
1245 1276 1360 1345 idem.
1382 1295 1464 1337 com·

166 1382 299 1462 positum
321 1388 426 1440 estex
448 1380 497 1438 ‘is’
519 1387 550 1438 et
571 1377 715 1439 ‘demum’
738 1378 817 1458 quod
840 1382 872 1438 in
895 1379 1059 1440 masculino
1079 1397 1192 1457 genere
1212 1377 1398 1457 producitur,
1415 1388 1464 1438 ut:

127 1500 155 1540 ie
297 1480 388 1540 Viuo
410 1481 579 1541 nocendo
601 1480 763 1560 quidem,
786 1480 850 1540 sed
873 1499 926 1540 me
948 1490 1073 1542 manet
1093 1483 1217 1541 exitus
1239 1478 1343 1540 idem.

166 1584 205 1645 Et
227 1587 352 1644 iterum:

295 1684 393 1744 idem
415 1701 516 1744 amor
537 1684 692 1745 exitium
713 1686 845 1762 pecori
867 1685 1095 1764 pecorisque
1116 1684 1309 1760 magistro.

166 1787 201 1848 ln
224 1794 333 1846 neutro
353 1804 428 1845 uero
448 1787 619 1866 corripitur,
642 1794 690 1845 ut:

296 1887 403 1947 Esset
423 1905 488 1966 par
509 1895 612 1946 aetas
631 1896 667 1946 ct
687 1885 782 1946 idem
805 1889 836 1947 si
858 1887 977 1948 robur
999 1889 1034 1948 in
1057 1889 1187 1955 armis,

128 1998 214 2050 met:
294 1987 451 2049 Hortale
472 2006 608 2067 corpus
628 1988 726 2048 idem
748 1987 957 2049 immortale
974 1997 1162 2084 resurget

706 2208 755 2268 DE
778 2206 910 2270 VERBO.

255 2326 288 2387 D.
305 2327 462 2387 Verbum
485 2325 573 2406 quid
596 2328 671 2387 esti
701 2325 840 2396 Verbum,
863 2326 942 2406 quod
965 2327 1079 2388 Graece
1101 2324 1190 2407 ῥῆμα
1212 2327 1331 2396 dicitur,
1355 2346 1371 2388 a
1394 2345 1464 2388 uer·
1477 2335 1572 2388 ow

166 2428 317 2497 iterando,
342 2430 372 2487 ·i·
387 2447 404 2488 a
419 2427 555 2488 feriendo
576 2427 700 2494 dicitur,
724 2447 760 2486 eo
775 2428 853 2506 quod
875 2428 1037 2489 uerberato
1059 2447 1129 2489 aere
1151 2427 1323 2509 plectroque
1346 2427 1464 2507 lingone

166 2531 323 2592 iormctur.
368 2532 426 2590 Aer
448 2530 526 2588 enim
549 2530 627 2589 intra
650 2537 732 2607 septa
755 2531 817 2588 oris
838 2528 952 2608 plectro
974 2528 1094 2607 linguae
1120 2532 1161 2588 ·i·
1184 2529 1372 2591 reuolutione
1394 2547 1463 2608 per·

126 2633 280 2693 mentitur
302 2639 332 2690 et
353 2630 447 2691 uerba
468 2632 651 2698 formentum
675 2629 723 2690 uel
745 2629 910 2691 secundum
932 2634 981 2692 Au
988 2632 1181 2708 goslinum
1204 2630 1330 2692 uerbum
1353 2631 1464 2692 dicitur

167 2752 184 2794 a
208 2751 282 2793 uere
304 2731 433 2805 boando,
458 2734 517 2791 ·i·a
542 2750 613 2792 uere
635 2731 777 2791 sonando.
822 2730 906 2800 Quod
929 2734 955 2792 si
977 2733 1017 2792 ita
1040 2740 1099 2799 est,
1122 2734 1222 2793 omnia
1244 2751 1316 2794 uera
1337 2732 1463 2793 dicenda

168 2844 238 2896 sunt
260 2832 364 2895 uerba.
408 2833 568 2894 Sciendum
592 2842 651 2900 est,
675 2832 754 2911 quod
771 2851 876 2893 omncs
891 2842 992 2913 partes
1007 2832 1125 2894 ‘uerba'
1141 2833 1200 2893 dici
1215 2843 1347 2913 possunt
1371 2833 1462 2895 Verbi

166 2937 276 3015 gratie:
298 2933 441 2995 ‘Verbum
464 2933 535 2994 iecit
557 2933 645 2994 hodie
667 2935 772 2996 consul
794 2934 831 2994 ad
852 2935 1020 3015 populum’,
1043 2953 1111 2996 cum
1129 2954 1189 2996 non
1211 2935 1249 2997 de
1271 2936 1373 2998 uerbis
1393 2935 1465 2997 solis

165 3039 224 3099 luit
244 3037 372 3098 locutus.
416 3034 474 3095 Sed
503 3035 577 3094 hacc
604 3053 673 3113 pars
701 3036 759 3096 hoc
786 3053 896 3097 nomen
918 3036 975 3098 sibi
997 3038 1119 3117 proprie
1144 3037 1290 3117 posidet,
1319 3056 1356 3098 eo
1384 3038 1463 3116 quod

126 3138 290 3218 indignior
317 3139 357 3198 sit
382 3136 448 3197 aliis
470 3146 499 3197 et
520 3135 697 3216 prolixiores
724 3137 815 3198 habet
842 3138 1058 3200 declarationes
1080 3148 1110 3199 et
1131 3141 1162 3200 in
1185 3148 1285 3200 nostra
1313 3139 1463 3203 locutione

166 3241 358 3319 frequentius
380 3239 514 3316 ponitur,
539 3246 571 3298 ut
592 3246 638 3299 est
659 3237 748 3298 illud:
783 3242 838 3299 ‘eo
861 3239 898 3299 ad
920 3239 1017 3301 iorum
1040 3249 1070 3301 et
1092 3239 1160 3301 uolo
1183 3240 1287 3301 uidere
1309 3242 1462 3302 amicum!

167 3341 205 3402 11.
221 3341 312 3402 Pars
327 3340 528 3409 orationis,
546 3342 577 3399 ·i·
593 3358 651 3400 una
672 3343 788 3420 species
803 3341 980 3401 Latinitatis.
1026 3341 1111 3401 Cum
1134 3351 1300 3422 tempore
1321 3350 1357 3402 et
1376 3360 1461 3422 per·

166 3460 269 3504 sona.
306 3440 387 3500 Haec
402 3439 460 3501 duo
479 3459 598 3520 semper
612 3444 808 3503 inueniuntur
829 3444 859 3501 in
883 3442 987 3504 uerbo.
1031 3441 1162 3522 Tempus
1184 3446 1264 3504 enim
1286 3442 1338 3503 uhi
1360 3444 1461 3511 luerit.

165 3542 279 3605 ibidem
303 3550 333 3602 et
355 3559 497 3621 persona,
526 3550 560 3602 ut
586 3541 653 3622 lego
682 3561 826 3623 praesens
854 3555 972 3621 tempus
1000 3552 1046 3604 est
1068 3553 1097 3604 et
1118 3545 1214 3624 prima
1236 3563 1380 3625 persona,
1403 3543 1463 3623 legi

124 3646 364 3726 sopraeteritum
388 3653 417 3704 et
438 3645 533 3723 prima
555 3663 683 3723 persona
706 3654 736 3705 et
758 3645 825 3707 ideo
846 3664 938 3706 unum
962 3648 1027 3708 sine
1049 3648 1144 3707 altero
1165 3665 1225 3708 non
1242 3649 1393 3709 nucnitur.
1430 3647 1463 3707 Si

167 3755 266 3808 autem
289 3762 416 3825 persona
444 3745 584 3815 deluerit,
616 3745 740 3807 uerbum
769 3747 916 3826 redigitur
937 3749 968 3808 in
996 3751 1200 3829 participium,
1228 3759 1363 3828 tempore
1389 3767 1463 3809 uero

168 3846 268 3908 ablato
283 3865 339 3927 pro
355 3847 475 3908 nomine
490 3855 617 3927 putetur.
649 3848 740 3910 Sine
762 3866 858 3910 casu.
891 3849 972 3911 Bene
992 3850 1067 3911 dixit
1081 3851 1160 3911 ‘sine
1176 3856 1269 3922 casu‘‚
1292 3853 1361 3931 quia
1382 3853 1461 3930 qui-

167 3949 248 4010 dam
270 3946 432 4009 uoluerunt
446 3968 533 4010 casus
555 3968 620 4011 esse
643 3952 674 4011 in
697 3951 792 4013 uerbo
814 3953 845 4012 in
859 3952 1014 4014 inlinitiuis
1029 3952 1134 4022 modis,
1158 3953 1238 4013 unde
1253 3960 1283 4012 et
1297 3951 1461 4012 Persius:

168 4050 280 4112 Scire
303 4057 402 4110 tuum
425 4049 520 4110 nihil
543 4059 599 4111 est
621 4054 694 4113 nisi
717 4062 751 4114 te
773 4054 874 4114 scire
896 4054 965 4115 hoc
987 4057 1082 4116 sciat
1103 4055 1214 4123 alter,
1239 4056 1270 4113 ·i·
1293 4061 1342 4113 tua
1365 4053 1461 4112 scicn-

124 4153 209 4212 sstia
225 4148 238 4233 Ι
259 4147 318 4210 117
336 4147 365 4229 ΙΙ,
389 4152 469 4211 etin
485 4151 702 4231 Euangelio:
726 4143 771 4216 lla
794 4156 883 4217 mihi
906 4156 1054 4223 bibere.
1078 4157 1107 4215 ·i·
1124 4164 1241 4235 potum,
1257 4153 1335 4234 quod
1348 4152 1462 4215 Graece

167 4252 279 4314 dicitur
301 4247 360 4323 δός
379 4270 437 4330 μοι
457 4259 558 4318 πιεῖν.
602 4255 704 4315 Hoetu
725 4263 825 4318 autem
849 4256 953 4318 bibere
980 4259 1141 4335 significat;
1170 4257 1240 4316 hinc
1267 4255 1371 4334 pitisso
1397 4255 1462 4313 siue

167 4362 240 4434 poto
262 4352 380 4414 dicitur.
425 4352 482 4413 Sed
506 4353 636 4416 Donatus
658 4357 739 4418 ‘sine
762 4361 850 4420 casu’
873 4359 956 4429 dixit,
978 4359 1127 4438 quiahoc
1149 4377 1209 4419 non
1231 4357 1349 4436 recipit
1393 4357 1546 4416 Aut³⁵⁸‚⁵

236 4574 296 4623 Set
312 4572 393 4621 sicine
409 4568 487 4636 sicut]
506 4584 531 4622 et
547 4575 613 4624 sicut
630 4576 710 4625 sicine
728 4587 755 4625 ut
853 4581 885 4629 10
903 4581 963 4628 uiuo
982 4579 1098 4628 nocendo
1116 4576 1177 4644 etc]
1198 4576 1354 4641 designetis
1371 4589 1461 4624 serm

166 4656 224 4693 etse
235 4641 338 4691 uidem
407 4641 438 4688 12
455 4639 521 4689 ldem
535 4639 619 4709 amor]
636 4643 715 4708 Verp.
727 4644 784 4694 Ecl.
798 4645 849 4695 111
860 4649 908 4694 101
979 4649 1010 4696 14
1023 4647 1098 4696 Esset
1109 4645 1167 4714 pur]
1185 4648 1263 4709 Very.
1275 4644 1342 4693 Aeo.
1355 4642 1398 4691 XI
1410 4643 1461 4690 171

167 4711 201 4760 17
219 4721 296 4774 grece
363 4709 397 4756 20
414 4709 599 4774 Augustinum]
618 4713 684 4774 Aup.
704 4713 766 4761 dict.
783 4728 810 4776 ρ.
824 4717 849 4776 9,
863 4717 898 4763 13
916 4715 957 4764 ed.
970 4713 1108 4778 Creeelius,
1126 4715 1162 4778 cs.
1181 4715 1218 4766 11.
1236 4713 1304 4761 Keil
1321 4726 1380 4758 uon.
1398 4710 1460 4772 Wl-

165 4775 256 4829 ruer.
275 4776 343 4824 185⁹
358 4790 385 4838 p.
398 4777 448 4824 155
515 4778 548 4827 23
564 4775 667 4842 consul]
685 4777 732 4829 coi
779 4782 812 4830 33
831 4780 914 4830 modis
965 4780 1080 4848 Persius]
1098 4782 1229 4833 811117
1279 4780 1313 4828 35
1330 4779 1355 4826 iu
1374 4777 1461 4826 Euan·

165 4841 249 4914 gello]
269 4842 328 4894 lot.
347 4841 393 4890 IV
409 4845 425 4888 7
492 4859 566 4908 grece
632 4849 665 4897 36
682 4847 730 4897 dos
749 4861 792 4896 mu
809 4849 864 4913 pin.
881 4848 928 4898 Pin
945 4860 1028 4898 autem
