3382 5476
570 385 610 439 nt
627 388 857 440 DON.AR‘1¹EU
876 386 1057 443 HAIOREll.
1401 386 1465 454 23¹1

174 586 322 646 neutra,
345 586 384 638 nt
405 575 569 656 pelagus.
614 575 765 655 ‘Pelagus’
787 577 899 638 dicitur
920 576 1101 657 nunninus
1116 595 1201 639 mare
1214 576 1264 637 uel
1280 577 1466 657 protundttas

173 697 267 758 aquae
292 679 303 760 l·
322 674 423 758 1591:
469 677 605 755 ‘Vulgus’
627 678 737 738 dieitur
758 681 927 759 promiscua
950 678 1107 739 multitudo
1129 679 1298 748 hominum,
1322 678 1378 739 hoe
1400 679 1465 740 nul·

172 797 243 858 gns,
276 780 328 839 sed
358 778 544 856 Virgilius
573 780 738 841 masculino
767 798 879 857 genere
908 779 1041 860 pmtulit.
1091 781 1183 841 Sunt
1214 779 1270 840 alia
1303 779 1567 843 alteriussm

172 883 324 958 generis
346 883 377 940 in
399 879 602 957 singularitate
630 889 661 940 et
682 880 806 941 alterins
830 884 861 941 in
883 880 1068 962 pluralitate,
1097 892 1129 942 ut
1155 881 1213 941 hoc
1241 879 1413 942 balneum
1435 891 1565 943 etcum

145 982 228 1043 §hae
251 981 387 1052 hainae,
418 992 448 1042 et
469 982 577 1042 dicitur
599 981 737 1042 mineum
758 974 826 1041 ἀπὸ
845 979 908 1042 τοῦ
927 978 1070 1061 βάλλειν
1090 977 1173 1042 νόον
1194 984 1215 1042 i·
1238 1000 1255 1042 a
1277 985 1465 1044 recreatione

171 1086 290 1144 mentis.
335 1083 390 1143 llic
411 1082 609 1154 Tartarus,
632 1083 662 1143 lri
684 1082 801 1144 Tartari
823 1092 854 1143 et
876 1083 950 1144 haec
970 1083 1110 1151 Tartara,
1139 1094 1169 1144 et
1191 1082 1302 1144 dicitur
1322 1084 1466 1146 Tartarus

170 1179 240 1244 α’κό
266 1185 327 1244 τοῦ
355 1183 563 1263 ταρταρίζειν
585 1187 604 1244 i·
629 1203 646 1245 a
668 1196 799 1246 tremore
827 1184 877 1244 nel
899 1185 1083 1247 mnlnsione.
1126 1184 1189 1244 lice
1214 1185 1360 1245 caelum
1382 1195 1414 1245 et
1434 1185 1464 1245 hi
1518 1252 1531 1259 ,

171 1286 261 1355 caeli,
284 1296 314 1346 et
336 1285 446 1346 dieitur
467 1306 483 1346 a
506 1285 648 1346 caelando
670 1288 691 1345 i·
707 1284 869 1366 pingendo.
914 1285 1061 1347 ‘Caelare’
1076 1286 1155 1346 eninr
1177 1285 1308 1347 dicimus
1328 1289 1463 1366 pingere,

170 1387 240 1447 inde
262 1396 293 1447 et
314 1385 429 1447 caelum
451 1388 578 1448 dicimus
599 1406 655 1466 per
676 1405 712 1447 ae
732 1387 951 1467 diphthongon,
975 1406 1011 1447 eo
1025 1387 1104 1466 quod
1126 1386 1221 1447 stellis
1242 1389 1281 1447 sit
1301 1387 1463 1467 depictum,

133 1499 159 1538 ¹⁰
171 1498 202 1548 ct
216 1487 359 1549 ‘caelum'
375 1498 501 1550 uocatur
515 1490 629 1550 terrum
645 1487 732 1557 illud,
756 1507 791 1548 ex
814 1507 874 1570 quc
896 1489 1025 1549 artifices
1039 1488 1185 1577 sculpunt.
1218 1487 1280 1548 lloc
1302 1507 1462 1568 porrum.

170 1589 296 1650 Portum
319 1590 427 1651 dicitnr
450 1591 612 1669 uirgultum
633 1592 654 1649 i·
679 1589 788 1659 herba,
817 1591 848 1650 hi
871 1591 970 1670 porri,
998 1599 1028 1650 et
1048 1590 1158 1650 dicitur
1187 1608 1310 1669 portum
1333 1609 1350 1650 a
1372 1609 1464 1670 porro

169 1693 189 1750 i·
214 1711 230 1750 a
259 1691 443 1769 longitndine
470 1710 534 1752 sua.
584 1691 647 1751 lloc
675 1710 788 1770 caepe
815 1700 845 1751 et
872 1691 929 1751 hae
955 1709 1065 1770 caepae
1094 1691 1199 1752 harum
1226 1709 1404 1771 caeparum,
1433 1701 1464 1753 et

169 1792 279 1853 dicitnr
299 1812 316 1853 a
338 1793 455 1854 Graeco
483 1787 631 1872 κεφαλή,
659 1812 696 1853 eo
717 1791 797 1871 qnod
826 1801 941 1853 tanturn
968 1802 1059 1872 caput
1085 1792 1166 1854 illius
1193 1793 1287 1862 ualet,
1316 1795 1462 1871 reliquum

169 1911 243 1954 nero
264 1913 374 1974 corpus
394 1894 500 1954 inutile
522 1904 566 1954 est
587 1903 617 1954 et
631 1894 768 1955 llaccens.
812 1893 867 1954 llic
888 1897 1008 1962 iocus,
1031 1894 1062 1979 hi
1083 1895 1140 1954 ioci
1162 1902 1193 1953 et
1214 1893 1289 1954 haec
1310 1897 1390 1964 ioca:
1413 1897 1463 1956 hic

132 1994 292 2065 nlocus,
317 1996 346 2056 hi
370 1994 427 2055 loci
450 2004 480 2055 et
502 1995 576 2056 haec
598 1995 677 2063 loca:
707 1995 764 2055 hoc
786 1995 920 2065 lorum,
949 1995 979 2054 hi
1006 1996 1075 2056 lori.
1119 1995 1229 2056 Forum
1251 1995 1359 2057 dicitrrr
1381 1996 1464 2058 locus

168 2095 318 2175 puhlicus,
348 2098 405 2157 iuri
430 2115 502 2157 uero
525 2095 626 2156 sedilia
650 2106 720 2157 sunt
742 2099 837 2158 nauis.
883 2097 974 2158 Sunt
1000 2095 1055 2157 alia
1083 2098 1226 2156 incerti
1248 2099 1270 2156 i·
1294 2097 1377 2159 dnhii
1399 2113 1563 2176 ge-srs‚n

168 2200 286 2266 neris,
319 2200 387 2277 quia
417 2198 580 2259 masculino
606 2216 720 2275 genere
747 2207 777 2257 et
805 2198 946 2259 leminino
975 2197 1013 2257 ah
1040 2197 1214 2258 auetorihus
1240 2188 1361 2278 prolata
1382 2210 1461 2269 snut,

168 2298 221 2359 sed
244 2303 403 2361 auctoritas
426 2300 576 2378 Virgilii
598 2299 832 2378 praeponderat,
860 2317 949 2379 quam
973 2318 1028 2360 nos
1048 2300 1211 2377 sequimur.
1255 2301 1299 2359 vt
1319 2314 1487 2362 cortex.-

167 2400 276 2461 Cottex
298 2400 407 2463 dicitur
429 2405 543 2463 corium
566 2399 695 2474 arboris,
724 2400 803 2460 dicta
824 2401 903 2480 quod
926 2419 979 2461 cor
1001 2399 1118 2463 arboris
1139 2410 1228 2479 tegat
1274 2400 1358 2461 llanc
1379 2403 1462 2463 Vir·

128 2501 282 2578 arginus
304 2504 447 2564 leminiuo
468 2521 579 2581 genere
600 2505 715 2582 posuit:
1463 2527 1472 2540 ·

369 2605 469 2665 'lunc
492 2603 813 2665 Phaethontiadas
835 2621 960 2664 musco
982 2603 1191 2664 circumdat
1211 2621 1361 2665 amarae

370 2706 544 2766 Corticis

167 2806 271 2867 Silex
292 2806 385 2868 durus
407 2807 497 2886 lapis,
520 2824 556 2866 ex
579 2825 639 2886 quo
661 2809 739 2886 ignis
760 2808 917 2868 excutitur.
962 2805 1060 2867 ldem
1084 2813 1208 2887 poeta:

369 2908 473 2986 Spem
497 2910 622 2986 gregis
645 2908 687 2968 ah
711 2908 821 2970 silice
842 2909 879 2968 in
901 2907 1006 2969 nuda.

127 3010 288 3079 ssi'inis,
317 3013 353 3071 in
381 3008 520 3089 psalmo
548 3008 714 3071 masculino
735 3027 847 3090 genere
868 3009 1030 3088 protertur,
1053 3019 1100 3071 nt:
1139 3010 1267 3071 llotum
1290 3011 1348 3072 lac
1369 3012 1461 3073 mihi

128 3189 131 3192 .
166 3111 314 3173 domine
337 3113 452 3173 linem
474 3129 601 3172 meum.
646 3111 760 3174 Poeta
782 3112 941 3180 feminino,
965 3121 1011 3172 ut:

367 3213 464 3274 llaec
486 3213 577 3274 linis
599 3212 738 3274 Priami
760 3214 932 3276 latorum.

167 3383 392 3390 -——-.-—-..—..

232 3497 404 3566 3Virgilins]
422 3502 458 3564 es.
479 3502 543 3549 Aen
564 3500 646 3549 1198
714 3502 827 3565 hapotn
845 3499 895 3548 bsh
914 3512 996 3559 noon,
1015 3501 1041 3548 ia
1059 3515 1154 3564 aurp:
1191 3499 1255 3549 Nam
1272 3499 1418 3550 dolentibus
1436 3504 1457 3549 si

166 3567 282 3618 tunsum
301 3579 478 3633 praeparetur,
498 3579 593 3616 recreet
611 3577 730 3618 mentem.
832 3569 917 3631 ‘lupo
936 3578 963 3616 tu
981 3568 1110 3616 tartarizin
1181 3563 1458 3634 neleoulusione]1n

164 3651 256 3700 aurp:
283 3634 364 3684 Omne
385 3637 452 3684 enim
476 3636 631 3700 prolundum
654 3633 736 3698 lrigus
758 3633 847 3692 hahet,
871 3650 903 3682 ex
920 3633 1015 3698 lrigcre
1036 3647 1121 3684 autem
1140 3647 1235 3687 tremor
1252 3636 1372 3685 nasdtur.
1442 3638 1459 3686 9

164 3702 307 3769 diptongon
411 3701 552 3766 loretum]
570 3703 605 3753 In
621 3717 714 3766 scarp:
741 3700 862 3752 Nonnulli
879 3701 976 3751 caelum
994 3703 1089 3753 dictum
1107 3702 1286 3768 putantquod
1303 3703 1366 3768 celet
1383 3703 1458 3753 nohis

165 3773 314 3836 superiore,
331 3771 401 3833 quod
420 3772 442 3820 si
460 3781 530 3821 esset
552 3807 625 3822 .....
648 3769 771 3832 (uerum),
789 3785 834 3820 cae
851 3768 912 3818 illud
931 3785 982 3819 non
1000 3770 1145 3822 admitteret
1161 3771 1351 3837 diphthongon.
1426 3773 1458 3822 12

164 3852 226 3904 cepe
242 3848 292 3889 etc.
362 3841 394 3888 13
412 3853 488 3902 greco
505 3838 611 3902 cephale
681 3839 712 3888 14
730 3849 755 3887 et
772 3837 881 3887 flaccens
898 3853 980 3903 supra
996 3841 1040 3890 lin.
1102 3841 1132 3890 19
1144 3840 1269 3906 Virgilius
1296 3839 1354 3892 cet
1370 3838 1412 3889 VI
1423 3841 1457 3888 ot

164 3906 196 3955 at
215 3905 410 3971 phoetontisdas
465 3908 499 3956 23
516 3906 577 3955 silix
629 3905 696 3954 idem
709 3902 797 3970 poeta]
815 3905 962 3970 VerpAEet.
976 3905 1037 3956 11⁵
1091 3909 1161 3958 idin
1174 3908 1274 3974 psnlrtm
1304 3905 1429 3956 xxm
1441 3911 1458 3956 5

163 3973 197 4022 26
214 3970 300 4040 poeta]
323 3974 401 4038 Verp.
419 3975 486 4024 Aen.
504 3973 538 4024 11
555 3977 608 4024 554

231 4247 247 4296 5
266 4245 356 4295 Glosrc
373 4246 469 4296 codicis
487 4243 630 4295 Bet-nensis
647 4246 700 4295 380
716 4260 785 4295 saec.
804 4243 867 4295 XII
882 4246 903 4309 s.
918 4245 954 4294 dl
971 4246 1125 4309 usurpetis:
1144 4243 1266 4295 Balneum
1284 4245 1310 4296 ln
1328 4244 1454 4312 singulari

163 4324 268 4362 numero
287 4313 369 4362 neutri
387 4314 489 4377 generis
508 4324 558 4374 est,
576 4314 602 4360 in
621 4312 711 4378 plurali
730 4312 860 4376 leminini,
879 4324 906 4362 ut
918 4313 966 4362 hae
983 4312 1096 4375 balneae,
1114 4314 1181 4362 ttttde
1223 4313 1326 4364 uidem
1346 4325 1453 4379 poeta:

162 4379 207 4430 ‘cd
225 4380 328 4431 balneas
346 4379 495 4433 Polatinss’.
523 4379 644 4429 Balneum
662 4380 962 4430 dicitur-recreatione
979 4382 1081 4430 mentis.
1153 4382 1183 4431 16
1199 4329 1268 4431 gunt
1284 4381 1334 4430 alia
1352 4377 1453 4447 incerti]

164 4445 254 4498 olom
275 4449 372 4499 codicia
393 4446 534 4498 Bernenrir
556 4449 645 4509 386s.
666 4446 702 4499 3δ
720 4464 800 4512 mcrp.
821 4463 893 4512 rap:
929 4446 981 4497 Sed
1003 4447 1134 4498 sciendum
1158 4459 1198 4498 est
1219 4449 1287 4512 qttod
1307 4448 1352 4498 llll
1369 4448 1455 4499 modis

162 4511 345 4566 &sumuntur
367 4530 476 4581 genera,
503 4526 593 4565 natura
615 4514 729 4566 articulis
750 4517 900 4565 auctoritate
917 4523 943 4564 et
959 4514 1089 4565 clausulis.
1125 4514 1235 4577 Natura,
1261 4517 1329 4566 sicet
1349 4517 1455 4582 propria

162 4582 280 4643 uomiua3
304 4583 432 4649 articulis,
455 4585 528 4645 qnia,
551 4597 609 4632 cnm
631 4583 740 4633 dicimus
758 4583 813 4642 hic,
835 4582 1004 4632 masculinum
1026 4582 1169 4648 significat,
1191 4583 1266 4645 haec,
1290 4583 1454 4641 femininum:

161 4650 319 4715 tuctoritate,
339 4652 399 4714 quia
417 4661 478 4700 sunt
494 4651 620 4713 quaedam
639 4651 743 4699 nominc
760 4651 872 4700 incertae
887 4649 1099 4714 significationis,
1117 4653 1166 4701 nisi
1185 4651 1216 4700 sd
1234 4660 1352 4700 auctores
1369 4667 1456 4701 recur-

161 4730 258 4782 ramus,
277 4730 305 4767 ut
321 4717 387 4768 silex
405 4728 501 4777 cortex,
519 4733 585 4781 quse
602 4716 739 4780 aliquando
758 4728 818 4768 snut
834 4717 984 4778 masctrlina,
1003 4717 1142 4782 aliquando
1159 4718 1295 4782 lemininc3
1321 4717 1453 4778 clausulis,

161 4786 222 4848 quic
239 4786 405 4836 decreuerunt
422 4798 536 4836 unctores
556 4786 692 4850 (actores),
715 4795 743 4834 ut
761 4800 790 4834 ea
808 4787 923 4844 nomina,
943 4787 1051 4848 quaein
1071 4802 1101 4837 us
1119 4797 1225 4846 exeunt,
1247 4785 1391 4836 masculino
1408 4802 1453 4855 ge

161 4865 238 4914 nare,
255 4852 298 4903 ilia
316 4868 387 4918 uero,
405 4870 471 4916 quae
489 4856 514 4903 in
533 4870 548 4903 a
566 4864 668 4915 exeum,
687 4852 809 4904 feminino
827 4855 1031 4920 pronuntientur.
