3382 5476
203 377 262 442 158
418 377 543 430 sanun
561 377 830 431 EXPOSITIONES
849 380 898 430 DE
917 378 1058 431 nouam
1075 378 1281 435 emulum.

200 576 297 629 autem
330 568 431 636 iacio’,
456 585 543 628 nemo
577 567 647 626 elicit
674 567 785 628 ‘autem
807 584 862 645 ego
884 568 984 628 iacio'.
1030 566 1237 648 ‘Inousque
1266 568 1504 633 Palaemon’:

199 687 288 729 nemo
316 668 387 730 dicit
409 674 480 747 ‘que
503 668 592 729 incus
615 667 795 729 Palacmcn’.
839 667 995 740 Quomodo
1023 667 1092 730 illae
1120 687 1240 750 semper
1262 680 1503 752 praeponuntur,

198 772 240 831 sic
263 772 336 831 istac
358 778 426 851 post
447 788 565 850 semper
593 778 759 849 pennatum
788 788 864 849 quae
893 770 1009 831 mediae
1040 779 1125 841 sunt,
1154 779 1184 831 et
1210 774 1353 853 postponi
1379 784 1504 854 panum

200 870 213 954 li
231 872 251 932 l.
271 869 347 934 148·
364 869 376 954 ΙΙ
392 879 422 932 et
444 872 598 950 anteponi:
627 873 729 950 ‘igitur
752 873 810 932 lroe
831 872 898 940 lac',
928 871 987 931 ‘iac
1009 873 1127 950 igitur';
1155 872 1273 934 mediae
1295 892 1354 954 pro
1375 874 1503 937 arbitrio

199 973 325 1034 dicentis
347 981 398 1034 aut
420 980 644 1054 praeponuntur
666 980 717 1033 aut
739 968 971 1053 postponuntur.
1442 1031 1446 1039 ,
1511 994 1524 1035 c

652 1107 700 1169 DE
723 1106 1032 1170 Puaueosi'uouu.

283 1210 468 1291 Praepositio
497 1218 542 1271 est
568 1228 638 1290 pars
665 1211 808 1270 orationis
835 1209 927 1279 (licta,
957 1210 1034 1287 quod
1064 1210 1094 1271 in
1120 1208 1270 1290 loquendo
1292 1216 1499 1294 praeponitur,

200 1320 232 1372 ut
254 1321 326 1392 puta
349 1314 440 1391 ‘apud
464 1313 603 1374 amicum’
626 1330 747 1391 possum
771 1311 882 1382 dicere,
907 1311 1046 1371 ‘amicum
1063 1311 1152 1391 apud’
1168 1329 1228 1373 aon
1243 1330 1367 1392 possum
1383 1313 1499 1384 diesem

198 1415 241 1473 sic
269 1413 428 1476 aduersum
459 1415 608 1482 inimicos:
638 1415 719 1473 ‘ante
747 1411 903 1492 templam’
931 1412 1014 1482 (lico,
1045 1412 1199 1492 ‘tempium
1225 1416 1307 1475 anie’
1331 1434 1393 1477 non
1423 1415 1498 1479 dico.

198 1515 241 1576 Eo
263 1517 341 1597 quod
365 1518 394 1577 in
416 1515 566 1596 loquendo
587 1516 790 1599 praeponitur,
814 1514 890 1574 clieta
909 1515 1100 1593 praepositio.
1139 1514 1296 1577 Praeterea
1312 1518 1532 1597 praepositiou

199 1636 286 1679 casus
318 1623 400 1679 tenet
432 1618 631 1678 acerentinum
663 1624 693 1676 et
720 1614 893 1677 abiaticum.
944 1616 978 1676 Et
1006 1633 1081 1696 quae
1110 1623 1178 1677 sunt
1207 1619 1368 1679 accusatiui
1395 1636 1496 1690 cusas,

198 1727 312 1780 tantum
335 1738 436 1781 casum
459 1721 662 1780 accusatiuum
684 1725 806 1796 regunt,
843 1726 875 1777 ut
907 1725 976 1795 puta
1011 1716 1105 1796 ‘apud
1134 1718 1279 1778 amieos’:
1314 1736 1405 1781 nemo
1428 1720 1499 1781 elicit

136 1872 139 1879 .
198 1819 352 1887 ‘amicis’;
383 1828 412 1880 et
440 1837 515 1896 quae
542 1829 612 1878 sunt
638 1818 759 1879 ablatiui
788 1835 887 1886 casus,
918 1816 1080 1880 ablatiuum
1109 1816 1207 1880 solum
1234 1818 1367 1898 regunt,
1385 1830 1422 1882 ut
1442 1821 1497 1882 ‘alr

198 1923 351 1982 inimicis’.

283 2022 359 2082 Sunt
390 2021 464 2083 aliae
497 2023 746 2102 praepositiones,
782 2037 857 2098 quac
891 2022 1033 2083 dicuntur
1067 2021 1195 2083 mediae:
1235 2022 1324 2083 modu
1357 2025 1531 2087 seruiuntu

198 2126 377 2198 accusation,
403 2124 490 2183 modo
513 2122 653 2184 abiatiuo.
698 2122 734 2183 Et
756 2123 873 2202 quando
897 2122 1006 2183 debent
1029 2125 1144 2183 seruire
1167 2124 1352 2193 accusation,
1375 2126 1496 2203 quando

198 2223 344 2285 abiatiuo?
386 2224 552 2304 Aliquando
575 2233 646 2285 tuac
668 2224 852 2293 accusation,
877 2224 994 2300 ‹qraancio
1017 2226 1139 2285 mutatio
1162 2223 1234 2293 loci;
1259 2234 1331 2286 tune
1353 2224 1495 2298 abiatiuo,

197 2327 314 2406 quando
341 2328 525 2407 perunausic,
556 2334 588 2386 ut
616 2335 685 2406 puta
714 2329 739 2386 si
766 2325 846 2385 dicas
868 2325 915 2385 ‘eo
937 2326 967 2384 iu
990 2326 1111 2392 iorum’,
1139 2326 1196 2385 nisi
1220 2328 1414 2388 mutationem
1437 2326 1495 2389 loci

197 2428 319 2498 seceris,
353 2429 398 2489 ire
428 2447 486 2489 non
518 2436 612 2508 potes.
662 2427 740 2505 Ergo
768 2426 886 2506 quando
910 2428 1033 2487 rnutatio
1063 2435 1108 2487 cst
1136 2428 1338 2488 accusatiuum
1366 2438 1494 2508 regunt:

196 2531 313 2608 quando
343 2533 529 2610 permansio,
564 2528 726 2589 ablatiuum
759 2547 874 2590 casum:
911 2546 969 2588 rron
998 2530 1191 2588 mutationem
1225 2529 1406 2607 significant,
1441 2531 1530 2592 sedec

197 2630 309 2693 locum:
333 2633 374 2692 ‘in
391 2633 502 2712 templo
517 2633 606 2701 sum',
629 2630 677 2690 ‘in
694 2631 759 2690 ioro
781 2631 868 2690 sum'.
893 2628 1021 2691 Necesse
1036 2637 1089 2700 est,
1107 2636 1148 2699 ut,
1171 2629 1290 2711 quando
1305 2633 1431 2695 mutatio
1445 2635 1493 2703 sit,

198 2741 332 2794 tencatur
354 2736 557 2802 accusatiuus;
580 2730 699 2813 quando
721 2734 871 2792 remansio
894 2734 946 2801 sit,
970 2740 1107 2793 teneatur
1129 2729 1288 2793 abiatiuns.

281 2835 357 2895 Sunt
388 2834 461 2895 aliae
491 2834 526 2894 Vl
556 2834 806 2913 praepositiones,
840 2851 914 2911 quae
947 2850 1108 2912 numquam
1137 2841 1334 2911 segregantur
1362 2833 1399 2897 air
1428 2835 1493 2898 aliis

197 2935 331 3013 partibus
347 2939 489 2997 orationis
505 2955 602 3016 neque
617 2937 748 3013 separari
765 2943 898 3012 possunt,
917 2942 949 2995 ut
964 2934 993 2995 di
1009 2934 1055 2995 dis
1072 2954 1104 2996 re
1120 2954 1152 2995 se
1168 2953 1215 2995 am
1230 2952 1298 2996 con.
1337 2936 1492 2999 ‘eonducc

196 3037 280 3096 tibi':
310 3054 397 3097 nemo
420 3044 518 3115 potest
540 3035 640 3096 elicere
663 3039 737 3095 ‘coa
761 3034 814 3095 tibi
836 3036 947 3105 duco';
971 3037 1095 3098 dicimus
1118 3039 1242 3117 ‘recipio
1263 3036 1372 3108 ilium',
1402 3054 1528 3101 nemon

195 3139 240 3196 ‘re
263 3137 345 3198 iilum
369 3139 468 3217 cipio',
499 3135 621 3198 ‘secubo
645 3139 681 3198 ab
704 3140 778 3212 iilo’,
810 3155 895 3199 nemo
918 3141 963 3199 ‘sc
985 3136 1022 3198 ala
1043 3137 1094 3198 illo
1117 3139 1206 3200 cubo’
1230 3136 1377 3199 similiter.
1423 3138 1492 3201 ideo

195 3238 333 3299 dicuntur
355 3236 532 3316 loquellares
554 3238 802 3317 praepositiones,
827 3238 907 3318 quod
924 3257 1048 3319 semper
1071 3239 1237 3320 loquutioui
1259 3240 1440 3312 adhaerent,
1463 3250 1492 3304 et

195 3350 227 3400 ut
254 3339 474 3418 eloquuiionem
504 3340 625 3411 iaciant,
654 3339 829 3419 cuicumque
857 3338 1018 3419 particulae
1041 3341 1202 3403 cohaerent
1223 3360 1356 3421 semper:
1382 3344 1491 3406 ‘reior-

195 3443 320 3504 mirlans’
337 3444 391 3503 erit
407 3443 604 3531 participium,
621 3445 801 3529 freuocator'
818 3444 874 3503 crit
890 3461 1009 3503 nornen.
1040 3442 1184 3503 Ornuilrus
1200 3442 1332 3522 partibus
1347 3446 1489 3522 iungitur,

193 3545 232 3605 ita
255 3554 369 3615 tamena,
393 3554 425 3603 ut
448 3563 506 3604 non
529 3552 707 3623 amputetur.
1501 3564 1527 3604 ao

656 3661 704 3723 DE
727 3662 1028 3724 lNTElilECTlONE.

279 3762 447 3824 interiectio
471 3773 517 3824 est
538 3782 608 3844 pars
631 3766 781 3834 orationis,
806 3783 881 3845 quae
903 3782 1021 3825 sensum
1045 3765 1152 3824 mentis
1174 3766 1321 3844 exprimit,
1344 3767 1371 3825 si
1394 3767 1490 3829 iaetus

193 3884 230 3925 aa
259 3883 332 3933 non,
362 3872 394 3924 ut
420 3864 563 3925 silicam
587 3864 724 3925 henach
749 3874 821 3926 attat
843 3884 952 3946 papae;
982 3865 1131 3935 iactantis,
1155 3865 1301 3935 uiuaci:
1331 3866 1489 3950 aliquoties

193 3967 333 4036 doleatis,
363 3976 395 4029 ut
417 3967 466 4027 oir.
511 3967 548 4027 Et
570 3968 680 4035 omnia,
705 3985 780 4046 quae
802 3967 924 4028 confusa
949 3985 1022 4027 uoce
1044 3968 1238 4044 proiciuntur
1260 3967 1296 4029 ad
1319 3971 1489 4049 exprimen-

193 4067 247 4128 ‹ias
275 4070 406 4130 allectus.
464 4068 534 4129 item
564 4069 785 4128 interiectioncs
813 4086 872 4128 non
902 4068 1012 4128 liabent
1039 4071 1158 4148 propria
1187 4071 1320 4141 nomina,
1350 4072 1405 4132 seri
1432 4084 1525 4153 prosa

192 4171 331 4251 qualitate
363 4172 518 4232 sentientis
552 4174 600 4231 uel
632 4168 760 4229 uolentis
791 4176 1005 4246 agnoscuntur,
1040 4172 1065 4230 si
1094 4179 1144 4230 aut
1170 4170 1273 4232 dolore
1301 4172 1348 4233 uel
1377 4171 1487 4234 laetitia

192 4273 392 4353 proteruntur.

194 4393 231 4400 —-

260 4437 433 4504 llnoasquc]
449 4440 640 4505 νημαι]
650 4442 704 4490 823
747 4440 890 4501 doctumque
904 4441 1021 4505 palemon
1074 4442 1404 4509 ‘iqaaaedoctnspaienron
1446 4443 1485 4493 ilie

191 4511 273 4561 siste
341 4505 422 4573 esic]
442 4508 487 4557 secl
558 4511 589 4559 10
607 4520 721 4573 preterea
777 4509 806 4557 ll
826 4504 901 4557 atreus
920 4521 1017 4558 martiam
1035 4507 1080 4560 cai
1098 4510 1176 4560 acccc·
1243 4513 1277 4562 20
1294 4511 1407 4561 ablatiuo
1424 4526 1484 4561 casu

191 4580 224 4628 22
238 4573 376 4640 remansio]
392 4574 478 4640 Supra
490 4575 528 4625 bic·
541 4578 686 4640 permansio
698 4578 806 4639 positum
818 4582 884 4627 crat.
936 4579 969 4626 24
978 4576 1105 4642 conduco]
1125 4579 1170 4627 tibi
1180 4579 1272 4630 addidi
1320 4581 1354 4631 25
1363 4573 1482 4643 dicimus]

191 4650 311 4695 comanam
363 4647 395 4693 26
413 4645 507 4693 secubo
527 4660 554 4692 se
572 4644 641 4693 illum
660 4645 725 4693 cuba
776 4645 809 4692 27
828 4643 897 4705 quod
916 4642 985 4709 tempi
1036 4646 1159 4695 adherent
1204 4647 1278 4696 etad
1297 4646 1483 4710 eloquntionem

190 4713 288 4763 iaciunt
338 4715 372 4765 28
389 4711 510 4762 articulus
527 4711 684 4762 caiaerentnr.
702 4710 810 4776 Semper·
861 4715 894 4762 33
911 4722 976 4772 atat,
994 4728 1126 4777 suprascr.
1144 4729 1196 4779 uup
1249 4729 1342 4780 papae,
1353 4730 1484 4781 suprascr.

190 4795 261 4829 aanre
329 4785 361 4832 34
382 4779 506 4843 couiusaq
534 4779 715 4844 exprimendas
743 4781 841 4830 alectus
909 4782 943 4829 :to
969 4783 1100 4831 sentientis
1128 4783 1238 4831 nolentis
1264 4794 1440 4848 sgirascuntnr
1461 4782 1482 4831 si

190 4857 274 4897 antem
293 4849 405 4898 clolorcaa
426 4849 465 4897 uei
484 4848 612 4896 laetitiam.
