3382 5476
684 373 894 425 BERNBNSIS.
1367 399 1369 403 >
1397 370 1438 434 73

141 558 262 621 Thebae
286 567 425 630 uocatur,
449 568 478 620 et
501 557 633 621 urbanus
655 559 692 621 ab
714 560 788 621 urbe
810 561 989 628 nominatur,
1014 566 1043 620 et
1064 561 1161 621 ciuilis
1183 579 1200 621 a
1222 561 1341 621 ciuitate
1363 577 1438 620 nun·

141 671 275 742 cupatur.
321 658 383 722 Alia
406 670 476 722 sunt
498 664 630 731 numeri,
653 669 686 722 ut
707 680 785 722 unus
806 661 864 722 duo
887 670 960 723 tres:
989 661 1064 723 baec
1086 680 1157 740 ergo
1179 663 1298 722 nomina
1322 664 1440 723 numeri

141 763 179 826 ab
206 782 266 825 uno
295 781 387 843 usque
414 763 451 823 ad
478 770 540 824 tres
569 762 770 834 declinantur,
800 783 816 825 a
844 771 984 843 quattuor
1012 770 1110 824 autem
1140 782 1232 844 usque
1260 762 1295 824 ad
1318 773 1438 825 centum

141 885 201 928 non
230 864 431 934 declinantur,
461 884 477 925 a
506 864 641 927 ducentis
668 885 740 926 uero
766 882 861 945 usque
883 865 919 925 acl
943 864 1023 927 mille
1045 863 1242 928 declinantur.
1286 864 1363 927 Sunt
1383 865 1438 927 alia

114 968 268 1037 sordinis,
293 974 326 1027 ut
348 968 462 1046 primus
483 967 633 1029 sccundus
655 969 769 1028 tertius.
815 967 891 1028 Sunt
913 967 968 1028 alia
992 967 1027 1029 ad
1050 966 1159 1045 aliquid
1183 967 1277 1036 dicta,
1305 984 1382 1045 quac
1402 966 1438 1028 ad

141 1069 227 1131 aliam
249 1087 409 1149 personam
433 1069 622 1138 referuntur,
650 1077 683 1129 ut
704 1071 845 1148 magister
867 1068 1006 1130 dominus
1028 1076 1128 1148 pater,
1152 1087 1228 1147 quae
1250 1069 1373 1132 relatiua
1395 1068 1439 1129 tt-

141 1179 265 1241 cuntur,
295 1172 363 1248 qnia
391 1170 427 1231 acl
456 1168 528 1231 alias
555 1183 698 1249 personas
726 1172 914 1240 referuntur,
943 1171 972 1231 ic
996 1179 1042 1232 est
1064 1170 1099 1232 acl
1122 1189 1281 1251 personam
1304 1168 1438 1250 discipuli

141 1281 171 1334 et
198 1275 279 1334 serui
308 1279 336 1333 et
359 1271 427 1339 tilii;
457 1272 574 1352 qnando
597 1274 678 1333 enim
700 1274 842 1351 magister
864 1273 985 1343 dicitur,
1014 1270 1196 1351 intellegitur
1219 1281 1248 1333 et
1270 1272 1439 1354 discipulus,

142 1383 172 1436 ct
193 1373 311 1452 quando
334 1373 471 1433 domiuus
494 1375 673 1443 nominatur,
697 1374 878 1453 intellegitur
901 1382 929 1435 ct
951 1392 1072 1443 seruus3
1095 1376 1139 1434 sic
1162 1381 1192 1435 et
1213 1382 1298 1454 pater
1320 1373 1439 1456 quando

103 1475 265 1546 indicitur,
299 1473 449 1535 reuelatur
484 1483 513 1535 et
545 1474 633 1538 iilius
683 1473 746 1537 Alio
779 1475 824 1536 atl-
843 1475 952 1555 aliquid
985 1475 1204 1556 quodammodo
1231 1496 1264 1538 se
1290 1475 1439 1545 babentia,

141 1597 247 1660 quaea
267 1578 413 1638 contraria
437 1578 652 1655 significatione
674 1576 750 1638 dicta
773 1585 851 1647 sunt,
875 1586 908 1639 ut
929 1576 1033 1638 dexter
1056 1578 1185 1648 sinister,
1209 1576 1258 1638 Ιιιιι
1280 1576 1437 1646 tenebras:

140 1679 258 1761 quando
282 1681 360 1740 enim
382 1678 486 1739 dexter
508 1677 628 1750 dicitur,
658 1678 840 1758 intellegitur
863 1686 893 1739 et
914 1681 1046 1750 sinister,
1076 1687 1106 1741 et
1132 1679 1249 1760 quanm
1272 1679 1321 1742 iux
1343 1681 1439 1741 nomi·

141 1792 243 1852 natur,
271 1780 483 1859 intelleguntur
512 1790 541 1841 et
569 1780 724 1851 tenebrae,
754 1780 807 1842 sed
830 1799 847 1841 a
869 1783 1017 1842 contraria
1040 1782 1263 1859 significatione.
1307 1782 1344 1843 Et
1365 1782 1439 1844 baec

140 1883 366 1963 conparan'num
399 1881 525 1960 gradum
554 1881 728 1962 admittunt,
764 1890 795 1943 ut
824 1882 973 1944 dexterior
1000 1884 1166 1944 sinisterior
1192 1881 1328 1945 lucidior.
1378 1885 1438 1945 Sed

102 1984 265 2048 oretanus
293 1992 322 2044 et
350 1983 435 2045 aliter
462 2002 493 2044 se
521 1983 660 2046 habentia
688 1985 745 2046 hoc
776 1985 926 2046 diiiemnt.
977 1985 1009 2045 In
1036 1984 1170 2047 relatiuis
1197 1987 1275 2047 enlm
1303 1987 1440 2047 uicinitas

140 2095 263 2150 naturae
291 2083 496 2166 inseparabilis
525 2086 705 2156 ostenditur,
734 2089 766 2148 in
794 2085 859 2147 aliis
880 2105 954 2148 uero
977 2089 1173 2148 contrarietas
1195 2095 1252 2159 est,
1280 2095 1314 2150 ut
1335 2087 1440 2150 dexter

141 2191 270 2258 sinistro,
294 2191 380 2249 trinus
402 2195 529 2258 mortuo,
555 2187 694 2250 tenebrae
717 2187 786 2250 luci.
822 2187 886 2250 Alia
907 2198 977 2250 sunt
999 2187 1158 2268 generalia,
1181 2207 1258 2269 quac
1280 2189 1439 2251 multarum

138 2309 240 2353 rerum
268 2300 337 2352 sunt
364 2289 523 2361 uocabula,
553 2298 586 2351 ut
613 2289 737 2368 angelus
759 2292 902 2370 sapientia
925 2294 1033 2370 pictam
1055 2289 1177 2370 angelus
1199 2292 1279 2352 enim
1300 2290 1440 2369 generale

141 2411 248 2455 nomen
279 2401 323 2453 est
352 2392 388 2452 ad
416 2409 520 2452 omncs
548 2391 685 2471 angelos,
716 2401 744 2454 et
772 2395 914 2471 sapientia
944 2401 973 2453 et
1002 2396 1096 2472 pietas
1118 2393 1235 2473 quando
1258 2393 1381 2468 dicitur,
1411 2401 1441 2454 et

102 2495 243 2556 rediuiua
266 2503 294 2556 et
316 2494 445 2554 humana
468 2493 697 2556 demonstratur.
741 2495 815 2555 item
837 2493 985 2574 generalia
1008 2496 1128 2556 nomina
1151 2497 1272 2556 suntin
1294 2497 1441 2557 creaturis

142 2595 363 2678 corporalibus,
399 2603 431 2656 ut
459 2614 566 2676 corpus
594 2603 624 2657 et
652 2594 776 2665 animal,
811 2598 896 2676 quia,
925 2596 1065 2676 quicquid
1096 2596 1215 2658 uidetur
1242 2606 1272 2659 et
1300 2599 1439 2676 tangitur,

142 2716 251 2779 corpus
278 2707 329 2760 est.
375 2698 446 2759 item
476 2697 584 2759 animal
606 2698 727 2769 dicitur,
759 2697 897 2779 quicquid
920 2700 1047 2760 animam
1071 2707 1101 2761 et
1122 2701 1213 2761 uitam
1236 2696 1341 2768 baben
1371 2717 1440 2760 nam

142 2810 172 2863 et
198 2800 287 2862 bomo
317 2807 346 2861 et
373 2818 466 2877 equus
494 2809 524 2861 et
549 2800 604 2861 bos
626 2808 656 2862 et
677 2801 743 2863 ouis
766 2810 796 2862 ct
817 2802 916 2862 asinus
937 2801 1074 2862 animalia
1096 2800 1242 2863 (licuntur.
1286 2799 1348 2864 tna
1371 2809 1442 2863 sunt

142 2900 296 2984 specialia,
321 2911 354 2962 ut
376 2903 465 2962 bomo
489 2919 583 2980 equus
606 2901 680 2981 lapis
701 2900 814 2981 lignum
836 2902 945 2967 humus
967 2909 997 2963 et
1019 2910 1128 2964 cetera.
1167 2902 1247 2963 Haec
1270 2905 1348 2964 enim
1371 2921 1440 2984 par·

103 3018 130 3061 ss
143 3012 203 3067 ῑιιιι
225 3002 429 3084 generalitatis
451 3004 664 3065 demonstrant.
711 3003 773 3066 ntia
795 3004 952 3074 uerbialia,
981 3013 1014 3066 ut
1036 3005 1141 3066 doctor
1161 3001 1314 3088 11184ἾΙ
1335 3004 1440 3079 lector,

143 3125 219 3189 quac
247 3107 315 3168 ideo
342 3106 484 3168 uerbialia
512 3106 665 3176 (licuntur,
694 3107 762 3185 quia
785 3126 801 3168 a
825 3106 927 3168 uerbis
949 3106 1042 3168 doceo
1065 3115 1095 3168 ct
1115 3104 1182 3186 lego
1205 3108 1355 3177 oriuntur,
1382 3107 1441 3168 boo

144 3219 189 3272 est
215 3229 230 3271 a
259 3209 383 3288 gerendi
413 3208 514 3279 motio,
545 3218 576 3269 ot
604 3207 729 3269 docendi
757 3207 892 3270 docendo
920 3208 1085 3270 docendum
1109 3208 1229 3270 doctum
1258 3209 1347 3271 doctu
1369 3227 1440 3270 con·

120 3289 126 3301 ⁵
145 3329 231 3374 uersa
245 3331 265 3373 u
280 3314 311 3372 in
327 3330 344 3370 o
361 3320 390 3372 et
413 3310 510 3371 addita
526 3330 540 3370 r
556 3311 626 3371 lacit
649 3310 768 3379 (lecton
797 3312 840 3371 sic
864 3309 1129 3389 legendi'legendo
1151 3310 1309 3390 legendum
1331 3308 1439 3373 lectum

143 3412 220 3474 lectu
243 3411 346 3473 lector.
391 3413 560 3474 Eutitius
582 3413 669 3473 dicit:
699 3412 746 3472 Ex
776 3409 899 3473 tribus
927 3413 1033 3493 quasi
1062 3412 1230 3474 lontibus
1254 3411 1441 3473 uerbialia

104 3517 292 3577 conomius
315 3514 506 3584 oriuntur,
531 3514 627 3575 idest
648 3514 691 3574 ab
715 3513 925 3574 indicatiuo
948 3516 1158 3594 praesenti,
1188 3534 1204 3576 a
1226 3516 1441 3594 praeterito

144 3617 325 3699 perlecto,
349 3615 391 3677 ab
414 3617 617 3678 iniinitiuo
641 3617 767 3676 iuturo
789 3634 855 3677 seu
877 3635 893 3676 a
916 3618 1147 3697 participiis.
1192 3615 1317 3677 Nomina
1332 3623 1440 3686 autem,

145 3736 220 3799 quae
248 3718 284 3779 ab
312 3717 472 3779 indicatiuo
500 3720 649 3797 praesenti
677 3717 816 3787 ueniunt,
844 3727 916 3797 quot
943 3720 1169 3780 terminationes
1190 3717 1319 3779 babenti
1363 3717 1443 3779 iticst

79 3864 84 3871 -
144 3822 249 3899 uiginti
271 3822 510 3881 terminationes:
534 3822 564 3880 in
588 3838 619 3890 a,
643 3822 673 3880 in
697 3839 727 3889 e,
751 3820 781 3879 in
797 3838 829 3890 o,
853 3821 884 3881 in
900 3837 965 3890 um,
989 3823 1113 3891 inium,
1136 3818 1300 3894 inbutum,
1323 3822 1355 3881 in
1377 3821 1439 3880 icu-

144 3920 221 3990 lum,
251 3924 282 3983 in
303 3923 399 3991 imen,
429 3924 459 3982 in
483 3941 531 3991 or,
560 3923 589 3982 in
614 3928 726 3982 estam
749 3920 873 3983 breuem
896 3940 985 4003 quam
1008 3923 1142 4002 longam,
1170 3924 1200 3982 in
1223 3921 1305 3991 bilis,
1329 3923 1359 3982 in
1383 3919 1440 3990 ilis,

105 4026 175 4085 sain
198 4042 268 4093 nus,
292 4025 322 4084 in
347 4022 479 4093 bundus,
502 4027 534 4084 in
557 4026 638 4093 idus,
661 4026 692 4084 in
717 4022 798 4093 ulus,
822 4026 853 4085 in
875 4042 927 4096 ax,
950 4026 1047 4095 inex,
1070 4026 1187 4104 ineps,
1210 4026 1242 4085 iu
1257 4042 1329 4092 oen,
1351 4024 1382 4083 in
1397 4041 1442 4083 os.

146 4126 178 4187 ln
201 4144 232 4194 a,
255 4132 288 4186 ut
310 4124 409 4186 scribo
431 4124 544 4195 scriba,
569 4125 647 4203 fugio
670 4127 753 4204 luga,
777 4145 833 4187 roo
855 4128 957 4197 ruina,
980 4125 1105 4186 aduenio
1129 4126 1258 4195 aduena,
1282 4126 1352 4186 uiuo
1371 4142 1442 4186 con·

147 4229 374 4239 ———.——-.

214 4261 358 4308 lorbanus
394 4260 476 4309 cibiiia
513 4271 672 4325 noncupatur
740 4263 856 4324 3usque
873 4276 889 4309 o
957 4260 1023 4310 bad
1041 4256 1122 4309 nlitull
1176 4261 1208 4311 to
1225 4259 1359 4309 babentica
1411 4261 1442 4310 11

146 4328 254 4378 sinixtcr
288 4329 390 4377 tenebre
443 4329 474 4377 12
492 4329 600 4377 sinister
653 4331 684 4380 13
703 4329 805 4380 tenebre
859 4331 890 4378 14
908 4329 1052 4378 sinisterior
1105 4331 1136 4380 lb
1154 4327 1294 4378 reuelatinn
1329 4337 1354 4376 et
1370 4327 1444 4376 cilter

147 4412 175 4446 se
192 4392 323 4460 babentia]
347 4395 471 4445 Fortasse
492 4396 603 4446 scribor:
632 4408 656 4446 et
679 4397 711 4445 ad
734 4396 830 4459 aliquid
853 4396 1044 4458 qrrodammode
1062 4412 1091 4446 se
1109 4396 1227 4447 habentia
1277 4393 1396 4444 delerant
1416 4395 1443 4444 in

146 4463 291 4513 reuelatiuis
362 4464 393 4512 16
411 4473 499 4512 nature
550 4464 640 4514 dextro
658 4465 767 4514 sinistro
838 4467 867 4515 17
884 4463 1019 4513 tebrelocl
1071 4467 1104 4516 23
1122 4480 1185 4527 equs
1203 4475 1230 4515 et
1248 4474 1311 4514 ones
1329 4473 1354 4512 et
1370 4463 1445 4512 asina

146 4530 181 4581 2³4
198 4537 274 4594 equls
343 4531 457 4581 asadia
501 4531 635 4596 legendnm
703 4535 737 4584 29
754 4531 871 4596 euticius]
889 4532 923 4595 cs.
937 4532 1046 4598 Eutpcb
1056 4550 1085 4598 p.
1099 4535 1186 4596 ⁴52⁵
1195 4533 1231 4583 K.
1243 4532 1362 4594 (nrm
1380 4531 1443 4581 hat.

151 4599 209 4649 Vol.
226 4599 260 4661 V)
330 4602 363 4650 30
380 4599 494 4647 criuntur
545 4594 684 4665 praesenti]
704 4601 789 4649 loturo
858 4610 964 4666 spreto
1016 4602 1049 4652 32
1067 4601 1136 4663 qnod
1204 4603 1238 4652 83
1255 4596 1360 4665 uiginti]
1379 4596 1444 4648 Sunt

144 4668 231 4732 portus
247 4668 337 4731 uipinti
352 4683 411 4717 uno.
431 4683 488 4718 nam
505 4668 586 4716 ‘idus’
605 4669 760 4731 terminatio,
780 4685 832 4718 rum
844 4670 870 4717 in
882 4670 1006 4733 eaeemplia
1017 4670 1128 4720 monaco
1145 4671 1223 4719 iocum
1235 4667 1336 4729 labent,
1353 4667 1446 4732 sapinci

146 4736 196 4786 tttir
213 4735 333 4785 addenda
351 4743 397 4786 ert.
451 4732 559 4802 icium]
579 4736 604 4783 in
624 4750 684 4784 unm
735 4740 768 4786 35
787 4739 811 4784 in
831 4738 889 4786 idus
907 4753 953 4789 cm.
1023 4738 1056 4788 36
1074 4737 1100 4785 In
1120 4752 1135 4785 a
1152 4733 1213 4801 etc]
1235 4734 1444 4786 remissionum

147 4805 302 4854 emeratto
320 4803 352 4851 ab
371 4803 494 4868 Eutpcbir
511 4804 601 4853 ordine
619 4805 657 4868 (p.
675 4805 740 4864 452,
760 4807 793 4853 10
809 4805 877 4870 sep.)
895 4805 1032 4862 abborrelr
1050 4819 1197 4870 quamquam
1213 4810 1240 4852 et
1255 4804 1332 4854 »nubo
1349 4803 1401 4854 ullu
1418 4809 1444 4853 ct

146 4872 255 4938 proma
270 4870 410 4933 formarum
428 4874 544 4936 eremplo
562 4872 621 4922 inde
635 4874 720 4936 petita
736 4879 803 4934 ruat,
822 4879 905 4923 tamen
921 4881 980 4924 runt
997 4875 1116 4923 nonnrdlo
1133 4872 1235 4922 aliunde
1252 4872 1367 4926 collecta.
