3382 5476
595 345 645 395 DE
663 345 786 397 LIBRIS
804 345 1077 399 TVRICENSIBVS.

582 528 681 570 sillabarn
759 528 850 571 tutorem
865 536 889 571 ut
902 542 961 572 annes
975 532 1044 572 emani

343 581 379 634 As
398 580 424 635 iu
444 582 594 650 praeterito
614 583 641 637 ui
660 583 780 689 suscipi}1
794 601 811 658 s¹
826 583 1003 640 remouendo.

713 661 765 700 qurn
782 661 835 690 serm

342 698 400 754 Non
418 699 458 754 sic
477 699 632 756 formantur
651 709 693 756 ter
710 701 847 771 quinque,
866 710 908 758 set
927 703 1109 772 excipiuntur.

392 795 420 836 po
460 796 495 825 mo
530 784 568 824 des
601 797 626 825 co
661 797 689 824 uo
741 791 786 826 stes
897 798 922 826 co
966 799 994 826 ιιο
1033 799 1058 827 ro
1098 793 1120 827 to
1155 800 1182 827 uo
1218 800 1242 828 eo
1287 789 1314 829 bo
1347 801 1374 829 no

190 834 844 906 tn-285t01·2)Cre·‹lo·elo·1ui·ui·sto·plieo
864 837 1367 896 iri-so·ne·ue·la·se·cu·to·

341 918 384 959 duo
399 921 463 960 hebet
477 921 591 973 praeterite
617 921 734 961 seeundum
812 921 920 972 alterium)
934 933 977 961 nen
991 922 1097 976 excipitur

341 970 374 1027 Et
391 989 473 1034 neco.
491 972 568 1042 quod
587 973 666 1029 necui
685 973 750 1029 lacit
769 982 796 1029 et
813 973 981 1043 quandoque
999 975 1103 1031 decani.

378 1061 401 1095 ut
415 1054 554 1108 multiplicsui
731 1058 807 1098 i.eum
821 1059 906 1098 nomine
919 1059 1070 1111 conpositum.
1080 1057 1208 1112 multiplicas

307 1111 323 1159 5
342 1108 393 1164 dui
411 1110 589 1177 praeteritum
609 1109 682 1177 plico
701 1109 747 1165 dat
765 1126 825 1165 cunr
846 1111 956 1165 nomine
974 1111 1105 1166 iunctum.

366 1192 441 1231 i.sine
454 1193 540 1233 nornine
629 1193 711 1233 diuisas
725 1199 748 1233 ut
762 1193 839 1246 eplieui
853 1195 905 1246 quin
920 1195 1025 1246 reperitur
1038 1195 1145 1248 applicant

340 1244 398 1299 lloc
416 1246 475 1300 sine
493 1244 606 1314 praebet
625 1245 666 1308 ui,
685 1254 775 1301 tamen
794 1254 821 1302 et
840 1247 979 1314 reperitur
996 1247 1024 1301 in
1042 1249 1096 1303 aui.

748 1317 750 1322 ¹
816 1330 916 1382 supinum
932 1329 983 1370 lectt

342 1380 445 1449 llegula
464 1381 644 1451 praeteritum
664 1380 806 1437 tornando
825 1382 936 1450 supinat
954 1383 982 1436 iu
1000 1389 1083 1438 atum.
1118 1382 1221 1450 llegula
1240 1384 1274 1440 de
1291 1385 1398 1454 supinis
1419 1384 1447 1439 ll.

251 1463 257 1491 t
380 1466 400 1504 in
415 1478 440 1506 eo
454 1467 504 1517 (lep.
518 1468 551 1516 cot
566 1465 686 1505 desinentia
699 1465 713 1509 i,
729 1463 783 1519 plico
797 1465 856 1518 quod
869 1465 920 1505 iacit
934 1464 1029 1518 plicitum
1043 1472 1064 1506 et
1078 1467 1132 1506 ruico
1146 1466 1205 1519 quod
1218 1473 1276 1508 earet
1289 1467 1367 1521 supino

342 1518 394 1574 lsta
414 1518 591 1624 supiptaptnr,
610 1517 694 1584 plicat
713 1526 741 1573 et
757 1518 839 1573 micat
858 1518 1034 1586 excipiantur.

494 1596 560 1625 rursas
1348 1620 1354 1637 ‚

341 1636 419 1705 Quod
439 1637 485 1692 dat
504 1637 545 1699 ui,
564 1637 609 1693 dat
628 1637 709 1699 itum,
729 1636 780 1691 nisi
800 1636 906 1692 desinat
923 1637 951 1691 in
969 1653 1016 1701 co,
1035 1637 1083 1692 sed
1102 1637 1128 1692 in
1148 1646 1221 1694 ctum
1240 1639 1312 1704 (cod.
1333 1640 1418 1706 ctum)

433 1721 493 1760 necui
507 1726 592 1760 nectum
609 1721 660 1760 lacit
673 1726 694 1760 et
708 1719 794 1771 quando
808 1725 895 1760 necatus

292 1779 322 1825 10
340 1775 440 1842 Sisque
458 1788 527 1828 neco
546 1781 655 1828 nectum
675 1772 739 1827 iacit
758 1780 785 1827 et
802 1770 968 1840 quandoque
986 1781 1120 1829 necatum.

389 1863 413 1897 ut
426 1855 546 1898 moneo.ui
555 1863 648 1896 .rnotum
823 1855 844 1896 in
859 1856 916 1896 omni
930 1856 1082 1908 coniugatione
1100 1895 1166 1902 ,-

340 1909 387 1964 ilat
405 1926 458 1964 ueo
478 1908 505 1962 ui
523 1925 574 1976 per
592 1915 663 1970 tum.
682 1909 709 1962 ui
730 1907 829 1964 iorrnat
847 1908 932 1976 uique
950 1909 1061 1977 supinat
1098 1907 1153 1975 llll·

502 2004 527 2031 co
567 2003 608 2031 neo
626 2003 667 2031 ueo
688 1991 728 2030 deo
747 2004 774 2031 uo
822 2004 850 2030 uo
903 2003 931 2031 uo
971 2001 1036 2031 nosco
1135 1993 1270 2046 mieiopetio

339 2042 1227 2113 Excipepas·ca·la·se·la·sol·uol·ag·eog·etase·

340 2130 371 2184 lli
390 2138 447 2184 turn
467 2129 547 2184 dante
565 2129 638 2197 perit
656 2128 761 2184 uocalis
781 2145 835 2184 non
855 2127 985 2184 baculata.

389 2220 432 2254 tum
455 2220 499 2254 tum
527 2220 572 2253 tum
598 2220 643 2253 tum
662 2217 766 2253 tumtum
990 2213 1133 2265 i.conposite

339 2266 391 2332 Qui
411 2293 416 2302 ·
436 2267 601 2321 si·ci·sa
621 2292 626 2303 ·
646 2264 905 2321 li·i·dernantur
925 2265 1149 2322 elindeereata.

390 2347 500 2393 incedis
515 2355 538 2389 ut
552 2348 797 2392 rideo.si.urdeo.si.

290 2407 322 2453 15
339 2401 429 2458 Litore
447 2401 530 2469 longa
549 2401 594 2456 uel
612 2419 667 2464 ar·
686 2401 737 2457 deo
756 2401 781 2456 si
799 2400 877 2465 iacit,
898 2401 992 2469 excipe
1010 2399 1097 2458 stridi.

369 2527 374 2532 .
591 2492 615 2527 ut
628 2485 693 2527 sedeo
702 2485 736 2526 ‚di
746 2519 751 2529 .
760 2485 839 2527 uideo.
848 2486 886 2527 di.

338 2538 367 2594 si
384 2538 477 2594 breuis
496 2547 538 2594 est
557 2556 572 2594 e
590 2539 634 2595 uel
653 2538 676 2602 i,
694 2537 858 2607 producitur
876 2537 965 2606 adque
985 2536 1050 2592 iacit
1067 2537 1103 2592 di.

466 2629 489 2662 ut
504 2622 587 2675 pendeo
602 2629 622 2662 et
635 2622 732 2675 spondeo

338 2678 407 2731 Ante
426 2675 477 2731 deo
497 2676 610 2731 ueniens
630 2692 645 2730 e
663 2675 707 2730 uel
728 2692 743 2730 o
763 2673 866 2743 liquida
884 2672 1020 2729 nrediante

389 2759 554 2824 i.prneteritunr
568 2763 592 2798 ut
605 2757 689 2810 pendeo
704 2757 797 2810 pependi
810 2756 1029 2809 spondeospopondi

338 2811 506 2880 Principium
525 2810 657 2877 geminat,
677 2810 700 2864 si
718 2817 792 2865 muta
811 2809 854 2864 uel
874 2825 901 2863 m
920 2809 996 2864 uenit
1014 2818 1086 2865 ante.

642 2893 787 2933 diciturenim
802 2893 904 2944 suspendi
917 2904 959 2932 non
974 2892 1109 2946 suspenditli.

338 2947 367 3002 Si
385 2954 567 3015 conponatur,
587 2946 722 3013 geminata
741 2962 795 2999 non
814 2945 996 3012 geminantur.

263 3031 399 3080 humerulis
414 3029 488 3082 regula
502 3030 523 3069 in
537 3030 594 3070 omni
608 3029 761 3079 coniugatione
788 3029 847 3080 posci
891 3029 906 3069 ti
972 3028 993 3066 di
1033 3028 1074 3068 dici

289 3088 323 3135 20
341 3082 395 3138 lrex
414 3084 466 3138 erit
484 3083 551 3138 lraec
569 3082 688 3143 cunctis,
708 3081 755 3135 sed
774 3098 811 3149 po
831 3108 837 3119 ·
856 3090 898 3136 ste
917 3108 923 3119 ·
942 3081 976 3136 de
995 3106 1000 3117 ·
1021 3081 1104 3150 dique
1123 3082 1244 3138 routotis.

595 3165 677 3205 diuisas
907 3165 940 3205 uel
956 3177 1047 3218 prensus
1062 3177 1163 3217 pransum

338 3219 408 3274 llaec
427 3226 536 3287 praeter
554 3235 604 3286 per
623 3218 650 3272 ui
669 3216 712 3272 die
731 3217 874 3285 praeterit:
894 3218 988 3285 excipe
1005 3218 1113 3287 prandi.

363 3309 385 3342 ut
400 3302 498 3343 rideo.si
512 3301 618 3344 uide0.dl
647 3300 729 3341 totondi
841 3302 905 3341 risum
921 3303 991 3342 uisum
1007 3308 1091 3342 tonsurn

337 3355 407 3411 liuns
426 3355 476 3411 deo
497 3355 519 3410 si
538 3354 582 3410 uel
602 3353 629 3408 di
648 3353 825 3420 geminansue
844 3356 941 3420 supina
960 3355 1006 3409 etat
1024 3357 1052 3408 in
1071 3371 1131 3409 sunr

363 3439 470 3482 i.lnciens
485 3440 623 3492 praeteritum
638 3437 658 3477 in
673 3437 694 3476 ui
708 3437 790 3477 diuisas
800 3445 823 3477 ut
832 3438 909 3478 candui
919 3438 936 3477 si
947 3437 1036 3478 haberet
1045 3438 1146 3490 supinurn
1156 3438 1254 3489 regulere
1263 3445 1320 3480 esset
1329 3441 1438 3481 canditum

338 3491 493 3548 Preteriens
512 3492 539 3545 in
558 3490 669 3546 uident
688 3490 756 3545 itum
776 3489 918 3546 nullumne
937 3490 1075 3557 supinum.

364 3575 510 3618 i.seeundum
525 3573 620 3623 regulum
635 3585 707 3613 sesum
861 3579 934 3614 contre
948 3573 1045 3625 regulum

338 3627 383 3683 Sic
401 3628 483 3683 sedeo
503 3626 593 3682 reddit
610 3642 729 3688 sessum,
750 3634 838 3682 tannen
857 3644 870 3680 s
889 3626 1047 3693 geminauit.

415 3712 478 3750 etiam
494 3715 567 3750 contra
581 3709 678 3761 regulam

286 3769 319 3817 25
338 3763 447 3819 Gaudeo
465 3763 590 3830 ganisum
610 3762 734 3830 praehet,
754 3763 815 3818 uult
832 3762 926 3830 regula
947 3778 1070 3830 gausum.

358 3850 379 3888 in
394 3848 509 3901 praeterito
523 3848 529 3886 1
545 3851 567 3886 ut
580 3845 653 3897 fulgeo
668 3844 719 3886 iulsi
735 3851 808 3897 tergeo
822 3847 873 3886 tersi
886 3844 951 3896 lugeo
967 3847 1011 3886 luxi
1026 3846 1136 3889 i.uocnlis
1151 3845 1217 3899 longe
1231 3846 1360 3900 praecedens

337 3900 364 3955 Si
384 3901 448 3955 lacit
466 3899 474 3955 l
495 3897 538 3955 uel
558 3916 572 3954 r
589 3907 651 3954 anto
670 3914 722 3965 geo
741 3899 767 3953 ιί
786 3897 877 3953 littera
893 3897 978 3966 ‚longa

373 3990 397 4025 ut
411 3996 481 4036 augeo
496 3982 545 4023 auxi
723 3981 807 4021 diuisae
821 3987 843 4021 ut
858 3981 919 4034 rigeo
934 3982 991 4034 rigui

337 4037 383 4092 Vel
402 4037 560 4103 dyptongus
579 4034 672 4096 habet.
691 4035 719 4088 iu
738 4034 765 4089 ui
785 4049 836 4100 geo
855 4043 946 4089 cetera
965 4033 1073 4090 formet.

361 4121 451 4160 uerbum
465 4119 485 4159 in
501 4120 521 4158 ui
538 4118 617 4160 inciens
632 4117 768 4172 praeteritum
783 4128 825 4158 nou
840 4117 903 4157 hebet
917 4118 1017 4171 supinum

336 4171 436 4228 Prebet
454 4173 482 4226 ui
501 4171 606 4227 nullunr
625 4172 647 4225 si
667 4187 777 4238 parsum
797 4171 858 4236 (ten.
878 4171 1032 4236 supinum),
1050 4171 1075 4226 xi
1095 4171 1159 4228 iacit
1177 4174 1203 4228 in
1223 4182 1306 4229 etum.

348 4262 371 4296 ut
387 4262 476 4308 torqueo
490 4256 542 4296 torsi
557 4261 640 4296 tersum
818 4260 842 4294 ut
856 4259 935 4294 tortum
949 4255 984 4294 uel
998 4255 1112 4296 ‹listortum

338 4309 366 4364 Si
383 4326 456 4378 queo
475 4324 592 4377 suntque
611 4306 675 4363 lacit
693 4315 781 4363 tamen
800 4306 827 4362 iu
848 4315 905 4360 turn
924 4306 1059 4375 pluraque
1078 4308 1175 4364 reddit.

336 4394 356 4433 in
372 4393 447 4433 endem
460 4391 538 4432 sillabe
553 4397 576 4430 ut
590 4389 630 4431 ileo
645 4389 694 4430 sseui
711 4391 801 4443 suppleo
816 4403 856 4444 sup
873 4390 916 4430 leui
929 4397 953 4430 ut
967 4390 1039 4432 dotum
1054 4392 1178 4448 suppletum

286 4451 319 4499 30
339 4445 434 4501 Addita
454 4452 528 4499 muta
548 4442 591 4499 leo
611 4442 674 4498 iacit
694 4444 738 4499 eui
756 4443 840 4512 uique
870 4444 923 4498 acit
942 4452 1007 4499 turn.

386 4529 419 4569 leo
432 4528 463 4568 les
477 4528 519 4567 leui
552 4526 600 4568 oleo
614 4526 669 4566 oleui
796 4532 857 4567 etex
872 4527 903 4566 eis
917 4528 1028 4579 conposita
1043 4528 1141 4570 similiter

336 4582 381 4638 Sic
400 4582 454 4643 leo,
474 4581 514 4635 sie
533 4580 595 4636 oleo
614 4580 648 4635 de
666 4596 696 4635 se
715 4580 780 4636 iacit
798 4597 878 4636 omne
896 4589 1026 4636 creatum.

360 4665 440 4710 i.talis
454 4665 574 4705 terminatio
658 4664 740 4705 diuisas
768 4669 791 4705 ut
805 4663 868 4705 doleo
882 4663 941 4704 dolui

336 4720 431 4777 Cetera
449 4717 533 4775 uerba
551 4718 596 4774 leo
615 4734 664 4786 per
683 4717 710 4772 ui
730 4718 794 4774 tacit
813 4717 917 4787 absque
935 4717 1044 4787 supino.

667 4796 706 4826 neo
735 4786 774 4826 beo
814 4797 827 4826 o
904 4783 965 4825 luceo
979 4797 1017 4825 ceo
1056 4798 1092 4828 reo
1158 4797 1195 4827 ceo
1255 4787 1282 4828 be

337 4843 431 4900 Cetera
449 4849 513 4898 sunt
532 4839 560 4897 in
578 4839 606 4897 ui
625 4856 666 4895 rna
686 4866 691 4876 ·
711 4839 739 4894 iu
758 4865 763 4876 ·
783 4856 817 4896 ne
837 4866 842 4878 ·
862 4837 909 4909 pol
929 4866 934 4878 ·
953 4838 1007 4896 lu·
1027 4839 1061 4896 lte
1080 4866 1085 4879 ·
1104 4838 1161 4898 tnui
1181 4868 1186 4878 ·
1205 4858 1261 4897 sor.
