<?xml version="1.0" encoding="UTF-8"?>
<!DOCTYPE html PUBLIC "-//W3C//DTD XHTML 1.0 Transitional//EN"
    "http://www.w3.org/TR/xhtml1/DTD/xhtml1-transitional.dtd">
<html xmlns="http://www.w3.org/1999/xhtml" xml:lang="en" lang="en">
 <head>
  <title>
</title>
<meta http-equiv="Content-Type" content="text/html;charset=utf-8" />
  <meta name='ocr-system' content='tesseract 3.04.00' />
  <meta name='ocr-capabilities' content='ocr_page ocr_carea ocr_par ocr_line ocrx_word'/>
</head>
<body>
  <div class='ocr_page' id='page_1' title='image "./grammaticilatin06keilgoog_0493.png"; bbox 0 0 3382 5476; ppageno 0'>
   <div class='ocr_carea' id='block_1_1' title="bbox 205 380 1102 446">
    <p class='ocr_par' dir='ltr' id='par_1_1' title="bbox 205 380 1102 446">
     <span class='ocr_line' id='line_1_1' title="bbox 205 380 1102 446; baseline -0.007 -7"><span class='ocrx_word' id='word_1_1' title='bbox 205 381 268 446; x_wconf 79' lang='grc'><strong>218</strong></span> <span class='ocrx_word' id='word_1_2' title='bbox 606 381 841 434; x_wconf 74' lang='lat' dir='ltr'>COMMENTVM</span> <span class='ocrx_word' id='word_1_3' title='bbox 859 380 1102 433; x_wconf 67' lang='lat' dir='ltr'><strong>ermembertus</strong></span> 
     </span>
    </p>
   </div>
   <div class='ocr_carea' id='block_1_2' title="bbox 66 565 1548 2963">
    <p class='ocr_par' dir='ltr' id='par_1_2' title="bbox 66 565 1548 2963">
     <span class='ocr_line' id='line_1_2' title="bbox 205 565 1505 651; baseline 0.002 -19"><span class='ocrx_word' id='word_1_4' title='bbox 205 572 351 633; x_wconf 87' lang='lat' dir='ltr'><strong>lormatur</strong></span> <span class='ocrx_word' id='word_1_5' title='bbox 373 573 549 633; x_wconf 86' lang='lat' dir='ltr'><strong>interiectio.</strong></span> <span class='ocrx_word' id='word_1_6' title='bbox 594 571 687 650; x_wconf 80' lang='lat' dir='ltr'><strong>igilur</strong></span> <span class='ocrx_word' id='word_1_7' title='bbox 709 571 887 638; x_wconf 87' lang='lat' dir='ltr'><strong>interiectio,</strong></span> <span class='ocrx_word' id='word_1_8' title='bbox 912 589 987 651; x_wconf 90' lang='lat' dir='ltr'><strong>quae</strong></span> <span class='ocrx_word' id='word_1_9' title='bbox 1003 570 1116 634; x_wconf 79' lang='lat' dir='ltr'><strong>Graece</strong></span> <span class='ocrx_word' id='word_1_10' title='bbox 1138 565 1345 651; x_wconf 75' lang='grc' dir='ltr'><strong><em>παρένθεσις</em></strong></span> <span class='ocrx_word' id='word_1_11' title='bbox 1365 578 1505 645; x_wconf 76' lang='lat' dir='ltr'><strong>uocalm,</strong></span> 
     </span>
     <span class='ocr_line' id='line_1_3' title="bbox 205 671 1505 754; baseline -0.001 -18"><span class='ocrx_word' id='word_1_12' title='bbox 205 673 242 736; x_wconf 86' lang='lat' dir='ltr'><strong>ab</strong></span> <span class='ocrx_word' id='word_1_13' title='bbox 265 674 478 735; x_wconf 87' lang='lat' dir='ltr'><strong>interiacicndo</strong></span> <span class='ocrx_word' id='word_1_14' title='bbox 502 690 610 734; x_wconf 87' lang='lat' dir='ltr'><strong>nomen</strong></span> <span class='ocrx_word' id='word_1_15' title='bbox 633 674 736 733; x_wconf 83' lang='lat' dir='ltr'><strong>sortita</strong></span> <span class='ocrx_word' id='word_1_16' title='bbox 759 682 817 747; x_wconf 84' lang='lat' dir='ltr'><strong>est,</strong></span> <span class='ocrx_word' id='word_1_17' title='bbox 841 672 924 752; x_wconf 84' lang='lat' dir='ltr'><strong>quia,</strong></span> <span class='ocrx_word' id='word_1_18' title='bbox 948 690 1016 733; x_wconf 89' lang='lat' dir='ltr'><strong>cum</strong></span> <span class='ocrx_word' id='word_1_19' title='bbox 1039 672 1077 734; x_wconf 90' lang='lat' dir='ltr'><strong>de</strong></span> <span class='ocrx_word' id='word_1_20' title='bbox 1099 671 1164 733; x_wconf 87' lang='lat' dir='ltr'><strong>aliis</strong></span> <span class='ocrx_word' id='word_1_21' title='bbox 1178 671 1316 752; x_wconf 83' lang='lat' dir='ltr'><strong>partibus</strong></span> <span class='ocrx_word' id='word_1_22' title='bbox 1338 672 1505 754; x_wconf 83' lang='lat' dir='ltr'><strong>loquimur,</strong></span> 
     </span>
     <span class='ocr_line' id='line_1_4' title="bbox 205 773 1506 856; baseline 0 -18"><span class='ocrx_word' id='word_1_23' title='bbox 205 776 303 838; x_wconf 85' lang='lat' dir='ltr'><strong>subito</strong></span> <span class='ocrx_word' id='word_1_24' title='bbox 330 778 482 837; x_wconf 87' lang='lat' dir='ltr'><strong>intereas</strong></span> <span class='ocrx_word' id='word_1_25' title='bbox 511 776 691 855; x_wconf 78' lang='lat' dir='ltr'><strong>proferimus</strong></span> <span class='ocrx_word' id='word_1_26' title='bbox 718 775 967 835; x_wconf 88' lang='lat' dir='ltr'><strong>interiectionem.</strong></span> <span class='ocrx_word' id='word_1_27' title='bbox 1011 773 1093 836; x_wconf 83' lang='lat' dir='ltr'><strong>Vnde</strong></span> <span class='ocrx_word' id='word_1_28' title='bbox 1120 781 1150 836; x_wconf 91' lang='lat' dir='ltr'><strong>el</strong></span> <span class='ocrx_word' id='word_1_29' title='bbox 1178 773 1253 835; x_wconf 87' lang='lat' dir='ltr'><strong>aliae</strong></span> <span class='ocrx_word' id='word_1_30' title='bbox 1280 782 1399 855; x_wconf 81' lang='lat' dir='ltr'><strong>parles,</strong></span> <span class='ocrx_word' id='word_1_31' title='bbox 1427 792 1506 856; x_wconf 80' lang='lat' dir='ltr'><strong>quac</strong></span> 
     </span>
     <span class='ocr_line' id='line_1_5' title="bbox 204 860 1506 958; baseline -0.001 -19"><span class='ocrx_word' id='word_1_32' title='bbox 204 878 301 941; x_wconf 86' lang='lat' dir='ltr'><strong>subita</strong></span> <span class='ocrx_word' id='word_1_33' title='bbox 324 897 398 940; x_wconf 88' lang='lat' dir='ltr'><strong>uoce</strong></span> <span class='ocrx_word' id='word_1_34' title='bbox 421 877 625 958; x_wconf 79' lang='lat' dir='ltr'><strong>proferuntur,</strong></span> <span class='ocrx_word' id='word_1_35' title='bbox 649 878 847 937; x_wconf 86' lang='lat' dir='ltr'><strong>interiectioni</strong></span> <span class='ocrx_word' id='word_1_36' title='bbox 862 879 1052 956; x_wconf 85' lang='lat' dir='ltr'><strong>deputantur.</strong></span> <span class='ocrx_word' id='word_1_37' title='bbox 1076 860 1191 957; x_wconf 78' lang='lat' dir='ltr'><strong>ut‘pro</strong></span> <span class='ocrx_word' id='word_1_38' title='bbox 1206 876 1304 938; x_wconf 81' lang='lat' dir='ltr'><strong>dolur’</strong></span> <span class='ocrx_word' id='word_1_39' title='bbox 1320 876 1390 956; x_wconf 77' lang='lat' dir='ltr'><strong>‘pro</strong></span> <span class='ocrx_word' id='word_1_40' title='bbox 1406 876 1506 944; x_wconf 77' lang='lat' dir='ltr'><strong>uelas’</strong></span> 
     </span>
     <span class='ocr_line' id='line_1_6' title="bbox 205 979 1507 1060; baseline -0.001 -18"><span class='ocrx_word' id='word_1_41' title='bbox 205 981 279 1042; x_wconf 78' lang='lat' dir='ltr'><strong>‘deo</strong></span> <span class='ocrx_word' id='word_1_42' title='bbox 301 981 440 1060; x_wconf 84' lang='lat' dir='ltr'><strong>gratias’.</strong></span> <span class='ocrx_word' id='word_1_43' title='bbox 485 979 600 1040; x_wconf 78' lang='lat' dir='ltr'><strong>Dicitur</strong></span> <span class='ocrx_word' id='word_1_44' title='bbox 623 981 725 1048; x_wconf 89' lang='lat' dir='ltr'><strong>etiam,</strong></span> <span class='ocrx_word' id='word_1_45' title='bbox 757 988 789 1040; x_wconf 90' lang='lat' dir='ltr'><strong>ut</strong></span> <span class='ocrx_word' id='word_1_46' title='bbox 810 980 905 1047; x_wconf 86' lang='lat' dir='ltr'><strong>aiunl,</strong></span> <span class='ocrx_word' id='word_1_47' title='bbox 935 980 1103 1040; x_wconf 85' lang='lat' dir='ltr'><strong>interiectio</strong></span> <span class='ocrx_word' id='word_1_48' title='bbox 1125 981 1207 1060; x_wconf 82' lang='lat' dir='ltr'><strong>quasi</strong></span> <span class='ocrx_word' id='word_1_49' title='bbox 1229 979 1379 1041; x_wconf 74' lang='lat' dir='ltr'><strong>‘interius</strong></span> <span class='ocrx_word' id='word_1_50' title='bbox 1401 979 1507 1041; x_wconf 77' lang='lat' dir='ltr'><strong>iacens</strong></span> 
     </span>
     <span class='ocr_line' id='line_1_7' title="bbox 205 1078 1531 1160; baseline -0.003 -17"><span class='ocrx_word' id='word_1_51' title='bbox 205 1085 304 1153; x_wconf 88' lang='lat' dir='ltr'><strong>rati0’‚</strong></span> <span class='ocrx_word' id='word_1_52' title='bbox 333 1081 403 1142; x_wconf 90' lang='lat' dir='ltr'><strong>dum</strong></span> <span class='ocrx_word' id='word_1_53' title='bbox 427 1100 484 1142; x_wconf 82' lang='lat' dir='ltr'><strong>uox</strong></span> <span class='ocrx_word' id='word_1_54' title='bbox 508 1079 682 1160; x_wconf 89' lang='lat' dir='ltr'><strong>plerumque</strong></span> <span class='ocrx_word' id='word_1_55' title='bbox 706 1080 991 1160; x_wconf 84' lang='lat' dir='ltr'><strong>impraemeditatiue</strong></span> <span class='ocrx_word' id='word_1_56' title='bbox 1013 1082 1144 1143; x_wconf 83' lang='lat' dir='ltr'><strong>exterius</strong></span> <span class='ocrx_word' id='word_1_57' title='bbox 1167 1081 1299 1158; x_wconf 76' lang='lat' dir='ltr'><strong>emergit.</strong></span> <span class='ocrx_word' id='word_1_58' title='bbox 1344 1078 1531 1152; x_wconf 77' lang='lat' dir='ltr'><strong>Quidams</strong></span> 
     </span>
     <span class='ocr_line' id='line_1_8' title="bbox 205 1180 1507 1263; baseline 0.002 -19"><span class='ocrx_word' id='word_1_59' title='bbox 205 1184 281 1244; x_wconf 81' lang='lat' dir='ltr'><strong>lianc</strong></span> <span class='ocrx_word' id='word_1_60' title='bbox 320 1182 493 1263; x_wconf 80' lang='lat' dir='ltr'><strong>particulam</strong></span> <span class='ocrx_word' id='word_1_61' title='bbox 533 1182 676 1244; x_wconf 82' lang='lat' dir='ltr'><strong>aduerbio</strong></span> <span class='ocrx_word' id='word_1_62' title='bbox 713 1184 883 1245; x_wconf 86' lang='lat' dir='ltr'><strong>consociare</strong></span> <span class='ocrx_word' id='word_1_63' title='bbox 917 1182 1085 1243; x_wconf 83' lang='lat' dir='ltr'><strong>uoluerunt.</strong></span> <span class='ocrx_word' id='word_1_64' title='bbox 1142 1184 1202 1244; x_wconf 83' lang='lat' dir='ltr'><strong>Cur</strong></span> <span class='ocrx_word' id='word_1_65' title='bbox 1236 1183 1330 1260; x_wconf 78' lang='lat' dir='ltr'><strong>igitur</strong></span> <span class='ocrx_word' id='word_1_66' title='bbox 1367 1180 1507 1246; x_wconf 78' lang='lat' dir='ltr'><strong>Donatus</strong></span> 
     </span>
     <span class='ocr_line' id='line_1_9' title="bbox 205 1281 1507 1365; baseline 0.002 -20"><span class='ocrx_word' id='word_1_67' title='bbox 205 1284 316 1346; x_wconf 83' lang='lat' dir='ltr'><strong>noluit?</strong></span> <span class='ocrx_word' id='word_1_68' title='bbox 345 1285 490 1356; x_wconf 83' lang='lat' dir='ltr'><strong>Quoniam</strong></span> <span class='ocrx_word' id='word_1_69' title='bbox 514 1283 603 1344; x_wconf 88' lang='lat' dir='ltr'><strong>lrabct</strong></span> <span class='ocrx_word' id='word_1_70' title='bbox 624 1302 707 1344; x_wconf 86' lang='lat' dir='ltr'><strong>suam</strong></span> <span class='ocrx_word' id='word_1_71' title='bbox 730 1286 958 1364; x_wconf 70' lang='lat' dir='ltr'><strong>proprietatem,</strong></span> <span class='ocrx_word' id='word_1_72' title='bbox 981 1286 1059 1344; x_wconf 87' lang='lat' dir='ltr'><strong>sicul</strong></span> <span class='ocrx_word' id='word_1_73' title='bbox 1080 1294 1199 1345; x_wconf 85' lang='lat' dir='ltr'><strong>ceterae</strong></span> <span class='ocrx_word' id='word_1_74' title='bbox 1221 1290 1336 1365; x_wconf 85' lang='lat' dir='ltr'><strong>partes,</strong></span> <span class='ocrx_word' id='word_1_75' title='bbox 1359 1281 1507 1347; x_wconf 77' lang='lat' dir='ltr'><strong>uidelicet</strong></span> 
     </span>
     <span class='ocr_line' id='line_1_10' title="bbox 205 1385 1508 1464; baseline 0 -16"><span class='ocrx_word' id='word_1_76' title='bbox 205 1390 313 1448; x_wconf 84' lang='lat' dir='ltr'><strong>mentis</strong></span> <span class='ocrx_word' id='word_1_77' title='bbox 335 1388 472 1448; x_wconf 86' lang='lat' dir='ltr'><strong>aliectum</strong></span> <span class='ocrx_word' id='word_1_78' title='bbox 496 1386 662 1447; x_wconf 88' lang='lat' dir='ltr'><strong>ostendere.</strong></span> <span class='ocrx_word' id='word_1_79' title='bbox 707 1386 745 1446; x_wconf 83' lang='lat' dir='ltr'><strong>Et</strong></span> <span class='ocrx_word' id='word_1_80' title='bbox 765 1385 937 1456; x_wconf 85' lang='lat' dir='ltr'><strong>sciendum,</strong></span> <span class='ocrx_word' id='word_1_81' title='bbox 966 1385 1043 1464; x_wconf 88' lang='lat' dir='ltr'><strong>quod</strong></span> <span class='ocrx_word' id='word_1_82' title='bbox 1066 1388 1105 1447; x_wconf 86' lang='lat' dir='ltr'><strong>lta</strong></span> <span class='ocrx_word' id='word_1_83' title='bbox 1129 1391 1250 1446; x_wconf 86' lang='lat' dir='ltr'><strong>manent</strong></span> <span class='ocrx_word' id='word_1_84' title='bbox 1276 1385 1508 1448; x_wconf 78' lang='lat' dir='ltr'><strong>interlectiones</strong></span> 
     </span>
     <span class='ocr_line' id='line_1_11' title="bbox 204 1484 1506 1569; baseline -0.001 -19"><span class='ocrx_word' id='word_1_85' title='bbox 204 1489 281 1569; x_wconf 83' lang='lat' dir='ltr'><strong>apud</strong></span> <span class='ocrx_word' id='word_1_86' title='bbox 306 1488 469 1558; x_wconf 83' lang='lat' dir='ltr'><strong>Hebraeos.</strong></span> <span class='ocrx_word' id='word_1_87' title='bbox 494 1490 570 1550; x_wconf 87' lang='lat' dir='ltr'><strong>sicut</strong></span> <span class='ocrx_word' id='word_1_88' title='bbox 591 1497 622 1549; x_wconf 90' lang='lat' dir='ltr'><strong>et</strong></span> <span class='ocrx_word' id='word_1_89' title='bbox 643 1487 722 1565; x_wconf 85' lang='lat' dir='ltr'><strong>apud</strong></span> <span class='ocrx_word' id='word_1_90' title='bbox 745 1487 879 1556; x_wconf 86' lang='lat' dir='ltr'><strong>Latinos,</strong></span> <span class='ocrx_word' id='word_1_91' title='bbox 909 1497 939 1549; x_wconf 87' lang='lat' dir='ltr'><strong>et</strong></span> <span class='ocrx_word' id='word_1_92' title='bbox 961 1506 1020 1549; x_wconf 89' lang='lat' dir='ltr'><strong>uon</strong></span> <span class='ocrx_word' id='word_1_93' title='bbox 1043 1494 1194 1549; x_wconf 81' lang='lat' dir='ltr'><strong>mutantur</strong></span> <span class='ocrx_word' id='word_1_94' title='bbox 1216 1488 1246 1547; x_wconf 88' lang='lat' dir='ltr'><strong>in</strong></span> <span class='ocrx_word' id='word_1_95' title='bbox 1269 1484 1334 1547; x_wconf 86' lang='lat' dir='ltr'><strong>aliis</strong></span> <span class='ocrx_word' id='word_1_96' title='bbox 1354 1485 1506 1567; x_wconf 81' lang='lat' dir='ltr'><strong>partibus,</strong></span> 
     </span>
     <span class='ocr_line' id='line_1_12' title="bbox 204 1556 1544 1667; baseline 0 -15"><span class='ocrx_word' id='word_1_97' title='bbox 204 1601 236 1652; x_wconf 86' lang='lat' dir='ltr'><strong>ut</strong></span> <span class='ocrx_word' id='word_1_98' title='bbox 260 1590 373 1651; x_wconf 85' lang='lat' dir='ltr'><strong>‘racha&#39;</strong></span> <span class='ocrx_word' id='word_1_99' title='bbox 398 1592 564 1652; x_wconf 85' lang='lat' dir='ltr'><strong>interiectio</strong></span> <span class='ocrx_word' id='word_1_100' title='bbox 587 1589 715 1651; x_wconf 85' lang='lat' dir='ltr'><strong>dolentis</strong></span> <span class='ocrx_word' id='word_1_101' title='bbox 737 1599 782 1650; x_wconf 88' lang='lat' dir='ltr'><strong>est</strong></span> <span class='ocrx_word' id='word_1_102' title='bbox 803 1589 881 1667; x_wconf 85' lang='lat' dir='ltr'><strong>apud</strong></span> <span class='ocrx_word' id='word_1_103' title='bbox 910 1588 1061 1651; x_wconf 83' lang='lat' dir='ltr'><strong>Hebraeus</strong></span> <span class='ocrx_word' id='word_1_104' title='bbox 1090 1588 1274 1665; x_wconf 79' lang='lat' dir='ltr'><strong>significans.</strong></span> <span class='ocrx_word' id='word_1_105' title='bbox 1307 1588 1348 1647; x_wconf 66' lang='grc' dir='ltr'><strong>οἱ·</strong></span> <span class='ocrx_word' id='word_1_106' title='bbox 1372 1587 1505 1651; x_wconf 82' lang='lat' dir='ltr'><strong>‹lemen-</strong></span> <span class='ocrx_word' id='word_1_107' title='bbox 1519 1556 1544 1596; x_wconf 54' lang='grc' dir='ltr'><strong><em>ω</em></strong></span> 
     </span>
     <span class='ocr_line' id='line_1_13' title="bbox 204 1691 1505 1770; baseline 0.001 -19"><span class='ocrx_word' id='word_1_108' title='bbox 204 1704 316 1762; x_wconf 84' lang='lat' dir='ltr'><strong>straus,</strong></span> <span class='ocrx_word' id='word_1_109' title='bbox 347 1695 453 1753; x_wconf 85' lang='lat' dir='ltr'><strong>meutis</strong></span> <span class='ocrx_word' id='word_1_110' title='bbox 483 1693 634 1761; x_wconf 79' lang='lat' dir='ltr'><strong>allectum,</strong></span> <span class='ocrx_word' id='word_1_111' title='bbox 667 1694 708 1751; x_wconf 92' lang='lat' dir='ltr'><strong>·i·</strong></span> <span class='ocrx_word' id='word_1_112' title='bbox 732 1692 923 1752; x_wconf 88' lang='lat' dir='ltr'><strong>intellectum.</strong></span> <span class='ocrx_word' id='word_1_113' title='bbox 969 1691 1114 1770; x_wconf 81' lang='lat' dir='ltr'><strong>Quicquid</strong></span> <span class='ocrx_word' id='word_1_114' title='bbox 1142 1693 1222 1751; x_wconf 88' lang='lat' dir='ltr'><strong>enim</strong></span> <span class='ocrx_word' id='word_1_115' title='bbox 1250 1698 1353 1752; x_wconf 85' lang='lat' dir='ltr'><strong>uester</strong></span> <span class='ocrx_word' id='word_1_116' title='bbox 1380 1693 1505 1753; x_wconf 81' lang='lat' dir='ltr'><strong>animus</strong></span> 
     </span>
     <span class='ocr_line' id='line_1_14' title="bbox 66 1791 1505 1872; baseline -0.001 -15"><span class='ocrx_word' id='word_1_117' title='bbox 66 1819 87 1858; x_wconf 84' lang='lat' dir='ltr'><strong>r·</strong></span> <span class='ocrx_word' id='word_1_118' title='bbox 101 1808 151 1856; x_wconf 74' lang='lat'><strong>³⁶⁶,</strong></span> <span class='ocrx_word' id='word_1_119' title='bbox 166 1808 190 1845; x_wconf 80' lang='lat'><strong>¹⁴</strong></span> <span class='ocrx_word' id='word_1_120' title='bbox 205 1795 292 1863; x_wconf 79' lang='lat' dir='ltr'><strong>uelit,</strong></span> <span class='ocrx_word' id='word_1_121' title='bbox 315 1797 380 1854; x_wconf 88' lang='lat' dir='ltr'><strong>siue</strong></span> <span class='ocrx_word' id='word_1_122' title='bbox 403 1804 578 1872; x_wconf 79' lang='lat' dir='ltr'><strong>erumpente</strong></span> <span class='ocrx_word' id='word_1_123' title='bbox 600 1793 707 1870; x_wconf 82' lang='lat' dir='ltr'><strong>gaudio</strong></span> <span class='ocrx_word' id='word_1_124' title='bbox 730 1812 782 1853; x_wconf 88' lang='lat' dir='ltr'><strong>seu</strong></span> <span class='ocrx_word' id='word_1_125' title='bbox 805 1792 922 1860; x_wconf 84' lang='lat' dir='ltr'><strong>dolore,</strong></span> <span class='ocrx_word' id='word_1_126' title='bbox 946 1794 1153 1853; x_wconf 86' lang='lat' dir='ltr'><strong>interiectione</strong></span> <span class='ocrx_word' id='word_1_127' title='bbox 1176 1791 1314 1854; x_wconf 85' lang='lat' dir='ltr'><strong>ostendit.</strong></span> <span class='ocrx_word' id='word_1_128' title='bbox 1361 1791 1505 1855; x_wconf 83' lang='lat' dir='ltr'><strong>lucon-</strong></span> 
     </span>
     <span class='ocr_line' id='line_1_15' title="bbox 67 1892 1507 1977; baseline -0.001 -18"><span class='ocrx_word' id='word_1_129' title='bbox 67 1918 88 1959; x_wconf 87' lang='lat' dir='ltr'><strong>r·</strong></span> <span class='ocrx_word' id='word_1_130' title='bbox 102 1907 151 1952; x_wconf 64' lang='lat'><strong>³6⁶,</strong></span> <span class='ocrx_word' id='word_1_131' title='bbox 167 1907 191 1946; x_wconf 82' lang='lat'><strong>1⁵</strong></span> <span class='ocrx_word' id='word_1_132' title='bbox 205 1896 282 1956; x_wconf 68' lang='lat' dir='ltr'><strong>«lita</strong></span> <span class='ocrx_word' id='word_1_133' title='bbox 306 1915 411 1964; x_wconf 84' lang='lat' dir='ltr'><strong>uere,</strong></span> <span class='ocrx_word' id='word_1_134' title='bbox 437 1898 476 1956; x_wconf 93' lang='lat' dir='ltr'><strong>·i·</strong></span> <span class='ocrx_word' id='word_1_135' title='bbox 499 1892 616 1977; x_wconf 72' lang='grc'>1113811</span> <span class='ocrx_word' id='word_1_136' title='bbox 637 1896 804 1955; x_wconf 80' lang='lat' dir='ltr'><strong>informata.</strong></span> <span class='ocrx_word' id='word_1_137' title='bbox 835 1895 948 1962; x_wconf 75' lang='lat' dir='ltr'><strong>Euri,</strong></span> <span class='ocrx_word' id='word_1_138' title='bbox 972 1896 1142 1954; x_wconf 84' lang='lat' dir='ltr'><strong>interiectio</strong></span> <span class='ocrx_word' id='word_1_139' title='bbox 1165 1901 1211 1955; x_wconf 86' lang='lat' dir='ltr'><strong>est</strong></span> <span class='ocrx_word' id='word_1_140' title='bbox 1230 1892 1399 1973; x_wconf 62' lang='lat' dir='ltr'><strong>gaudentis,</strong></span> <span class='ocrx_word' id='word_1_141' title='bbox 1423 1895 1507 1958; x_wconf 83' lang='lat' dir='ltr'><strong>sicut</strong></span> 
     </span>
     <span class='ocr_line' id='line_1_16' title="bbox 205 1995 1545 2075; baseline -0.003 -19"><span class='ocrx_word' id='word_1_142' title='bbox 205 2004 234 2057; x_wconf 90' lang='lat' dir='ltr'><strong>et</strong></span> <span class='ocrx_word' id='word_1_143' title='bbox 256 2014 346 2074; x_wconf 76' lang='lat' dir='ltr'><strong>euge,</strong></span> <span class='ocrx_word' id='word_1_144' title='bbox 371 2000 462 2057; x_wconf 86' lang='lat' dir='ltr'><strong>utin</strong></span> <span class='ocrx_word' id='word_1_145' title='bbox 486 1996 698 2075; x_wconf 79' lang='lat' dir='ltr'><strong>euangelio:</strong></span> <span class='ocrx_word' id='word_1_146' title='bbox 722 1997 818 2075; x_wconf 82' lang='lat' dir='ltr'><strong>Euge</strong></span> <span class='ocrx_word' id='word_1_147' title='bbox 842 2014 950 2057; x_wconf 86' lang='lat' dir='ltr'><strong>scrue</strong></span> <span class='ocrx_word' id='word_1_148' title='bbox 975 1995 1083 2065; x_wconf 84' lang='lat' dir='ltr'><strong>bonu,</strong></span> <span class='ocrx_word' id='word_1_149' title='bbox 1109 1998 1139 2056; x_wconf 92' lang='lat' dir='ltr'><strong>·i·</strong></span> <span class='ocrx_word' id='word_1_150' title='bbox 1164 1996 1285 2057; x_wconf 83' lang='lat' dir='ltr'><strong>laetare.</strong></span> <span class='ocrx_word' id='word_1_151' title='bbox 1329 1995 1424 2057; x_wconf 79' lang='lat' dir='ltr'><strong>‘ileu’</strong></span> <span class='ocrx_word' id='word_1_152' title='bbox 1447 1997 1545 2059; x_wconf 78' lang='lat' dir='ltr'><strong>ali-rs</strong></span> 
     </span>
     <span class='ocr_line' id='line_1_17' title="bbox 205 2097 798 2178; baseline -0.005 -19"><span class='ocrx_word' id='word_1_153' title='bbox 205 2099 323 2178; x_wconf 85' lang='lat' dir='ltr'><strong>quaudo</strong></span> <span class='ocrx_word' id='word_1_154' title='bbox 345 2097 523 2178; x_wconf 79' lang='lat' dir='ltr'><strong>duplicatur,</strong></span> <span class='ocrx_word' id='word_1_155' title='bbox 546 2105 579 2158; x_wconf 89' lang='lat' dir='ltr'><strong>ut</strong></span> <span class='ocrx_word' id='word_1_156' title='bbox 601 2097 798 2176; x_wconf 77' lang='lat' dir='ltr'><strong>Virgilius:</strong></span> 
     </span>
     <span class='ocr_line' id='line_1_18' title="bbox 290 2200 1408 2279; baseline 0.001 -19"><span class='ocrx_word' id='word_1_157' title='bbox 290 2201 364 2261; x_wconf 89' lang='lat' dir='ltr'><strong>lleu</strong></span> <span class='ocrx_word' id='word_1_158' title='bbox 388 2201 456 2260; x_wconf 81' lang='lat' dir='ltr'><strong>lieu</strong></span> <span class='ocrx_word' id='word_1_159' title='bbox 478 2217 582 2278; x_wconf 86' lang='lat' dir='ltr'><strong>quam</strong></span> <span class='ocrx_word' id='word_1_160' title='bbox 605 2202 735 2279; x_wconf 80' lang='lat' dir='ltr'><strong>pingui</strong></span> <span class='ocrx_word' id='word_1_161' title='bbox 761 2218 880 2261; x_wconf 86' lang='lat' dir='ltr'><strong>macer</strong></span> <span class='ocrx_word' id='word_1_162' title='bbox 904 2207 959 2259; x_wconf 89' lang='lat' dir='ltr'><strong>est</strong></span> <span class='ocrx_word' id='word_1_163' title='bbox 981 2200 1072 2260; x_wconf 87' lang='lat' dir='ltr'><strong>milri</strong></span> <span class='ocrx_word' id='word_1_164' title='bbox 1094 2207 1225 2261; x_wconf 87' lang='lat' dir='ltr'><strong>laurus</strong></span> <span class='ocrx_word' id='word_1_165' title='bbox 1246 2201 1282 2260; x_wconf 88' lang='lat' dir='ltr'><strong>in</strong></span> <span class='ocrx_word' id='word_1_166' title='bbox 1306 2216 1408 2261; x_wconf 90' lang='lat' dir='ltr'><strong>eruo.</strong></span> 
     </span>
     <span class='ocr_line' id='line_1_19' title="bbox 204 2299 1506 2370; baseline 0.002 -8"><span class='ocrx_word' id='word_1_167' title='bbox 204 2303 237 2364; x_wconf 91' lang='lat' dir='ltr'><strong>ln</strong></span> <span class='ocrx_word' id='word_1_168' title='bbox 259 2301 529 2369; x_wconf 86' lang='lat' dir='ltr'><strong>interiectionibus,</strong></span> <span class='ocrx_word' id='word_1_169' title='bbox 553 2308 584 2359; x_wconf 89' lang='lat' dir='ltr'><strong>ut</strong></span> <span class='ocrx_word' id='word_1_170' title='bbox 606 2304 649 2361; x_wconf 92' lang='lat' dir='ltr'><strong>ait</strong></span> <span class='ocrx_word' id='word_1_171' title='bbox 672 2302 847 2370; x_wconf 83' lang='lat' dir='ltr'><strong>Donatus.</strong></span> <span class='ocrx_word' id='word_1_172' title='bbox 872 2299 945 2362; x_wconf 87' lang='lat' dir='ltr'><strong>nulli</strong></span> <span class='ocrx_word' id='word_1_173' title='bbox 970 2304 1045 2362; x_wconf 86' lang='lat' dir='ltr'><strong>certi</strong></span> <span class='ocrx_word' id='word_1_174' title='bbox 1069 2310 1139 2362; x_wconf 88' lang='lat' dir='ltr'><strong>sunt</strong></span> <span class='ocrx_word' id='word_1_175' title='bbox 1160 2310 1314 2369; x_wconf 62' lang='lat' dir='ltr'><strong>accentum</strong></span> <span class='ocrx_word' id='word_1_176' title='bbox 1346 2309 1398 2364; x_wconf 88' lang='lat' dir='ltr'><strong>aut</strong></span> <span class='ocrx_word' id='word_1_177' title='bbox 1422 2304 1506 2365; x_wconf 87' lang='lat' dir='ltr'><strong>cuim</strong></span> 
     </span>
     <span class='ocr_line' id='line_1_20' title="bbox 204 2403 1509 2483; baseline 0.003 -20"><span class='ocrx_word' id='word_1_178' title='bbox 204 2404 285 2464; x_wconf 74' lang='lat' dir='ltr'><strong>ilices</strong></span> <span class='ocrx_word' id='word_1_179' title='bbox 313 2407 387 2465; x_wconf 75' lang='lat' dir='ltr'><strong>euax</strong></span> <span class='ocrx_word' id='word_1_180' title='bbox 415 2411 502 2463; x_wconf 87' lang='lat' dir='ltr'><strong>acuto</strong></span> <span class='ocrx_word' id='word_1_181' title='bbox 530 2403 712 2483; x_wconf 85' lang='lat' dir='ltr'><strong>paenultimu</strong></span> <span class='ocrx_word' id='word_1_182' title='bbox 741 2404 787 2464; x_wconf 92' lang='lat' dir='ltr'><strong>uel</strong></span> <span class='ocrx_word' id='word_1_183' title='bbox 816 2404 889 2464; x_wconf 76' lang='lat' dir='ltr'><strong>euax</strong></span> <span class='ocrx_word' id='word_1_184' title='bbox 918 2403 1022 2464; x_wconf 90' lang='lat' dir='ltr'><strong>ultimo</strong></span> <span class='ocrx_word' id='word_1_185' title='bbox 1050 2413 1152 2472; x_wconf 87' lang='lat' dir='ltr'><strong>acuto,</strong></span> <span class='ocrx_word' id='word_1_186' title='bbox 1184 2403 1264 2464; x_wconf 85' lang='lat' dir='ltr'><strong>idem</strong></span> <span class='ocrx_word' id='word_1_187' title='bbox 1292 2410 1347 2464; x_wconf 85' lang='lat' dir='ltr'><strong>esl.</strong></span> <span class='ocrx_word' id='word_1_188' title='bbox 1394 2403 1447 2465; x_wconf 90' lang='lat' dir='ltr'><strong>Sic</strong></span> <span class='ocrx_word' id='word_1_189' title='bbox 1475 2414 1509 2467; x_wconf 83' lang='lat' dir='ltr'><strong>et</strong></span> 
     </span>
     <span class='ocr_line' id='line_1_21' title="bbox 205 2504 1548 2587; baseline 0 -22"><span class='ocrx_word' id='word_1_190' title='bbox 205 2506 262 2565; x_wconf 80' lang='lat' dir='ltr'><strong>lieu</strong></span> <span class='ocrx_word' id='word_1_191' title='bbox 279 2515 309 2566; x_wconf 87' lang='lat' dir='ltr'><strong>et</strong></span> <span class='ocrx_word' id='word_1_192' title='bbox 324 2524 398 2583; x_wconf 81' lang='lat' dir='ltr'><strong>euge</strong></span> <span class='ocrx_word' id='word_1_193' title='bbox 414 2514 442 2566; x_wconf 88' lang='lat' dir='ltr'><strong>el</strong></span> <span class='ocrx_word' id='word_1_194' title='bbox 459 2523 559 2584; x_wconf 86' lang='lat' dir='ltr'><strong>papae.</strong></span> <span class='ocrx_word' id='word_1_195' title='bbox 599 2505 690 2565; x_wconf 81' lang='lat' dir='ltr'><strong>‘llcu’</strong></span> <span class='ocrx_word' id='word_1_196' title='bbox 714 2514 811 2565; x_wconf 89' lang='lat' dir='ltr'><strong>autem</strong></span> <span class='ocrx_word' id='word_1_197' title='bbox 836 2504 985 2565; x_wconf 85' lang='lat' dir='ltr'><strong>interdum</strong></span> <span class='ocrx_word' id='word_1_198' title='bbox 1010 2505 1245 2586; x_wconf 76' lang='lat' dir='ltr'><strong>monosyllabum</strong></span> <span class='ocrx_word' id='word_1_199' title='bbox 1269 2512 1313 2564; x_wconf 86' lang='lat' dir='ltr'><strong>cst</strong></span> <span class='ocrx_word' id='word_1_200' title='bbox 1335 2512 1387 2565; x_wconf 81' lang='lat' dir='ltr'><strong>aut</strong></span> <span class='ocrx_word' id='word_1_201' title='bbox 1410 2504 1548 2587; x_wconf 70' lang='lat' dir='ltr'><strong>disp-u</strong></span> 
     </span>
     <span class='ocr_line' id='line_1_22' title="bbox 205 2607 1508 2686; baseline 0.002 -18"><span class='ocrx_word' id='word_1_202' title='bbox 205 2607 318 2675; x_wconf 80' lang='lat' dir='ltr'><strong>labam,</strong></span> <span class='ocrx_word' id='word_1_203' title='bbox 343 2610 421 2667; x_wconf 84' lang='lat' dir='ltr'><strong>sicut</strong></span> <span class='ocrx_word' id='word_1_204' title='bbox 436 2610 524 2668; x_wconf 88' lang='lat' dir='ltr'><strong>metri</strong></span> <span class='ocrx_word' id='word_1_205' title='bbox 542 2609 702 2667; x_wconf 87' lang='lat' dir='ltr'><strong>necessitas</strong></span> <span class='ocrx_word' id='word_1_206' title='bbox 718 2609 860 2684; x_wconf 81' lang='lat' dir='ltr'><strong>coegerit.</strong></span> <span class='ocrx_word' id='word_1_207' title='bbox 905 2607 1026 2686; x_wconf 75' lang='lat' dir='ltr'><strong>‘Papae&#39;</strong></span> <span class='ocrx_word' id='word_1_208' title='bbox 1050 2608 1162 2669; x_wconf 83' lang='lat' dir='ltr'><strong>Graeca</strong></span> <span class='ocrx_word' id='word_1_209' title='bbox 1185 2608 1357 2667; x_wconf 85' lang='lat' dir='ltr'><strong>interiectio</strong></span> <span class='ocrx_word' id='word_1_210' title='bbox 1381 2616 1430 2669; x_wconf 87' lang='lat' dir='ltr'><strong>est</strong></span> <span class='ocrx_word' id='word_1_211' title='bbox 1452 2609 1508 2669; x_wconf 88' lang='lat' dir='ltr'><strong>ad·</strong></span> 
     </span>
     <span class='ocr_line' id='line_1_23' title="bbox 205 2707 1507 2789; baseline 0.001 -19"><span class='ocrx_word' id='word_1_212' title='bbox 205 2712 354 2775; x_wconf 83' lang='lat' dir='ltr'><strong>mirantis,</strong></span> <span class='ocrx_word' id='word_1_213' title='bbox 385 2707 462 2769; x_wconf 88' lang='lat' dir='ltr'><strong>umle</strong></span> <span class='ocrx_word' id='word_1_214' title='bbox 485 2717 514 2768; x_wconf 88' lang='lat' dir='ltr'><strong>et</strong></span> <span class='ocrx_word' id='word_1_215' title='bbox 537 2727 611 2788; x_wconf 89' lang='lat' dir='ltr'><strong>papa</strong></span> <span class='ocrx_word' id='word_1_216' title='bbox 640 2707 749 2769; x_wconf 78' lang='lat' dir='ltr'><strong>licitur</strong></span> <span class='ocrx_word' id='word_1_217' title='bbox 776 2707 954 2785; x_wconf 85' lang='lat' dir='ltr'><strong>apostolicus</strong></span> <span class='ocrx_word' id='word_1_218' title='bbox 982 2718 1012 2769; x_wconf 89' lang='lat' dir='ltr'><strong>ct</strong></span> <span class='ocrx_word' id='word_1_219' title='bbox 1038 2710 1252 2789; x_wconf 84' lang='lat' dir='ltr'><strong>iuterpretatur</strong></span> <span class='ocrx_word' id='word_1_220' title='bbox 1277 2707 1507 2771; x_wconf 75' lang='lat' dir='ltr'><strong>‘admirabilis’</strong></span> 
     </span>
     <span class='ocr_line' id='line_1_24' title="bbox 204 2812 535 2891; baseline -0.012 -19"><span class='ocrx_word' id='word_1_221' title='bbox 204 2812 252 2873; x_wconf 90' lang='lat' dir='ltr'><strong>uel</strong></span> <span class='ocrx_word' id='word_1_222' title='bbox 275 2813 372 2891; x_wconf 78' lang='lat' dir='ltr'><strong>‘paler</strong></span> <span class='ocrx_word' id='word_1_223' title='bbox 394 2813 535 2887; x_wconf 86' lang='lat' dir='ltr'><strong>patrum&#39;.</strong></span> 
     </span>
     <span class='ocr_line' id='line_1_25' title="bbox 390 2909 1295 2963; baseline 0.002 -4"><span class='ocrx_word' id='word_1_224' title='bbox 390 2910 526 2960; x_wconf 82' lang='lat' dir='ltr'>LITORA</span> <span class='ocrx_word' id='word_1_225' title='bbox 547 2909 747 2961; x_wconf 83' lang='lat' dir='ltr'><strong>SERlllONVlll</strong></span> <span class='ocrx_word' id='word_1_226' title='bbox 765 2910 914 2962; x_wconf 80' lang='lat' dir='ltr'>LINGVIS</span> <span class='ocrx_word' id='word_1_227' title='bbox 933 2911 1172 2963; x_wconf 82' lang='lat' dir='ltr'>COMPONIMVS</span> <span class='ocrx_word' id='word_1_228' title='bbox 1190 2910 1295 2963; x_wconf 76' lang='lat' dir='ltr'><strong>1sric.</strong></span> 
     </span>
    </p>
   </div>
   <div class='ocr_carea' id='block_1_3' title="bbox 204 3162 1508 3371">
    <p class='ocr_par' dir='ltr' id='par_1_3' title="bbox 204 3162 1508 3371">
     <span class='ocr_line' id='line_1_26' title="bbox 275 3162 1508 3235; baseline 0.006 -23"><span class='ocrx_word' id='word_1_229' title='bbox 275 3164 433 3229; x_wconf 81' lang='lat' dir='ltr'><strong>lpamresis</strong></span> <span class='ocrx_word' id='word_1_230' title='bbox 505 3167 534 3216; x_wconf 84' lang='lat'><strong>10</strong></span> <span class='ocrx_word' id='word_1_231' title='bbox 553 3162 659 3212; x_wconf 82' lang='lat' dir='ltr'><strong>hebreos</strong></span> <span class='ocrx_word' id='word_1_232' title='bbox 732 3165 886 3215; x_wconf 73' lang='lat' dir='ltr'><strong>illicimus</strong></span> <span class='ocrx_word' id='word_1_233' title='bbox 957 3168 988 3216; x_wconf 83' lang='lat'><strong>12</strong></span> <span class='ocrx_word' id='word_1_234' title='bbox 1000 3167 1067 3215; x_wconf 83' lang='lat' dir='ltr'><strong>euim</strong></span> <span class='ocrx_word' id='word_1_235' title='bbox 1079 3182 1160 3231; x_wconf 81' lang='lat' dir='ltr'><strong>supra</strong></span> <span class='ocrx_word' id='word_1_236' title='bbox 1172 3168 1213 3216; x_wconf 84' lang='lat' dir='ltr'><strong>lin.</strong></span> <span class='ocrx_word' id='word_1_237' title='bbox 1285 3167 1316 3217; x_wconf 79' lang='lat'><strong>15</strong></span> <span class='ocrx_word' id='word_1_238' title='bbox 1335 3167 1508 3235; x_wconf 80' lang='lat' dir='ltr'><strong>eurraugeliel</strong></span> 
     </span>
     <span class='ocr_line' id='line_1_27' title="bbox 204 3229 1508 3300; baseline 0.004 -18"><span class='ocrx_word' id='word_1_239' title='bbox 204 3233 297 3283; x_wconf 79' lang='lat' dir='ltr'><strong>Malli.</strong></span> <span class='ocrx_word' id='word_1_240' title='bbox 314 3232 393 3281; x_wconf 82' lang='lat' dir='ltr'><strong>XXV</strong></span> <span class='ocrx_word' id='word_1_241' title='bbox 406 3235 439 3281; x_wconf 81' lang='lat'><strong>21</strong></span> <span class='ocrx_word' id='word_1_242' title='bbox 510 3234 542 3284; x_wconf 85' lang='grc'><strong>16</strong></span> <span class='ocrx_word' id='word_1_243' title='bbox 560 3229 696 3297; x_wconf 78' lang='lat' dir='ltr'><strong>Virgilius]</strong></span> <span class='ocrx_word' id='word_1_244' title='bbox 717 3233 772 3285; x_wconf 86' lang='lat' dir='ltr'><strong>Ecl.</strong></span> <span class='ocrx_word' id='word_1_245' title='bbox 789 3233 838 3282; x_wconf 92' lang='lat' dir='ltr'><strong>III</strong></span> <span class='ocrx_word' id='word_1_246' title='bbox 858 3238 906 3284; x_wconf 81' lang='lat'><strong>100</strong></span> <span class='ocrx_word' id='word_1_247' title='bbox 976 3236 1006 3283; x_wconf 77' lang='lat' dir='ltr'><strong>l‘l</strong></span> <span class='ocrx_word' id='word_1_248' title='bbox 1020 3234 1094 3283; x_wconf 84' lang='lat' dir='ltr'><strong>ruiclri</strong></span> <span class='ocrx_word' id='word_1_249' title='bbox 1165 3235 1197 3284; x_wconf 77' lang='lat'><strong>18</strong></span> <span class='ocrx_word' id='word_1_250' title='bbox 1210 3231 1338 3299; x_wconf 80' lang='lat' dir='ltr'><strong>Donatus]</strong></span> <span class='ocrx_word' id='word_1_251' title='bbox 1357 3252 1385 3300; x_wconf 81' lang='lat' dir='ltr'><strong>p,</strong></span> <span class='ocrx_word' id='word_1_252' title='bbox 1393 3238 1458 3299; x_wconf 76' lang='lat'><strong>371,</strong></span> <span class='ocrx_word' id='word_1_253' title='bbox 1470 3240 1508 3287; x_wconf 77' lang='grc'><strong>24</strong></span> 
     </span>
     <span class='ocr_line' id='line_1_28' title="bbox 206 3297 1508 3371; baseline 0.005 -22"><span class='ocrx_word' id='word_1_254' title='bbox 206 3304 237 3352; x_wconf 83' lang='grc'><strong>19</strong></span> <span class='ocrx_word' id='word_1_255' title='bbox 256 3301 395 3367; x_wconf 76' lang='lat' dir='ltr'><strong>penultimo</strong></span> <span class='ocrx_word' id='word_1_256' title='bbox 463 3297 539 3365; x_wconf 80' lang='lat' dir='ltr'><strong>ermx]</strong></span> <span class='ocrx_word' id='word_1_257' title='bbox 562 3301 701 3366; x_wconf 75' lang='lat' dir='ltr'><strong>Vtrolique</strong></span> <span class='ocrx_word' id='word_1_258' title='bbox 719 3309 838 3351; x_wconf 77' lang='lat' dir='ltr'><strong>accentus</strong></span> <span class='ocrx_word' id='word_1_259' title='bbox 855 3305 929 3365; x_wconf 81' lang='lat' dir='ltr'><strong>slpna</strong></span> <span class='ocrx_word' id='word_1_260' title='bbox 947 3303 1039 3352; x_wconf 77' lang='lat' dir='ltr'><strong>eruisse</strong></span> <span class='ocrx_word' id='word_1_261' title='bbox 1056 3311 1122 3353; x_wconf 77' lang='lat' dir='ltr'><strong>aunt.</strong></span> <span class='ocrx_word' id='word_1_262' title='bbox 1191 3304 1225 3353; x_wconf 78' lang='lat'><strong>20</strong></span> <span class='ocrx_word' id='word_1_263' title='bbox 1243 3316 1310 3367; x_wconf 76' lang='lat' dir='ltr'><strong>pepe</strong></span> <span class='ocrx_word' id='word_1_264' title='bbox 1380 3304 1415 3354; x_wconf 74' lang='lat'><strong>21</strong></span> <span class='ocrx_word' id='word_1_265' title='bbox 1436 3319 1508 3371; x_wconf 73' lang='lat' dir='ltr'><strong>pape</strong></span> 
     </span>
    </p>
   </div>
   <div class='ocr_carea' id='block_1_4' title="bbox 204 3375 686 3468">
    <p class='ocr_par' dir='ltr' id='par_1_4' title="bbox 204 3375 686 3468">
     <span class='ocr_line' id='line_1_29' title="bbox 204 3375 686 3468; baseline 0.006 -17"><span class='ocrx_word' id='word_1_266' title='bbox 204 3418 278 3468; x_wconf 68' lang='lat' dir='ltr'><strong>greca</strong></span> <span class='ocrx_word' id='word_1_267' title='bbox 348 3405 381 3452; x_wconf 81' lang='lat'><strong>24</strong></span> <span class='ocrx_word' id='word_1_268' title='bbox 398 3390 558 3454; x_wconf 73' lang='lat' dir='ltr'><strong>surrupui</strong></span> <span class='ocrx_word' id='word_1_269' title='bbox 576 3375 686 3455; x_wconf 73' lang='lat' dir='ltr'><strong>ricus</strong></span> 
     </span>
    </p>
   </div>
   <div class='ocr_carea' id='block_1_5' title="bbox 0 0 1696 5476">
    <p class='ocr_par' dir='ltr' id='par_1_5' title="bbox 0 0 1696 5476">
     <span class='ocr_line' id='line_1_30' title="bbox 0 0 1696 5476; baseline 0 1"><span class='ocrx_word' id='word_1_270' title='bbox 0 0 1696 5476; x_wconf 95' lang='lat' dir='ltr'><strong> </strong></span> 
     </span>
    </p>
   </div>
  </div>
 </body>
</html>
