3382 5476
431 377 624 450 Avcronns
643 396 813 449 attonitu
832 396 881 446 nt:
900 396 1071 448 LITTERIS
1090 398 1122 447 Α.
1291 363 1309 376 =
1361 395 1425 460 303

130 585 311 664 depingitur,
334 603 431 665 qoam,
455 593 488 645 ut
511 583 578 645 alii
601 592 721 663 putant,
746 584 820 646 doas
842 603 908 645 esse
929 583 1044 655 litteras
1064 603 1083 661 c
1106 591 1135 644 et
1157 587 1181 653 i,
1206 583 1427 663 conglutinatae

129 694 226 747 autern
257 694 287 746 et
313 687 486 748 coniunctae
515 684 603 746 simul
631 685 706 746 alius
727 705 831 747 sonum
856 693 954 746 mutae
981 687 1080 747 locere
1108 685 1233 762 scimus,
1263 704 1339 767 quae
1367 687 1426 747 duo

129 796 306 850 testamenta
329 788 484 865 significat.

213 891 237 949 E
261 888 373 950 uocalis
395 898 454 957 est,
479 889 563 950 cuius
584 888 678 967 ligura
702 898 801 969 typum
826 891 966 952 trinitatis
988 873 1126 951 ostendit.
1171 889 1348 951 Breuiantur
1370 889 1427 969 spl-

105 990 234 1066 slabae,
257 1009 333 1068 quae
355 992 497 1051 finiuntur
519 992 549 1051 in
573 1010 606 1063 e,
630 998 662 1051 ut
682 1009 772 1071 saepe
795 999 825 1052 et
846 991 933 1053 bodie
949 1000 980 1052 et
994 991 1198 1070 producuntur
1221 993 1251 1052 in
1273 989 1329 1053 alia
1353 991 1425 1052 bora

129 1091 287 1162 oduerbia,
317 1111 393 1173 quae
416 1093 559 1153 firriuntur
582 1093 613 1153 in
635 1111 666 1160 e,
697 1101 729 1153 ut
751 1092 837 1153 docte
865 1091 1004 1172 pulchre,
1035 1094 1120 1155 cuius
1142 1140 1290 1155 .....
1311 1091 1427 1154 duobus

131 1191 144 1272 ΙΙ
164 1193 184 1253 l.
204 1191 282 1255 106⁶
301 1193 313 1273 ll
337 1192 475 1274 capitulis
495 1194 639 1272 figuratur
662 1201 692 1255 et
713 1211 770 1255 uua
795 1193 909 1273 uirgula
933 1195 1010 1255 inter
1033 1194 1106 1255 duas
1128 1193 1202 1255 illas.

214 1295 236 1355 F
259 1294 447 1356 semiuocalis
468 1302 514 1355 est
535 1304 565 1355 et
585 1302 767 1364 consonans,
797 1297 883 1356 cuius
909 1295 1002 1374 ligura
1032 1295 1109 1367 binis
1138 1294 1262 1374 uirgulis
1292 1294 1426 1375 depingi·

130 1405 188 1466 tur,
220 1406 250 1457 et
276 1415 334 1457 una
363 1404 442 1457 recta
471 1396 629 1457 deducitur
650 1396 688 1457 de
710 1396 807 1458 medio
836 1398 914 1467 eius,
945 1396 1051 1457 deinde
1080 1396 1188 1458 dicitur
1216 1395 1336 1475 triplex:
1366 1404 1427 1457 tres

92 1497 212 1576 releges
235 1499 350 1577 ligarat.
1099 1582 1101 1585 ,

213 1599 238 1660 G
262 1608 341 1661 muta
364 1608 409 1660 est
431 1607 462 1660 et
483 1616 662 1669 consonans,
687 1617 762 1678 quae
785 1600 862 1661 lianc
885 1599 981 1678 legem
1004 1599 1109 1666 babet,
1135 1608 1166 1660 ut
1187 1618 1276 1679 saepe
1298 1617 1427 1679 praeno·

131 1720 197 1762 mou
221 1700 371 1781 subposita
395 1702 557 1779 significet,
581 1709 614 1760 ut
636 1700 660 1761 G
684 1699 776 1763 Gaius
791 1701 909 1762 Caesar.
947 1701 1029 1772 Quae
1045 1698 1158 1761 duabus
1173 1702 1301 1780 uirgulis
1317 1703 1426 1781 scripta

130 1802 188 1862 duo
216 1809 393 1864 testamenta
421 1803 582 1881 siguificat,
617 1818 693 1879 quae
722 1802 835 1864 adlecta
864 1801 961 1863 uocali
994 1809 1120 1881 utraque
1153 1810 1239 1882 parte
1268 1821 1426 1865 numerum

130 1903 275 1984 complet,
299 1913 331 1964 ut
353 1921 389 1982 ga
412 1904 490 1964 idest
512 1921 528 1963 c
551 1912 580 1964 et
602 1904 786 1984 praeposita,
811 1910 844 1964 nt
866 1921 903 1983 ag
926 1903 1004 1965 idest
1026 1912 1175 1966 sexcenta.
1269 1920 1277 1951 ι

94 2018 118 2061 1⁵
217 2005 243 2066 H
265 2012 344 2065 muta
367 2015 397 2065 et
419 2022 586 2066 consonans
608 2004 756 2066 interdum
781 2014 849 2065 nota
872 2004 1080 2085 adspirationis
1102 2005 1248 2067 creditor:
1278 2005 1345 2067 ideo
1368 2025 1426 2068 non

129 2106 327 2168 adnumerant
349 2124 413 2166 earn
437 2105 485 2167 alii
508 2124 575 2166 com
599 2105 724 2176 litteris,
748 2124 784 2166 eo
807 2105 885 2186 quod
908 2106 1016 2168 dicitur
1039 2112 1145 2168 ‘nota'
1170 2116 1202 2168 ut
1224 2107 1328 2177 nomo,
1351 2128 1425 2187 quo·
1495 2133 1507 2156 ·

130 2208 218 2269 modo
240 2208 348 2269 diditur
371 2207 482 2276 littera,
514 2202 546 2269 u't
568 2207 598 2267 bi
621 2207 707 2276 mibi,
736 2226 812 2288 quae
835 2207 951 2268 duabus
974 2207 1099 2287 uirgolis
1120 2208 1320 2286 significatur,
1350 2226 1425 2286 quoe

129 2309 188 2370 duo
211 2317 383 2370 testamenta
406 2310 587 2387 significant,
611 2317 697 2370 uetus
719 2317 748 2370 et
771 2326 895 2376 nouom,
919 2316 948 2369 et
969 2327 1027 2370 nna
1050 2319 1131 2370 recta
1154 2311 1233 2370 iuter
1255 2308 1328 2370 duas
1351 2307 1425 2379 illas,

129 2429 205 2489 quae
227 2421 329 2491 typum
353 2408 519 2489 significant
540 2411 618 2471 inter
641 2410 714 2472 duas
737 2409 826 2488 leges.

92 2528 118 2567 ιο
216 2511 362 2573 luocalls
385 2521 438 2574 est.
483 2510 598 2583 Quibus
620 2512 715 2572 modis
736 2511 848 2571 utiturl
892 2511 903 2571 l
934 2513 1026 2573 utitur
1054 2529 1089 2573 ex
1112 2521 1180 2573 octo
1203 2512 1337 2592 partibus
1358 2531 1425 2574 ora·

128 2614 230 2678 ticms:
254 2614 327 2674 baec
350 2621 425 2702 sunt
441 2614 566 2674 nomina
584 2630 701 2683 earum,
725 2621 758 2675 nt
780 2630 888 2673 nomen
911 2631 1076 2692 pronomen
1100 2613 1226 2675 uerbum
1250 2613 1425 2674 aduerbium

128 2716 315 2794 participium
346 2716 515 2776 coniunctio
544 2714 723 2811 praepositio
746 2714 922 2774 interiectio.
967 2712 1091 2784 Quando
1121 2716 1215 2776 utitur
1236 2725 1304 2777 octo
1326 2724 1427 2794 partes

129 2817 290 2877 orationis?
313 2817 324 2877 l
346 2815 444 2877 littera
462 2834 584 2884 nomen,
608 2819 698 2890 †tem
721 2833 902 2895 pronomen,
926 2814 999 2876 itera
1023 2815 1165 2886 uerbum,
1189 2826 1235 2878 ter
1251 2816 1425 2878 oduerbiom

129 2917 206 2978 laeta
228 2920 433 2998 participium,
455 2917 522 2998 †ex
545 2920 610 2977 con'
636 2918 725 2986 nctio,
745 2917 975 2997 apragpositio,
999 2926 1072 2979 attat
1093 2919 1269 2979 interiectio.
1314 2919 1427 2999 Corpus

90 3019 191 3080 melus
213 3019 243 3079 in
267 3018 322 3079 alia
346 3020 418 3081 bora
441 3037 544 3080 omnes
571 2935 671 3097 palbs
698 3001 857 3079 orationis*
869 3010 1011 3098 complet,
1041 3027 1073 3080 ot
1095 3021 1104 3079 i
1129 3038 1252 3089 nomeu,
1284 3019 1292 3078 i
1316 3038 1426 3099 prono·

128 3137 213 3189 men,
237 3119 356 3201 quando
379 3120 487 3181 dicitur
509 3121 519 3179 i
542 3138 596 3199 pro
619 3138 693 3187 uno:
717 3121 894 3198 imperatiuo
919 3120 1044 3182 uerbum
1069 3131 1127 3182 est:
1151 3121 1278 3182 auerbo
1301 3121 1427 3183 neutrali

131 3223 226 3290 uenit,
257 3232 289 3282 ut
311 3231 356 3283 est
377 3237 417 3301 eo
436 3224 471 3281 is.
517 3222 608 3288 †l)uo
630 3221 771 3284 aduerbia
787 3218 799 3300 ΙΙ
815 3222 835 3282 1.
855 3218 1095 3302 lbi'lldicitun
1119 3230 1152 3282 ut
1173 3222 1275 3283 semel.
1305 3222 1333 3304 ¹l
1357 3241 1424 3300 par·

130 3324 263 3403 ticipium
293 3332 351 3393 est,
381 3324 449 3400 quia
479 3321 609 3402 complet
636 3330 749 3400 partem
777 3324 969 3401 participium
999 3324 1126 3383 nominis
1155 3332 1185 3383 et
1206 3325 1237 3384 in
1265 3321 1322 3383 alia
1352 3322 1424 3383 bora

130 3432 245 3504 partem
269 3424 370 3490 uerbi,
394 3433 427 3485 ut
449 3426 458 3482 i
482 3423 599 3503 quando
622 3423 729 3483 dicitur
744 3420 767 3502 †
782 3422 878 3483 albani
903 3424 1093 3499 coniungitur
1109 3422 1234 3483 duarum
1258 3422 1425 3484 litterarum

90 3524 311 3606 eosyllabarom
334 3527 364 3585 in
388 3544 455 3585 oua.
500 3523 512 3583 l
535 3524 713 3603 praepositio
737 3521 854 3600 quando
877 3522 986 3584 dicitur
1002 3526 1078 3593 ‘iu',
1103 3523 1181 3602 qnod
1205 3533 1274 3584 anto
1297 3542 1314 3583 n
1339 3542 1426 3602 prae-

129 3630 262 3706 ponitur.
288 3613 492 3694 lnteriectIo,
521 3632 554 3686 ut
576 3621 695 3703 †iuuax
717 3626 726 3682 i
748 3625 814 3685 simi
844 3625 854 3684 i
882 3624 929 3684 dia
953 3626 963 3684 i
991 3624 1077 3702 longa
1107 3624 1186 3685 idest
1213 3623 1225 3684 l
1254 3633 1284 3684 et
1310 3626 1340 3685 in
1370 3623 1425 3685 alia

129 3728 202 3789 bora
226 3746 410 3796 consonans,
438 3737 471 3788 ut
493 3728 588 3798 iuxta:
611 3726 620 3784 i
644 3723 767 3803 duplex,
792 3733 824 3785 ut
845 3726 900 3785 aio.
947 3726 1042 3805 Saepe
1064 3735 1162 3786 autem
1185 3725 1296 3787 dicitur
1317 3727 1425 3795 media,

129 3837 162 3890 ut
184 3832 238 3890 uic.
283 3830 364 3900 Quae
393 3827 533 3888 scribitur
562 3826 645 3903 uirga
674 3834 755 3887 recta
786 3826 914 3906 desuper
942 3835 972 3888 et
999 3827 1055 3889 alia
1084 3826 1240 3887 deducitur
1268 3845 1425 3907 superea,

130 3949 205 4008 quae
228 3940 328 4010 typum
353 3931 439 3989 unius
468 3927 520 3988 bet
549 3928 691 3996 ostendit,
722 3929 789 4004 quia
817 3935 920 3989 rectus
948 3937 993 3989 est
1020 3929 1102 3989 deus.
1148 3929 1188 3989 Da
1217 3927 1287 3988 mibi
1316 3945 1426 3988 nomen

91 4032 195 4092 meins
217 4034 246 4091 in
270 4030 425 4092 Hebraico.
470 4028 544 4089 lotlr.
591 4028 622 4088 lu
646 4029 771 4091 Graeco.
801 4029 874 4090 lota.
899 4029 1068 4091 ›lnLatiuo
1099 4029 1120 4089 l.
1146 4029 1156 4089 l
1179 4031 1264 4088 ouius
1286 4030 1424 4106 generis?

130 4133 234 4193 Trium
263 4150 423 4210 generum,
452 4139 486 4190 ut
513 4130 563 4191 bic
592 4138 622 4190 et
649 4130 723 4192 baec
752 4138 781 4191 et
809 4131 866 4192 boo
893 4133 913 4191 i.
958 4131 1006 4191 Fit
1031 4132 1117 4208 ipro
1146 4127 1226 4189 mille
1256 4130 1311 4190 sub
1340 4132 1424 4208 uirga

129 4235 239 4313 posita,
263 4241 309 4294 ut:
334 4232 485 4309 ‘quoniam
509 4230 588 4291 mille
610 4233 680 4293 anni
701 4241 771 4293 aute
793 4232 894 4293 oculos
916 4236 1005 4319 tuos’.

199 4451 408 4516 leouglutinote
476 4449 644 4500 2couinncte
695 4461 763 4500 mute
830 4450 963 4515 dllgurde
1009 4450 1157 4499 breuiuutur
1174 4450 1262 4500 sillobc
1329 4452 1427 4503 cPoet

129 4523 228 4570 ‘euius’
247 4519 329 4568 lorme
348 4521 389 4567 aet
407 4516 489 4580 ligura
507 4518 636 4567 caecidisse
653 4519 763 4569 uidetur.
817 4520 849 4567 10
867 4518 990 4582 figuratur
1043 4520 1073 4567 11
1093 4533 1155 4582 sepe
1200 4533 1341 4584 pronomen
1394 4521 1427 4568 12

129 4587 260 4654 siguilicut
280 4597 306 4634 ut
324 4601 341 4648 g
359 4585 434 4649 gaius
452 4599 524 4632 cesar
593 4587 626 4634 14
643 4596 671 4634 ut
688 4601 721 4650 ga
733 4586 759 4634 id
771 4601 785 4633 o
798 4597 823 4635 et
840 4586 971 4650 preposita
989 4595 1017 4634 ut
1028 4601 1062 4650 ug
1074 4585 1100 4635 id
1117 4596 1238 4636 sexcenta
1307 4588 1338 4637 17
1350 4602 1426 4649 quem

129 4657 230 4707 duobus
302 4654 333 4700 18
351 4652 376 4700 iu
395 4652 459 4699 duos
478 4650 534 4700 illue
603 4654 636 4702 22
655 4654 796 4718 propositio
865 4654 898 4702 24
916 4668 948 4702 cx
966 4654 1335 4718 coniunctioueuprepositio
1393 4656 1426 4706 26

129 4721 249 4787 complex
319 4720 352 4768 28
370 4719 414 4780 qut
432 4719 543 4782 complet
610 4722 643 4770 29
661 4720 798 4769 litterarum
818 4718 841 4782 in
862 4734 911 4783 ιιιιιι
930 4720 1076 4770 sillabarum
1089 4723 1113 4769 iu
1129 4736 1178 4770 ιιιιιι
1229 4723 1426 4790 fflquaauten

129 4808 161 4844 en
231 4788 262 4838 at
283 4782 378 4851 inimi]
398 4787 453 4835 An:
472 4787 480 4835 i
499 4786 627 4853 simplex?
681 4788 785 4854 ilougc
803 4787 839 4838 id.
858 4802 876 4843 ι.
960 4790 993 4840 32
1012 4790 1108 4840 utiuto
1177 4789 1210 4840 at
1228 4789 1254 4839 in
1272 4805 1348 4854 greco
1399 4789 1425 4841 lu

128 4859 208 4913 latinu
259 4855 285 4905 in
303 4853 375 4904 cuius
394 4868 486 4922 genere
