3382 5476
207 370 271 435 224
590 370 823 424 eouusurvru
842 368 1086 423 erasinusnss

111 577 156 626 oca,
170 577 195 616 ao
208 578 296 642 posse
317 562 462 638 geminari
485 563 516 621 in
540 579 597 622 uria
620 558 746 640 syllaba,
769 559 821 621 sed
844 577 900 639 ego
922 578 983 620 non
1005 575 1095 637 nego,
1120 559 1189 638 quia
1210 566 1320 639 potest.
1349 556 1504 623 Latinae

208 661 358 723 uocales
380 663 521 741 corripi
544 670 579 722 et
600 659 759 740 produci
783 668 950 740 possunt.
989 659 1025 721 Et
1039 659 1107 721 ideo
1121 659 1285 722 dichronae
1306 668 1388 731 sunt,
1410 678 1503 723 unum

210 762 346 824 uidelicet
369 763 415 823 uel
446 762 503 822 duo
534 772 667 841 tempora
695 760 852 832 habentes,
882 764 959 824 sicut
985 780 1050 831 ara,
1079 760 1198 841 quando
1225 760 1320 825 altare
1346 764 1503 841 signidem,

209 864 325 943 longam
355 863 444 924 habet
467 884 498 930 a,
533 862 651 943 quando
679 881 752 924 uero
781 861 929 925 stabulum
956 880 1130 942 porcorum,
1164 861 1304 933 breuem,
1335 865 1380 925 sic
1407 872 1439 926 et
1466 862 1503 925 de

208 968 328 1027 ceteris.
374 966 480 1026 Graeci
503 983 575 1024 uero
598 965 739 1041 quasdam
763 963 875 1025 habent
896 964 1027 1033 uocales,
1051 981 1127 1042 quae
1150 982 1270 1044 semper
1283 963 1528 1045 producentem

209 1077 276 1147 ιιιη
292 1076 322 1127 et
337 1086 377 1135 ω,
402 1074 431 1127 et
453 1065 525 1126 alias
547 1064 672 1134 habent,
696 1083 772 1145 quae
794 1074 939 1145 perpetue
962 1063 1143 1136 breuiantur,
1161 1066 1237 1128 sicut
1252 1084 1269 1127 a
1283 1072 1314 1127 et
1327 1084 1357 1127 o.
1386 1065 1505 1129 Habeat

113 1187 156 1234 sar,
170 1187 194 1225 21
208 1171 296 1230 etiam
313 1185 499 1235 communes,
523 1183 598 1243 quae
621 1165 782 1227 dichronae
804 1176 958 1237 uocantur,
982 1174 1015 1227 ut
1037 1186 1086 1227 αι
1108 1177 1138 1228 et
1159 1186 1191 1227 υ.
1235 1167 1378 1249 Existill
1398 1164 1458 1231 14t
1474 1164 1504 1251 ll·

212 1278 323 1337 mant.
348 1269 399 1329 sed
424 1287 478 1347 ego
502 1286 560 1328 nou
584 1269 736 1340 existimo,
759 1271 828 1348 quia
850 1270 1019 1347 aspirantur
1041 1276 1072 1328 et
1094 1276 1156 1329 tres
1178 1278 1392 1340 consonantes,
1415 1276 1503 1351 ctp,

209 1381 241 1434 ut
268 1371 392 1452 pulcher
420 1369 504 1429 theos
532 1370 691 1449 propheta,
727 1371 779 1431 sed
809 1369 962 1431 uocalibus
989 1370 1129 1447 aspiratio
1157 1370 1367 1451 anteponitur,
1397 1389 1504 1433 conso·

209 1472 349 1534 crantibus
371 1490 448 1532 uero
466 1474 664 1551 postponitur.
689 1505 726 1514 -
751 1470 950 1532 Semiuocales
972 1469 1157 1532 annualibus
1178 1470 1323 1551 incipiunt
1345 1478 1376 1533 et
1397 1474 1429 1534 iu
1451 1490 1538 1535 saon

209 1593 282 1635 sono
310 1576 515 1635 terminantur.
560 1572 670 1633 Omnes
698 1572 816 1648 quidem
839 1571 877 1633 ab
906 1591 922 1633 e
951 1572 1097 1652 incipiunt
1123 1574 1180 1633 nisi
1208 1573 1270 1634 sola
1292 1592 1311 1634 x
1334 1590 1412 1652 quae
1433 1572 1505 1636 abi

208 1679 311 1755 incipit
335 1684 364 1735 et
386 1675 442 1735 hoc
463 1673 546 1743 ideo,
569 1682 616 1743 ut,
640 1673 718 1751 quod
742 1672 831 1733 habet
853 1676 882 1733 in
907 1674 963 1733 llnc
985 1673 1064 1753 apud
1086 1675 1231 1744 Graecos,
1255 1673 1381 1736 haberet
1402 1676 1432 1737 ln
1456 1694 1505 1737 ca·

209 1779 270 1855 pite
293 1776 371 1854 aprud
394 1775 528 1844 Latinos,
553 1784 582 1835 et
604 1784 648 1836 est
670 1773 765 1835 littera
789 1775 907 1855 duplex,
932 1777 1000 1852 quia
1023 1794 1078 1855 pro
1100 1793 1117 1835 c
1140 1785 1204 1837 ets
1227 1775 1274 1836 uel
1296 1793 1317 1854 g
1337 1785 1368 1837 et
1389 1796 1405 1839 a
1427 1779 1503 1840 acui·

210 1880 297 1957 pitur,
327 1887 360 1936 ut
388 1876 436 1936 Ιιιι
464 1877 539 1939 lucis
567 1875 614 1936 lex
642 1874 727 1954 legis:
765 1885 835 1937 sunt
864 1886 961 1937 tamen
990 1875 1136 1955 quaedam
1165 1879 1284 1938 nomina
1315 1886 1399 1939 extra
1428 1878 1504 1940 hanc

211 1979 360 2057 reguiam,
397 1987 428 2037 ut
456 1976 507 2038 nix
542 1979 633 2045 uitiis,
669 1996 727 2037 nox
756 1979 866 2047 unctis,
901 1977 1033 2057 supellex
1066 1977 1273 2057 supellectilis,
1308 1995 1363 2058 pro
1396 1978 1540 2059 quibusu

209 2080 341 2140 creditur
364 2099 380 2139 ι
404 2088 551 2158 assumpta
581 2096 646 2138 esse
669 2096 684 2137 a
707 2079 844 2147 Graecis,
873 2082 942 2159 quia
972 2097 1031 2140 non
1058 2087 1124 2139 erat
1151 2079 1312 2150 certitudo,
1343 2088 1444 2141 utrum
1472 2098 1504 2142 cs

210 2182 257 2242 uel
279 2200 313 2260 gs
335 2187 519 2260 ponerentur
541 2183 572 2240 iu
596 2197 699 2240 eorum
724 2182 922 2242 nominatiuis
968 2181 1110 2259 Liquidae
1133 2181 1274 2243 dicuntur
1296 2180 1411 2250 labiles.
1435 2186 1504 2263 quia

208 2283 300 2345 ueluti
328 2301 403 2361 aqua
433 2281 572 2342 labuntur
601 2289 630 2342 et
658 2280 791 2341 delluunt
819 2284 848 2342 in
879 2291 982 2343 metro.
1036 2281 1094 2342 Sed
1125 2280 1134 2340 l
1164 2290 1194 2343 et
1221 2301 1237 2343 r
1265 2282 1343 2362 apud
1372 2282 1502 2352 Latinos,

164 2384 286 2465 ‚repud
302 2386 432 2445 Graecus
448 2403 519 2445 uero
542 2402 570 2443 m
588 2390 616 2444 et
632 2401 650 2442 ιι
666 2383 842 2464 liquescunt.
888 2384 908 2444 S
930 2382 1075 2453 littera,
1099 2383 1213 2444 scilicet
1235 2392 1356 2463 praeter
1377 2384 1408 2445 id
1424 2384 1505 2466 quod

210 2486 395 2547 semiuocalis
410 2495 454 2546 est
469 2485 615 2566 quandam
640 2482 729 2545 habet
751 2491 937 2563 potestatem,
962 2486 1038 2546 idest
1059 2487 1089 2545 in
1113 2492 1208 2545 metro
1231 2487 1293 2546 uim
1309 2489 1541 2549 consonantisan

208 2591 323 2649 auritiit.
370 2586 452 2648 Vnde
475 2598 504 2648 et
527 2595 649 2667 poeta:

563 2689 743 2749 Hortatur
765 2688 983 2749 Mnestheus
1005 2706 1116 2758 nuuc,

208 2793 381 2872 plerumque
406 2792 494 2850 etiam
517 2792 635 2869 penitus
657 2789 856 2858 subtrahitur;
880 2798 927 2851 ut:

562 2891 777 2951 lrrstantibu
801 2894 937 2972 paruis.

118 2995 254 3055 ecemEx
279 2994 370 3063 illis,
394 2992 572 3054 scilicetVii
588 2991 825 3053 semiuocalibus.
856 2993 879 3052 F
895 2992 1024 3054 littera
1047 2993 1321 3072 superponitur
1342 2991 1544 3074 liquidisaa

208 3095 217 3155 Ι
241 3095 299 3155 uel
322 3114 346 3155 r.
392 3093 551 3173 Exprimit,
576 3093 684 3169 quibus
700 3093 819 3170 liquidis
833 3096 1036 3173 praeponitur,
1058 3113 1095 3154 ne
1112 3093 1256 3155 dubitatio
1272 3094 1366 3156 deret.
1398 3095 1506 3158 Pris-

208 3198 337 3257 cianus
359 3212 479 3275 quoque
501 3195 640 3263 allirmat,
670 3194 748 3274 quod
772 3197 785 3255 i
805 3196 903 3256 littera
928 3195 999 3256 nihil
1023 3195 1101 3256 aliud
1125 3195 1229 3265 habet,
1257 3205 1290 3256 ut
1312 3198 1352 3257 sit
1373 3198 1507 3259 semino·

208 3299 293 3369 calis,
317 3300 373 3359 nisi
397 3296 474 3376 quod
498 3316 513 3357 a
538 3296 632 3357 uocali
654 3299 760 3377 incipit
775 3306 804 3358 et
819 3301 850 3358 in
873 3315 904 3357 se
926 3299 990 3377 ipsa
1012 3299 1197 3359 terminatur.
1236 3297 1320 3358 Vnde
1341 3307 1372 3359 et
1395 3300 1507 3362 nullius

209 3402 345 3463 dictionis
369 3399 531 3460 terminalis
547 3400 696 3460 inuenitur
721 3400 732 3481 [l
752 3396 812 3462 148
829 3400 840 3481 ¹l
866 3408 895 3460 et
915 3398 981 3461 loco
1003 3399 1083 3461 illius
1105 3408 1184 3461 muta
1206 3398 1349 3461 scribitur
1371 3399 1451 3463 idest
1473 3420 1504 3481 p.

208 3503 280 3564 Nem
309 3502 360 3564 ubi
389 3521 442 3563 nos
470 3500 629 3562 scribimus
651 3501 671 3568 l,
695 3521 711 3562 a
735 3502 835 3563 multis
858 3501 898 3581 ph
920 3501 1073 3563 scribitur.
1101 3536 1144 3545 —
1173 3502 1270 3562 Mutae
1300 3519 1315 3561 a
1345 3519 1401 3562 suo
1428 3520 1543 3564 sonoao

118 3620 167 3664 ιιι,
182 3619 193 3656 ι
209 3606 354 3684 incipiunt
369 3611 399 3663 et
412 3606 443 3663 in
460 3602 611 3664 noualibus
633 3604 786 3664 liniuntur.
832 3605 1111 3683 Superuacuae,
1136 3602 1212 3663 idest
1232 3605 1335 3664 inanes
1351 3610 1381 3664 ct
1396 3622 1506 3685 super·

121 3707 295 3767 sonuum.
342 3705 546 3784 imperitis,
579 3704 655 3764 idest
685 3704 723 3765 ab
753 3705 890 3767 indoctis.
940 3705 964 3765 K
997 3704 1166 3766 litteram
1198 3703 1504 3784 praeponendam

208 3826 288 3868 esse
311 3825 383 3867 non
406 3826 430 3866 c.
476 3805 695 3866 Priscianus
717 3815 815 3867 tamen
838 3807 895 3867 hoc
910 3808 1035 3868 destruit
1054 3807 1172 3874 dicens,
1197 3805 1307 3868 nullam
1330 3822 1396 3867 esse
1419 3806 1505 3867 dilie-

207 3911 348 3977 rentiam,
378 3916 475 3969 utrum
506 3907 655 3986 Karthago
679 3917 708 3967 et
730 3908 878 3969 Kalendae
902 3928 955 3989 per
977 3910 1019 3978 K,
1042 3927 1079 3969 au
1102 3926 1157 3988 per
1179 3908 1201 3967 C
1224 3906 1410 3978 scribantur,
1433 3906 1504 3970 licet

207 4012 343 4073 moderni
365 4010 389 4071 K
413 4012 443 4071 in
466 4009 511 4070 his
534 4009 646 4071 duobus
670 4009 849 4079 nominibus,
874 4013 941 4090 quia
964 4011 1077 4071 Graeca
1105 4019 1189 4080 suut,
1218 4008 1409 4070 scribendum
1436 4022 1541 4071 esse³⁵

207 4122 351 4176 asserant.
384 4114 467 4174 ‘Cur'
484 4121 514 4173 et
527 4111 619 4173 ‘curn'
636 4111 703 4172 iden
719 4131 773 4191 per
788 4131 804 4171 c
820 4112 977 4173 scribenda
992 4121 1071 4182 sunt,
1094 4114 1161 4192 quia
1178 4129 1345 4173 consonans
1367 4113 1504 4192 sequitur

110 4231 230 4278 casleu
253 4219 316 4277 sine
341 4216 433 4276 altera
456 4213 563 4275 uocali.
601 4213 778 4275 Crlcditur
801 4222 900 4284 nota,
925 4215 1001 4276 idest
1022 4221 1141 4275 tenetur
1163 4213 1318 4275 character
1332 4212 1383 4274 uel
1397 4214 1502 4293 ligura,

207 4319 324 4399 quando
348 4319 408 4379 uirn
424 4318 613 4377 consonantis
628 4317 744 4377 arnittit.
790 4315 842 4377 Est
856 4323 955 4377 autem
977 4318 1118 4395 aspiratio
1141 4324 1240 4377 sonus'
1253 4313 1376 4377 uberius
1398 4314 1500 4376 elatus

206 4505 433 4515 ———-—-—-

274 4641 436 4706 Pdpcrouae
522 4640 624 4705 bgreci
709 4642 916 4691 usicuteeto
1003 4640 1164 4704 ldpcronne
1233 4637 1386 4701 utaietr
1469 4638 1502 4687 ta

206 4727 296 4777 grecos
366 4708 521 4772 13uelgs
592 4711 622 4757 16
641 4711 723 4774 grecis
793 4710 825 4759 18
842 4706 991 4772 deliujgfluut
1063 4710 1093 4757 21
1113 4702 1201 4772 poeta]
1224 4706 1302 4770 Verp.
1320 4706 1386 4756 Aea.
1409 4705 1438 4754 V
1452 4706 1502 4755 189

205 4783 238 4829 2⁶2
257 4790 386 4828 mnesteus
455 4778 488 4825 25
506 4791 527 4824 s.
546 4792 588 4824 uu
605 4777 801 4828 seminocalibus
853 4778 1007 4842 supponitur
1092 4778 1125 4825 ‘26
1143 4769 1301 4837 Priscianus]
1320 4772 1338 4822 Ι
1352 4789 1381 4838 p.
1400 4776 1446 4837 11,
1465 4775 1500 4824 13

206 4849 238 4898 Pi
258 4846 333 4895 nichil
402 4848 435 4897 33
452 4859 511 4894 esee
528 4860 575 4895 om.
643 4842 801 4911 Priscianus]
820 4846 881 4911 Ip.
902 4846 979 4905 12,7
1047 4846 1080 4895 34
1098 4842 1209 4909 Kartago
1277 4841 1311 4893 37
1329 4852 1446 4892 caracter
