3382 5476
201 355 331 406 ccxxlv
482 347 484 391 ἶ
500 344 550 394 DE
568 343 719 396 IVLIANO
739 343 936 396 Tonn'rnrto
954 343 1196 395 GRAMMATICO

193 530 341 609 iungitur:
366 529 426 589 ‘bic
448 531 600 609 magister'
624 532 700 600 iacit,
724 549 784 591 non
807 534 960 611 ‘magister
981 531 1052 593 bic'.
1098 531 1222 609 Etonia
1246 530 1369 592 dicitnr:
1396 532 1487 592 ‘ura-

194 617 316 693 gister
338 615 398 675 bic
421 617 630 685 uirtutum’‚
654 619 828 678 necessitate
851 620 939 679 metri
960 618 1070 677 dictum
1094 625 1150 686 est,
1174 633 1233 676 non
1256 615 1443 693 regulariter.

279 784 358 845 luter
386 785 460 845 ‘bio'
490 793 519 845 et
546 785 617 848 ‘bic’
647 795 692 846 est
719 784 816 865 aliqua
839 786 978 849 discretio
1000 805 1037 847 an
1061 787 1138 846 noni
1183 785 1307 857 Quando
1329 804 1486 865 personam

193 871 417 949 significauerit,
443 878 578 949 utputa:
609 870 669 931 ‘bic
691 870 773 932 solus
795 871 908 932 iullexit
931 876 1057 941 sensus',
1081 873 1137 931 erit
1159 889 1336 950 pronomem
1368 871 1485 950 quando

194 973 267 1015 uero
289 955 402 1025 locum,
427 964 458 1014 nt
480 958 504 1016 si
527 954 639 1016 dicam:

951 1040 1011 1100 bic
1033 1039 1137 1101 illius
1160 1059 1275 1110 arma,
1342 1040 1347 1050 ’

345 1124 411 1184 llic
432 1141 567 1185 currus
588 1126 677 1194 luit,
700 1125 767 1186 boo
791 1143 941 1203 regnum
964 1124 1028 1185 dea
1053 1125 1229 1202 gentibus
1252 1143 1333 1185 esse

193 1211 249 1270 erit
270 1208 442 1271 aduerbium
466 1210 533 1273 loci.

280 1377 292 1460 Η
311 1380 329 1440 l.
347 1377 407 1440 27¹⁸
424 1375 435 1460 ΙΙ
452 1380 539 1453 (Quis
560 1408 602 1430 =
624 1377 745 1461 quibus)
768 1379 809 1441 [la
832 1382 897 1441 eius
919 1378 1096 1459 exemplum.

345 1465 381 1524 ln
404 1466 486 1544 quis
508 1482 615 1526 error
638 1468 739 1526 inest
762 1483 828 1525 nec
850 1484 937 1545 spes
959 1474 1016 1526 est
1037 1474 1139 1526 certa
1162 1463 1343 1526 laborum.
1497 1487 1521 1524 ro

195 1550 229 1610 Er
244 1567 298 1629 pro
316 1568 360 1617 eo,
384 1550 462 1628 qnod
486 1558 604 1610 ueteres
624 1549 772 1611 iaciebant
794 1548 955 1611 ablatiuum
978 1550 1157 1628 singularem
1180 1553 1210 1609 in
1234 1553 1243 1610 i
1267 1557 1294 1609 ‘a
1318 1552 1389 1629 qui'‚
1414 1550 1484 1610 laci·

194 1652 259 1694 mus
281 1637 442 1712 genitiuum
466 1634 610 1713 pluralem
634 1637 663 1694 in
693 1639 753 1696 ium
781 1637 917 1715 ‘quium',
948 1635 1079 1696 datiuum
1110 1646 1139 1696 et
1166 1634 1326 1695 ablatiuum
1356 1634 1485 1714 plurales

192 1722 224 1779 in
254 1719 320 1779 bus:
350 1717 470 1799 ‘quibus
497 1719 561 1794 dns’
592 1729 620 1779 et
646 1723 673 1780 ‘a
697 1720 804 1799 quibus
827 1720 938 1780 tulisti'.
985 1721 1042 1780 lsta
1064 1720 1166 1797 regula
1188 1716 1402 1781 nominatiuum
1426 1723 1484 1780 sin·

193 1804 324 1882 gularern
354 1806 383 1863 in
413 1804 481 1881 quid
511 1806 613 1864 mittitl
657 1804 688 1864 ln
712 1823 758 1864 es:
781 1806 890 1884 ‘ques'.
935 1807 993 1865 Cur
1017 1805 1179 1866 Donatus
1209 1814 1340 1865 ueterem
1362 1805 1484 1866 locutio·

192 1907 261 1948 nem
284 1891 407 1950 usitatus
430 1890 491 1948 esti
536 1889 570 1949 Vt
593 1888 759 1949 absurditas
781 1888 873 1951 datiui
903 1897 932 1949 et
960 1889 1080 1949 ablatini
1095 1886 1108 1971 ΙΙ
1125 1893 1143 1950 l.
1159 1887 1251 1968 wll
1267 1908 1367 1956 casus,
1396 1907 1521 1969 quanin

193 1975 223 2032 in
246 1975 486 2052 pronuntiatione
509 1976 624 2042 retinet,
649 1972 817 2035 demeretur
840 1985 869 2034 et
891 1984 1014 2036 ornatus
1036 1975 1191 2034 locutionis
1220 1975 1427 2045 induceretur,
1456 1981 1484 2033 et

193 2061 261 2136 quia
284 2077 320 2118 ex
342 2057 540 2137 prudentibus
562 2058 708 2136 qnidam
731 2059 818 2119 dicit:
848 2061 920 2118 ‘sio
948 2078 1041 2120 noua
1070 2069 1199 2121 tenere
1223 2059 1413 2125 debemus,
1444 2077 1484 2118 ne

194 2153 326 2203 uetera
350 2144 732 2221 praetermittamus':
755 2144 823 2204 ideo
847 2153 1000 2221 utramque
1021 2154 1140 2205 secutus
1155 2154 1200 2205 est
1214 2143 1347 2221 regulam
1363 2156 1485 2224 propter

193 2229 352 2289 eulouiam.

193 2464 421 2499 attitmvnntns.
800 2516 803 2521 Ι

277 2520 451 2578 3Ιιι1ῖαηιιε
470 2539 500 2592 p.
526 2525 579 2578 76.-
611 2521 685 2578 lnter
711 2521 778 2578 ‘bic'
807 2531 834 2577 et
862 2521 929 2578 ‘trio’
960 2532 1001 2578 est
1030 2523 1179 2579 discredo?
1223 2522 1279 2578 Est.
1324 2521 1482 2590 Quomodo?

191 2607 303 2676 Quando
327 2624 470 2681 personam
494 2607 704 2678 significauerit,
729 2619 759 2662 ut
782 2616 846 2681 putu
870 2610 892 2663 si
915 2608 1000 2664 dicam
1025 2606 1087 2664 ‘bic
1110 2608 1191 2663 bomo
1214 2611 1327 2680 uerus'‚
1351 2610 1403 2664 erit
1420 2625 1483 2680 pro·

192 2708 303 2749 nomen:
333 2692 439 2765 quando
462 2691 552 2748 locum
575 2692 742 2763 ostenderit,
771 2702 800 2747 ut
823 2701 886 2766 pola
910 2694 933 2748 si
955 2693 1040 2750 dicam
1064 2693 1122 2748 ‘bic
1144 2692 1267 2749 locorum
1290 2693 1403 2766 spatio’,
1431 2695 1484 2748 erit

193 2777 360 2833 aduerbium.

276 2861 294 2917 9
317 2861 450 2916 Iulianus
468 2880 500 2932 p.
525 2866 575 2917 77:
603 2862 676 2917 Vnde
698 2871 726 2917 et
748 2862 825 2918 dicit:
848 2861 949 2936 ‘inquis
973 2869 1051 2918 error
1074 2865 1160 2936 inest,
1184 2880 1233 2919 nee
1255 2879 1319 2936 spes
1342 2873 1383 2918 est
1406 2873 1507 2918 certas

191 2945 336 3002 laborum'.
382 2947 431 3001 71.
455 2947 487 3001 Et
510 2964 559 3020 pro
582 2964 625 3017 eo,
648 2946 720 3019 quod
744 2956 851 3002 ueteres
874 2947 1006 3004 iaciebant
1029 2948 1175 3003 ablatiuum
1199 2950 1225 3002 in
1248 2951 1255 3002 i
1279 2947 1305 3001 ‘a
1321 2946 1392 3021 qni’,
1414 2948 1480 3005 laci·

191 3049 251 3087 runs
273 3030 404 3105 pluralem
427 3033 455 3086 iu
477 3033 547 3086 ium:
576 3030 705 3105 ‘quium'‚
727 3032 848 3087 datiuum
871 3043 898 3089 et
920 3033 1067 3089 ablatiuum
1091 3035 1118 3088 in
1143 3033 1206 3087 bns:
1236 3031 1346 3106 ‘qulbus
1370 3033 1430 3089 das'
1453 3043 1480 3087 et

191 3114 218 3170 ‘a
242 3114 341 3189 quibus
365 3116 479 3171 tulistii'
524 3117 556 3172 Et
578 3117 648 3171 unde
670 3116 834 3189 colligebant
857 3127 965 3173 ueteres
988 3117 1126 3189 regulam?
1170 3118 1307 3174 ddatiuo
1330 3134 1393 3173 casn
1425 3119 1480 3172 sin·

191 3201 287 3274 golmi.
337 3200 496 3268 Quomodo?
545 3199 656 3267 Quando
686 3200 738 3256 illis
766 3202 879 3267 datiuus
902 3195 980 3258 casus
1009 3203 1156 3276 singularis
1180 3197 1191 3280 ss
1213 3221 1237 3276 p.
1263 3202 1301 3259 78
1324 3196 1336 3279 ΙΙ
1361 3205 1369 3258 i
1400 3203 1478 3258 litera

191 3286 402 3355 terminabatur,
430 3286 563 3342 lacielrant
584 3287 705 3342 datiuum
728 3295 756 3341 et
778 3286 925 3344 ablatiuum
949 3288 1068 3362 plurales
1092 3293 1117 3344 in
1141 3288 1205 3342 bus:
1236 3286 1347 3360 ‘qulbus
1370 3287 1429 3342 des’
1452 3296 1479 3343 et
1495 3304 1518 3339 ιο

192 3371 219 3428 ‘a
238 3371 346 3445 ⁴quibus
376 3371 485 3428 tulisti.'
537 3371 590 3426 Cur
617 3373 734 3427 llouatus
762 3382 883 3428 ueterem
912 3374 1076 3429 locutionem
1107 3373 1224 3428 usitatus
1256 3374 1315 3428 esti
1366 3373 1483 3446 Propter

191 3457 386 3513 absurditatem
408 3464 436 3512 et
459 3457 584 3512 usitatem
607 3457 770 3528 locutionis,
793 3459 855 3532 quia
878 3459 943 3514 dicit
966 3461 1041 3532 quis:
1065 3458 1117 3514 ‘sic
1139 3474 1209 3513 noua
1233 3466 1327 3513 tenere
1342 3457 1482 3526 debemus,

191 3560 224 3597 ne
247 3552 338 3598 uetera
362 3540 630 3615 praetermittamus’
675 3542 707 3596 Et
730 3542 848 3598 llonatus
872 3544 939 3598 banc
962 3543 1082 3615 regulam
1106 3542 1272 3613 obseranda,
1300 3543 1363 3616 quia
1385 3558 1482 3598 secun·

191 3627 253 3682 dum
277 3626 350 3700 quod
373 3625 507 3682 oblatiuns
530 3626 678 3699 singularis
696 3644 712 3682 o
729 3626 805 3682 litero
830 3632 999 3693 terminatur,
1023 3629 1131 3682 datinus
1154 3637 1180 3683 et
1204 3627 1339 3682 ablatluus
1361 3627 1482 3700 plurales

192 3713 217 3766 io
241 3712 379 3768 locutione
402 3710 464 3784 plus
486 3710 664 3781 absurditati,
689 3729 768 3786 quam
787 3723 882 3770 ornate
898 3715 1072 3787 pronunciari
1088 3715 1226 3782 uidentur,
1249 3721 1364 3786 propter
1378 3714 1480 3785 eupbu·
1499 3725 1521 3762 15

192 3799 262 3852 niam
286 3806 405 3852 ueterem
429 3797 600 3869 obsequutus
623 3807 665 3853 est
688 3797 819 3870 regulam.

192 4030 304 4064 conrcrs
322 4029 477 4064 asaaansrs
496 4018 545 4065 207
565 4030 711 4068 narraras.

258 4087 320 4133 dut
338 4094 400 4148 puta
417 4084 489 4134 solus
558 4085 573 4130 ii
592 4083 633 4132 hic
650 4080 730 4147 illius]
752 4083 830 4147 Verp.
851 4087 916 4134 Aen.
937 4084 954 4132 I
973 4086 1003 4131 ld
1073 4078 1104 4132 14
1123 4082 1174 4140 Qur
1192 4083 1301 4132 donatus

193 4304 303 4340 rsuram
322 4304 434 4340 comcrs
452 4305 608 4340 anannnsra
628 4291 676 4338 123
694 4303 841 4341 vatatam.

260 4361 272 4406 1
292 4357 354 4407 ltem
374 4357 415 4405 bic
432 4370 457 4406 et
475 4359 522 4423 bac
623 4361 640 4407 3
658 4357 698 4404 bic
717 4356 851 4418 loquorum
870 4356 958 4420 paccio
977 4357 1024 4404 erit
1042 4356 1190 4405 odurrbium
1210 4354 1259 4403 loci
1361 4356 1377 4403 5
1394 4350 1480 4418 Vnde]

191 4425 247 4482 For,
260 4425 345 4474 125¹l
364 4426 429 4474 nude
447 4427 522 4474 edicit
589 4425 605 4473 6
624 4417 706 4473 oblato
723 4426 748 4473 in
767 4424 802 4472 bii
820 4440 835 4472 o
854 4425 897 4485 qul
916 4424 1039 4473 laniamus
1058 4424 1171 4488 genitlno
1189 4422 1279 4488 plurali
1348 4423 1480 4483 lquiaum

258 4492 328 4542 abim
348 4491 391 4557 pis
410 4495 433 4540 in
453 4494 500 4541 bus
519 4493 612 4554 qulbus
631 4494 723 4554 quibus
741 4493 788 4541 das
857 4493 873 4542 8
891 4492 1004 4556 regulam
1023 4493 1133 4540 ublatluo
1152 4507 1214 4540 casu
1294 4488 1387 4554 being
1401 4489 1482 4537 littera

192 4565 223 4612 10
241 4561 346 4627 pluralis
365 4563 388 4609 in
409 4561 455 4609 bos
474 4562 567 4622 quibus
586 4562 632 4609 das
651 4572 675 4609 et
692 4577 708 4609 a
730 4561 823 4621 quibus
848 4561 926 4609 tulisti
945 4572 969 4609 et
988 4562 1053 4609 nude
1076 4561 1229 4624 colligebant
1252 4559 1343 4607 ueteris
1367 4557 1482 4623 regulum

191 4631 309 4679 oduuino
328 4644 389 4678 casu
411 4629 534 4694 singulari
557 4630 686 4690 quomodo
710 4629 812 4690 quondo
834 4627 884 4677 illis
907 4629 1009 4677 datiuus
1034 4628 1172 4693 singularis
1195 4627 1276 4676 littero
1304 4626 1483 4675 terminabatur

191 4698 316 4748 l'ariebant
334 4698 448 4747 datiuum
467 4708 491 4746 et
508 4696 646 4745 oblatiunm
671 4697 792 4761 pluralem
817 4698 841 4744 io
860 4697 907 4744 bus
926 4697 1019 4757 quibus
1037 4698 1083 4745 das
1102 4706 1126 4745 et
1143 4712 1159 4744 a
1176 4697 1269 4757 qulbus
1289 4694 1376 4743 tulisti.
1412 4694 1483 4750 Quor

191 4766 298 4815 (latratus
369 4766 622 4815 monstrationem
674 4767 732 4827 quis
752 4779 818 4813 noua
871 4767 902 4814 13
920 4766 1134 4829 pretermittamus
1205 4766 1237 4812 14
1255 4763 1335 4811 littera
1406 4763 1481 4810 ibin

191 4832 341 4882 locutionem
361 4835 419 4900 plns
436 4834 580 4883 absurdlter
597 4848 673 4895 qurum
694 4845 780 4882 ornate
798 4834 968 4897 pronunciare
1039 4835 1069 4882 16
1087 4832 1223 4881 adsecutus
