3382 5476
698 346 915 400 nuuuuusus,
1411 348 1450 412 71

131 536 246 600 lulum
270 544 299 597 et
320 534 497 615 pauxillum,
523 536 620 596 uelum
644 535 799 606 uexillum,
823 553 940 597 sacrum
956 534 1112 606 sacellum,
1136 554 1290 599 scamnum
1306 537 1451 599 scamnel-

154 641 229 708 lum,
259 637 374 699 lucrum
397 637 549 708 lucellum,
579 637 736 699 cerebrum
760 636 956 709 cerebellum,
987 636 1112 699 llabrum
1134 637 1299 711 flabellum,
1328 639 1452 719 llagrum

113 734 118 743 ’
153 740 315 821 flagellum,
347 748 475 801 castrum
503 738 668 801 castellum.
713 740 792 802 Haec
819 742 918 802 omnia
941 761 958 802 e
981 741 1099 819 longam
1129 740 1304 803 naturaliter
1331 739 1450 803 habeut.

153 845 225 905 ltem
248 840 427 921 Virgilius
449 844 607 913 Asianus
634 841 670 902 de
699 841 885 904 diminutiuis
907 842 993 903 dixit:
1028 841 1198 904 Taberna
1226 841 1452 906 tabernacu-

125 945 225 1011 5lu1n
253 946 359 1013 lacit,
389 963 475 1024 pera
506 941 731 1024 periculum,
761 942 858 1024 lapis
885 942 1064 1023 lapicula‚
1093 945 1228 1006 ostium
1257 944 1449 1017 ostiolum,
1527 985 1532 991 -

153 1050 258 1110 riuus
286 1044 449 1115 riuulus,
479 1043 637 1123 flagrum
667 1044 878 1124 flagellum,
907 1045 977 1116 ier,
1006 1044 1076 1106 boc
1106 1052 1161 1106 est
1184 1046 1346 1125 epulum,
1375 1048 1450 1109 ier·

152 1149 272 1211 culum
300 1149 403 1210 iacit:
435 1147 502 1208 boc
530 1156 650 1208 autem
679 1166 811 1209 nornen
841 1148 897 1208 ier
926 1149 1067 1209 tertiae
1094 1147 1366 1210 declinationis
1394 1158 1451 1212 est

152 1259 188 1313 et
209 1253 264 1312 sic
292 1250 481 1311 flectitur:
512 1249 567 1310 lec
596 1248 690 1309 ieris
719 1257 753 1310 et
780 1257 906 1310 cetera
936 1256 972 1310 et
999 1250 1093 1310 iacit
1115 1249 1204 1311 iera.
1248 1250 1339 1313 ltem
1361 1250 1449 1321 bau,

149 1353 235 1415 inde
257 1351 303 1415 lit
325 1351 551 1413 diminutius
575 1350 737 1413 baculus.
782 1351 941 1428 Hucusque
964 1354 1002 1412 de
1024 1349 1220 1414 diminutiuis
1261 1353 1341 1415 Sono
1364 1353 1452 1415 dimi-

116 1457 255 1519 ronutiua
283 1473 375 1535 quare
405 1453 562 1515 dicuntur?
611 1450 757 1522 Quia-sic
785 1460 907 1523 sonant,
943 1454 1019 1514 sicut
1045 1453 1235 1525 diminutiua,
1270 1454 1322 1517 sed
1351 1462 1450 1518 tamen

153 1556 325 1638 principalia
352 1564 422 1618 sunt
448 1554 616 1634 intellectu,
645 1564 677 1616 ut
703 1553 803 1617 tabula
832 1553 946 1617 macula
976 1553 1074 1618 tabula
1102 1555 1259 1618 macellum
1288 1557 1450 1620 uinculum.

152 1661 226 1721 l'ola
250 1658 363 1720 Graeca
386 1657 453 1719 ideo
476 1657 623 1727 dicuntur,
647 1658 716 1738 quia
740 1676 776 1718 er
799 1664 861 1719 toto
884 1658 996 1720 Graece
1019 1655 1220 1729 declinantur,
1245 1667 1276 1719 ut
1298 1657 1451 1721 'l'bemisto

153 1761 276 1842 Calypso
299 1760 373 1822 liido
403 1760 472 1821 Pan.
518 1760 598 1820 llaec
627 1761 746 1821 nomina
775 1760 952 1821 feminarum
981 1768 1050 1821 sunt
1076 1761 1107 1821 in
1135 1779 1154 1819 o
1182 1760 1360 1830 desinentia;
1390 1760 1450 1823 Pan

152 1869 252 1924 autem
285 1861 480 1924 masculinum
516 1869 573 1928 est,
609 1863 661 1940 qui
691 1860 787 1922 dictus
819 1868 864 1922 est
891 1861 965 1922 dens
992 1869 1086 1941 pater.
1136 1862 1216 1923 Haec
1242 1880 1308 1924 cum
1338 1862 1450 1924 Graeca

114 1990 138 2032 15
151 1966 225 2035 siut,
250 1982 315 2025 cnm
339 1964 451 2025 Latinis
473 1965 586 2024 Graeca
609 1963 807 2025 declinatione
829 1961 1026 2040 declinantur,
1049 1971 1082 2024 ut
1096 1959 1192 2026 Aedui
1206 1960 1336 2038 Διδοῦς
1349 1961 1455 2027 Acdot

152 2063 248 2128 Διὸὦ
274 2058 341 2126 ἀπὸ
368 2061 425 2145 τῆς
447 2060 584 2138 Διδοῦς.
630 2066 703 2127 Tota
725 2067 826 2128 Latina
855 2083 949 2146 quare
977 2065 1134 2127 dicuntur?
1179 2065 1252 2139 Ouia
1275 2085 1310 2128 ex
1333 2060 1396 2130 toto
1417 2069 1450 2129 in

151 2171 255 2232 Latino
285 2174 452 2229 uertuntur.
498 2168 629 2228 Graecus
652 2169 731 2229 euim
754 2168 825 2229 dicit
847 2166 1045 2247 Polydeuces,
1074 2168 1196 2230 Latinus
1219 2167 1331 2231 Pollux.
1375 2169 1449 2231 ltcm

151 2273 283 2335 Graecus
305 2269 375 2331 dicit
397 2268 560 2348 Odysseus,
583 2269 706 2331 Latinus
728 2270 800 2331 dicit
819 2267 927 2331 Vlixes.
973 2268 1065 2331 ‘luter
1088 2270 1233 2332 Graecam
1255 2265 1451 2350 Latinamque

151 2374 288 2435 iormam’
311 2389 403 2452 quare
431 2371 587 2432 dicuutur?
631 2370 750 2432 Scilicet
778 2372 846 2452 quia
876 2380 1018 2452 exparte
1041 2373 1153 2435 Graec‘a
1177 2380 1207 2434 et
1228 2390 1264 2434 ex
1286 2380 1371 2454 parte
1396 2372 1448 2434 La·

109 2478 210 2543 uotiua
233 2481 316 2544 sunt,
340 2490 415 2551 quae
438 2472 527 2535 notha
551 2472 752 2554 appellantur,
776 2474 845 2534 item
868 2472 978 2535 nobilia
1001 2482 1030 2534 ot
1049 2473 1206 2552 ignobilia,
1230 2483 1260 2534 et
1275 2474 1342 2536 ideo
1357 2475 1447 2536 notha

150 2576 345 2660 appellantur,
369 2577 437 2656 quia
461 2584 655 2656 corrumpunt
674 2575 792 2637 ultimas
807 2573 934 2655 syllabas
949 2574 1138 2637 manentibus
1152 2575 1303 2656 prioribus
1316 2576 1448 2656 syllabis,

150 2687 183 2743 ut
208 2686 279 2760 aput
302 2678 430 2740 Graecos
452 2677 637 2740 Alexandros
659 2677 837 2739 Menandros
864 2677 990 2748 dicitur,
1020 2685 1091 2758 aput
1111 2677 1233 2740 Latinos
1261 2685 1358 2740 autem
1382 2677 1449 2741 nte·

101 2782 115 2803 '
150 2779 466 2846 randerdleuander.
518 2781 600 2841 Dicta
632 2789 731 2842 autem
764 2779 869 2849 notha,
904 2779 1153 2860 quemadmodum
1189 2779 1297 2843 nothos
1330 2779 1446 2852 dicitur,

149 2869 282 2964 quisquis
316 2879 353 2942 dc
381 2881 490 2961 dispari
525 2899 635 2959 genere
671 2883 809 2943 nascitur.
858 2882 1058 2962 llomonyma,
1094 2881 1150 2943 boc
1186 2892 1230 2945 est
1263 2884 1445 2954 uninomina,

108 3003 241 3064 sequare
271 2984 426 3045 dicuutur?
474 2984 516 3044 Eo
544 2984 623 3064 quod
652 3002 709 3045 una
738 2970 936 3065 appellatione
963 2982 1048 3064 plura
1076 2984 1257 3063 significant,
1294 2993 1326 3047 ut
1352 3003 1447 3066 nepos

148 3086 255 3149 dicitur
277 3085 460 3155 luxoriosus,
484 3087 554 3146 item
572 3083 583 3167 l
600 3086 618 3146 l.
637 3083 697 3148 83b
713 3084 724 3168 ΙΙ
741 3085 795 3147 alia
819 3085 1033 3165 significatione
1054 3106 1148 3169 nepos
1164 3087 1273 3150 dicitur
1289 3089 1333 3150 roi
1348 3089 1446 3150 auitae

148 3197 349 3268 consumptor,
374 3186 430 3247 boc
454 3195 511 3256 est,
535 3188 585 3265 qui
608 3187 753 3268 disperdit
774 3187 838 3250 illas
861 3206 924 3260 ros,
949 3206 1021 3266 quas
1043 3189 1099 3250 sibi
1121 3193 1167 3251 sui
1189 3197 1328 3270 parentes
1351 3189 1443 3252 (lemi-

148 3298 260 3354 serunt.
303 3290 404 3349 l'crtia
426 3290 640 3368 significatione
663 3289 772 3352 dicitur
794 3308 888 3370 nepos
910 3297 1009 3351 certus
1031 3293 1216 3369 cognationis
1237 3292 1364 3371 gradus,
1386 3290 1444 3353 boc

148 3401 193 3455 est
220 3391 297 3454 iilius
319 3390 381 3453 lilii.
426 3392 475 3452 Sic
499 3400 527 3452 et
550 3393 629 3453 acics
651 3392 759 3453 dicitur
781 3390 934 3454 oculorum
958 3400 988 3454 et
1009 3394 1089 3454 acics
1110 3393 1183 3454 lerri
1205 3402 1235 3454 ct
1256 3394 1334 3455 acies
1356 3410 1443 3455 exer·

107 3497 238 3566 accitus,
267 3495 310 3555 sic
339 3500 367 3553 et
395 3494 526 3554 tumulus
554 3493 663 3556 dicitur
692 3492 850 3572 aliquando
879 3511 965 3555 mons
987 3512 1117 3575 paruus,
1145 3495 1303 3576 aliquando
1326 3504 1444 3558 tumens

147 3597 246 3668 tellus,
276 3595 435 3673 aliquando
461 3595 641 3675 sepulcrum.
687 3642 816 3657 .....
841 3596 1009 3676 Syuonyma
1038 3615 1110 3677 orgo
1138 3597 1207 3658 ideo
1234 3596 1382 3669 dicuutur,
1407 3618 1442 3660 eo

147 3699 224 3781 quod
258 3700 296 3760 sit
323 3699 354 3757 in
382 3697 517 3777 pluribus
545 3697 714 3759 nominibus
740 3697 916 3777 significatio
945 3717 1019 3769 uua,
1053 3706 1087 3761 ut
1114 3707 1193 3761 terra
1220 3699 1329 3761 humus
1355 3680 1443 3762 ¹tellus

147 3802 224 3864 idem
258 3805 327 3862 sunt
359 3800 474 3867 omnia;
507 3801 578 3861 item
612 3801 691 3862 ensis
724 3818 827 3881 mucro
858 3799 972 3879 gladium
999 3799 1077 3862 idem
1105 3807 1184 3863 sunt.
1236 3802 1443 3865 Patronomica

146 3922 237 3986 quare
270 3902 427 3963 dicuntur?
477 3901 518 3962 Eo
547 3901 626 3982 quod
655 3921 671 3963 a
699 3901 833 3982 patribus
866 3902 1097 3975 contrabuntur,
1131 3911 1164 3965 ut
1192 3903 1321 3984 Tydides
1348 3903 1442 3985 Tydei

143 4053 380 4071 θ’*

214 4157 363 4209 iuixillunr
415 4155 539 4222 sagellum
613 4156 751 4207 inactum
821 4158 918 4209 abaco
935 4159 1022 4224 omnip
1039 4156 1144 4223 longam
1195 4157 1335 4209 dasianus
1388 4159 1443 4210 dini

145 4226 268 4294 Virgilius
282 4220 408 4291 Asianus]
422 4225 456 4288 cs.
471 4225 504 4274 A.
518 4225 582 4278 Mai.
596 4232 663 4276 auct.
675 4228 751 4277 cloes.
765 4225 848 4276 Votic.
867 4225 935 4280 Tora.
949 4228 981 4289 V,
992 4243 1019 4290 p.
1031 4227 1083 4276 132
1092 4223 1211 4290 (Virgilta'
1221 4227 1329 4291 epitome
1342 4227 1440 4292 VIII),

144 4313 193 4363 qno
211 4298 266 4346 loco
284 4295 393 4344 eosdem
410 4296 553 4357 argumenti
568 4295 639 4344 aliud
655 4301 804 4359 excerptum
821 4295 892 4345 dedit
911 4293 1004 4344 Maius.
1069 4292 1215 4344 bhostium
1232 4293 1373 4345 hostiolum
1425 4298 1440 4344 d

144 4365 214 4414 ribus
233 4362 330 4412 ribulus
400 4361 495 4426 uagum
564 4361 647 4412 'lhoc
664 4372 708 4412 eut
759 4363 832 4412 tertie
909 4362 977 4413 9sit
1028 4361 1161 4425 hucusque
1177 4361 1337 4414 diminutiuis
1407 4365 1439 4413 12

145 4442 196 4482 tata
264 4444 348 4496 green,
366 4431 404 4479 cic
420 4445 521 4494 seraper
589 4432 622 4480 14
638 4430 701 4480 deuo
721 4426 804 4497 poter]
824 4431 882 4481 Ao:
900 4431 964 4480 deus
983 4432 1133 4495 pastorum?
1203 4433 1235 4483 16
1252 4445 1310 4480 cum
1327 4430 1441 4482 Latinis·

145 4501 202 4552 An:
220 4500 245 4547 in
265 4497 378 4548 Latinis?
437 4509 464 4547 ut
480 4497 541 4546 dido
559 4498 660 4562 dydoys
678 4498 765 4563 dydoy
783 4493 862 4549 didon
875 4513 925 4565 apo
939 4499 957 4548 ti
969 4499 1043 4563 dyosi
1061 4509 1113 4550 tota
1131 4513 1237 4550 ceruesa
1253 4513 1333 4563 quare
1350 4497 1438 4564 dicun]

145 4577 185 4617 tur
254 4568 284 4616 17
303 4565 434 4632 poliduces
503 4565 576 4632 polix
645 4566 676 4616 18
696 4567 798 4617 odiseos
850 4565 927 4631 luter]
945 4567 1007 4617 luem
1077 4569 1109 4619 19
1127 4565 1271 4628 ScilicetJr
1338 4569 1372 4619 20
1390 4582 1440 4630 que

144 4637 176 4686 22
195 4634 342 4684 minondros
395 4633 488 4682 latinns
557 4637 590 4685 23
607 4635 740 4684 minander
792 4644 852 4685 nota
931 4636 964 4685 24
982 4635 1014 4686 de
1031 4634 1139 4701 dispatri
1157 4636 1331 4703 generascitur
1383 4636 1441 4686 uui-

144 4702 1254 4838 ltili‘¹⁰³⁵...iidttit0¹¹⁵”titiuillttittmlitii”bladii
1270 4701 1440 4828 diditi&

144 4853 335 4903 synonymorum
353 4840 458 4890 nomine.
528 4840 561 4889 34
579 4837 699 4889 thitlrides
718 4837 796 4888 thidei
