3382 5476
186 394 292 465 cmv
697 400 746 452 DE
765 398 950 454 FLAVIANO

181 599 263 652 recte
284 588 374 665 uidit,
398 588 434 652 ia
451 587 523 664 fieri
544 591 627 651 nullo
648 591 736 651 motio
752 608 851 666 posse,
876 598 909 651 ut
929 589 1011 663 iude,
1036 592 1118 666 quod
1134 587 1168 652 in
1183 592 1250 654 cod.
1267 592 1360 654 Berm.
1383 595 1474 655 semel
1479 587 1484 598 '

181 695 226 770 (p.
251 701 316 767 107,
343 691 389 772 25)
413 691 560 768 scriptum
586 691 626 752 sit
648 690 813 766 ‘Flauius’,
845 693 902 752 hoc
927 690 1025 767 ipsum
1053 691 1119 753 eius
1143 694 1342 768 qrammatici
1366 714 1473 758 nomen

176 795 274 867 fuisse
294 796 504 867 concludatur,
529 792 603 869 quia
625 795 740 854 duobus
760 792 836 855 locis
856 792 928 854 aliis
950 795 996 871 (p.
1022 801 1086 867 107,
1111 800 1159 855 21,
1178 801 1227 870 28)
1250 795 1364 858 tlisme
1384 799 1472 858 ‘Fla-

178 895 302 958 uianus’
329 900 441 971 lepitur
467 904 497 955 et
522 893 556 955 in
584 894 719 957 omnihus
745 894 872 972 iusuper
896 893 1182 971 qrammaticorum,
1212 906 1355 974 quotquot
1376 902 1414 959 tle
1434 916 1474 959 ea

177 1017 212 1058 rc
232 1006 349 1066 extant,
372 997 536 1074 excerptis.
582 997 685 1072 Neque
706 1004 805 1058 tamen
827 995 947 1069 tluhito,
975 996 1049 1074 quin
1077 1015 1187 1060 reuera
1210 998 1341 1061 Flauius
1363 1000 1472 1062 Chari-

177 1099 241 1161 sius
260 1099 481 1175 intelleqeualus
502 1097 551 1172 sit,
575 1097 662 1159 cuius
682 1115 787 1159 nomen
809 1101 859 1159 uel
881 1108 1043 1174 temporum
1065 1097 1185 1160 iniuria
1205 1103 1256 1160 uel
1276 1109 1310 1162 ut
1332 1120 1472 1178 conqrua

178 1204 326 1278 quaedam
350 1199 570 1263 notissimorum
591 1198 625 1261 iu
655 1202 745 1261 relus
769 1199 980 1275 qrammaticis
1008 1199 1158 1261 nominum
1180 1203 1382 1264 consonantia
1398 1222 1471 1281 per-

173 1307 330 1377 ficeretur,
358 1302 390 1364 in
420 1301 569 1364 Flauiani
591 1303 727 1377 sormam
755 1319 815 1363 non
842 1301 941 1363 minus
962 1304 1110 1363 detortum
1132 1310 1189 1372 est,
1218 1321 1308 1380 quam
1336 1305 1472 1367 Maaimi

183 1404 353 1483 Victorini,
387 1422 473 1482 quem
503 1403 730 1466 Maximianum
757 1402 853 1466 medii
879 1403 951 1465 aeui
976 1403 1110 1465 homines
1138 1408 1344 1482 appellauere.
1391 1407 1473 1480 Ouid

178 1511 259 1582 quoa
279 1527 339 1569 non
362 1511 455 1569 solum
470 1505 651 1568 Prisciams
668 1505 745 1568 artis
764 1505 990 1582 qrammaticae
1010 1514 1105 1583 caput
1125 1515 1217 1583 atque
1232 1506 1392 1586 princeps,
1416 1513 1473 1571 secl

116 1664 125 1683 ,
177 1608 373 1671 Cominianus
388 1627 515 1688 qnoque,
541 1607 750 1678 Terentianus,
775 1608 1025 1682 Fortunatianus,
1052 1607 1250 1685 Papinianus,
1273 1610 1467 1685 Valerianus,

178 1710 334 1785 Iulianus,
363 1711 484 1787 reliqua
505 1710 772 1787 qrammaticorum
793 1713 903 1772 cohors
924 1713 1045 1784 eadem,
1077 1716 1110 1771 ut
1133 1711 1189 1771 hoc
1217 1713 1364 1774 uocabulo
1385 1721 1469 1782 utar,

179 1813 331 1874 nominum
347 1813 513 1891 parilitate
532 1814 668 1888 pandent
675 1816 690 1872 1
732 1813 856 1888 Itaque,
884 1811 914 1873 si
940 1812 994 1874 illo
1015 1811 1093 1872 artis
1115 1812 1279 1874 Beruensis
1301 1831 1471 1893 anonymae

179 1918 246 1976 loco
268 1918 310 1977 oh,
325 1913 472 1976 ‘Claudii'
495 1913 626 1975 nominis
635 1914 769 1989 sumam
785 1912 960 1975 ‘Flauiani'
983 1931 1089 1975 nomen
1104 1932 1124 1973 o
1138 1912 1269 1976 librario
1282 1914 1316 1975 in
1338 1915 1469 1977 ‘Flauii

174 2020 306 2092 liparam
328 2024 474 2077 mutatum
496 2024 549 2090 est,
574 2035 631 2076 cur
652 2034 712 2077 non
735 2016 815 2077 idem
837 2013 908 2077 olim
920 2015 1039 2090 factum
1054 2034 1117 2077 esse
1129 2004 1305 2091 statuamus,
1329 2024 1363 2078 ut
1384 2019 1468 2077 ‘Fla-

176 2117 256 2179 uius’
279 2120 315 2179 olr
338 2116 535 2179 ‘Com-iniani’
557 2116 738 2194 praesertim
767 2115 897 2179 nominis
913 2117 1177 2194 propinquitatem
1200 2117 1233 2179 iu
1257 2117 1468 2179 ‘Flauianum’

175 2216 358 2301 renerer?*)
405 2218 485 2291 Ouid
505 2223 626 2280 antem?
671 2221 749 2280 Num
763 2219 843 2281 illud
856 2237 972 2295 quoque
986 2218 1122 2295 copitari
1137 2228 1248 2297 potest,
1271 2221 1467 2290 Flauianum,

175 2339 259 2395 quem
284 2323 449 2382 Muellerus
470 2320 561 2396 quasi
581 2340 659 2382 nouo
687 2322 817 2396 quotlarn
845 2322 1005 2397 splendore
1031 2319 1250 2396 circinntletlit,
1280 2322 1372 2383 Pauli
1393 2321 1467 2383 Ilia·

174 2423 245 2483 coni
271 2422 449 2498 maqistrum
477 2430 586 2484 octauo
617 2425 739 2485 saeculo
767 2421 915 2484 uiuentem
948 2421 1031 2483 inter
1056 2421 1239 2484 scholiorum
1269 2423 1468 2485 Beruensium

174 2534 312 2586 auctores
333 2524 435 2603 recipi
453 2524 609 2602 potuisse?
653 2523 746 2601 Atqui
772 2533 853 2586 recte
881 2523 999 2586 Keilius
1026 2522 1179 2598 scholion,
1209 2525 1294 2599 quoa
1313 2526 1406 2586 halres
1427 2528 1471 2586 ad

174 2628 241 2688 Ecl.
272 2629 323 2696 VI,
350 2635 404 2687 ot:
427 2629 558 2689 ‘muscus
579 2645 685 2689 nomen
708 2628 819 2688 hubae
841 2626 993 2688 nascentis
1014 2625 1048 2686 in
1076 2625 1192 2687 cortice
1213 2629 1263 2688 uel
1282 2626 1317 2687 in
1332 2625 1467 2705 pariete,

174 2738 206 2790 ut
228 2728 401 2790 Flauianus
422 2728 479 2790 ait'
502 2731 546 2789 att
566 2727 739 2790 Charisium
763 2732 805 2805 (p.
823 2736 871 2802 32,
889 2733 922 2805 3)
944 2726 1063 2789 rettulit
1083 2728 1186 2789 Herm.
1210 2730 1233 2789 l.
1255 2732 1277 2788 l.
1322 2729 1399 2790 Nam
1415 2727 1470 2806 qui

175 2839 204 2891 et
225 2830 346 2908 ipsein
369 2830 493 2892 scholiis
514 2830 719 2892 Beruensilrus
740 2832 888 2892 laudatur
909 2832 1007 2907 Asper
1026 2828 1263 2908 qrammaticus,
1286 2847 1468 2907 quamquam

173 2936 266 2994 multo
288 2932 468 2995 recentioris
494 2931 627 3008 oripinis
648 2941 710 3009 est,
738 2939 839 2993 tamen
867 2938 953 2993 sexto
980 2949 1046 2993 eum
1070 2940 1143 3008 post
1170 2930 1320 2994 Christum
1347 2935 1469 2994 saeculo

173 3037 257 3095 hana
277 3037 370 3096 multo
391 3034 590 3096 recentiorem
608 3033 709 3107 fuisse
729 3032 845 3094 coelicis
861 3032 1027 3094 Bernensis
1044 3040 1099 3093 611
1120 3041 1149 3094 et
1169 3041 1316 3095 uetustate
1329 3043 1358 3094 et
1372 3033 1467 3095 iuter-

168 3136 328 3214 polatioue
341 3141 548 3210 confirmatur,
569 3137 614 3209 cs.
630 3153 724 3212 supra
737 3153 769 3212 p.
786 3137 918 3197 LXXX.
956 3137 1032 3204 Iam,
1044 3144 1089 3196 'ut
1104 3134 1249 3211 omittam,
1267 3153 1382 3214 parum
1397 3145 1469 3213 apte

173 3258 235 3300 uua
257 3258 324 3300 cum
348 3237 476 3300 Claudio
497 3236 531 3299 in
554 3256 588 3298 re
607 3235 795 3312 pronissime
815 3241 837 3298 l.
858 3241 879 3298 l.
904 3237 1088 3299 Flauianum
1110 3237 1226 3299 saeculi
1247 3237 1351 3299 octoni
1371 3236 1466 3299 homi·

173 3360 248 3410 nem,
271 3360 329 3417 quo
351 3345 417 3403 loco
439 3339 633 3402 Pn'seiauun
654 3342 761 3400 saltem
783 3337 946 3408 norninari,
969 3337 998 3400 si
1018 3338 1221 3414 antiquiorem
1243 3344 1345 3419 nollet,
1367 3357 1388 3399 a
1404 3343 1465 3401 ool·

172 3447 283 3505 lectore
306 3444 472 3520 oportebat,
496 3450 755 3503 commemoratum
774 3441 863 3519 sore,
892 3449 977 3502 tanta
1000 3450 1043 3501 cst
1065 3440 1202 3502 omnihus
1222 3449 1365 3518 quotquot
1386 3444 1466 3502 Fla-

177 3544 265 3606 uiani
286 3545 408 3607 nomine
428 3551 536 3606 extant
557 3543 634 3606 locis
648 3562 714 3605 cum
728 3543 869 3605 Charisia
884 3541 1038 3617 adfinitas,
1053 3552 1095 3604 fut
1115 3561 1154 3604 ne
1175 3563 1252 3605 unus
1273 3542 1393 3621 quidem
1415 3545 1466 3603 ho

174 3647 224 3708 iiie
245 3646 286 3708 sit
306 3647 465 3720 inuentus,
496 3644 569 3721 quin
596 3655 649 3706 aut
677 3648 782 3707 eadem
812 3655 865 3707 aut
891 3643 1049 3706 simillima
1077 3653 1158 3705 certe
1185 3648 1272 3721 apuel
1292 3644 1465 3707 charisium

172 3749 371 3826 reperiantur
392 3748 487 3810 elicta.
532 3750 599 3809 Hoc
621 3765 680 3824 quo
701 3747 807 3808 melius
828 3747 1033 3823 intelleqatur,
1057 3745 1131 3808 istos
1144 3750 1234 3820 locos,
1257 3765 1331 3823 quos
1344 3745 1466 3824 quidem

172 3851 318 3920 nouerim,
341 3851 431 3924 infra
448 3867 622 3929 proponam
645 3867 753 3924 omnes,
778 3868 904 3925 quorum
927 3866 1050 3910 numero
1067 3858 1138 3926 post
1159 3848 1256 3911 Keilii
1283 3849 1465 3926 disputatio

172 3971 238 4013 nem
261 3955 364 4014 Herm.
387 3956 408 4015 l.
433 3957 453 4016 l.
477 3951 593 4028 aliquot
616 3950 689 4013 noui
710 3960 920 4013 accesserunt:

171 4109 192 4167 J
205 4110 264 4168 Ars
278 4124 430 4185 anonyma
446 4106 610 4167 Beruensr's
619 4122 654 4181 p.
670 4112 734 4177 107,
754 4112 806 4164 28:
981 4102 1138 4165 Charisius
1155 4123 1190 4181 p.
1217 4112 1264 4179 25,
1290 4097 1321 4165 1.·

215 4225 434 4303 Quinquaginta
468 4233 565 4286 autem
601 4223 676 4283 duae
705 4224 805 4285 111111-
875 4222 1464 4284 111111111111111111111111111111111

173 4330 307 4388 nationes
322 4326 484 4388 secundum
507 4324 726 4387 Flauianum
750 4324 804 4386 hae
831 4326 889 4385 sia:
920 4343 972 4404 per
1001 4343 1017 4384 a
1047 4324 1073 4386 11
1097 4343 1133 4385 aa
1157 4343 1211 4385 ans
1232 4344 1265 4386 ar
1286 4343 1339 4386 ars
1360 4343 1393 4386 as
1416 4343 1462 4395 ax,

633 4470 639 4490 Ι

239 4511 267 4576 *1
287 4512 348 4562 Nam
367 4512 429 4576 hoc,
452 4513 521 4575 qaod
539 4512 601 4562 mihi
619 4512 756 4575 aliquando
775 4514 800 4562 in
820 4523 928 4562 mentem
948 4513 1029 4574 uenit,
1052 4526 1111 4562 eum
1130 4527 1180 4562 noa
1199 4511 1322 4576 habeam,
1344 4526 1396 4573 quo
1415 4526 1462 4577 po-

170 4582 296 4631 tissimum
324 4592 475 4646 argumento
494 4597 526 4631 ex
544 4580 683 4630 litterarum
710 4580 819 4631 historia
841 4581 920 4647 petito
944 4579 1092 4642 defendam,
1122 4581 1184 4630 11111
1211 4580 1325 4629 modeste
1347 4578 1462 4643 eloquar,

171 4649 319 4700 hiaximinai
337 4659 362 4698 et
381 4649 494 4698 Flauiani
515 4650 659 4699 nominibus
681 4649 791 4700 fumasse
816 4663 866 4698 nou
889 4649 962 4714 ipsos
982 4647 1085 4698 Maximi
1104 4649 1229 4697 Victorini
1247 4659 1272 4697 et
1291 4647 1370 4696 Flauii
1389 4646 1463 4697 Sosi-

170 4722 237 4780 111111
250 4718 359 4768 Charisii
376 4717 455 4767 librae
473 4718 613 4767 intellectos
631 4717 721 4776 inisse,
740 4717 786 4767 sed
804 4717 979 4767 tantammodo
998 4715 1192 4781 discipulorum,
1211 4717 1254 4777 qui
1273 4716 1372 4764 iliorum
1393 4716 1464 4765 airo-

170 4800 225 4833 111111
244 4787 358 4836 doctrina
375 4787 456 4835 11111ῑί
474 4785 584 4836 tuissent
601 4800 739 4848 eorumque
757 4786 867 4850 scripta,
886 4795 915 4834 ut
931 4800 978 4850 pai·
996 4795 1063 4843 erat,
1081 4795 1109 4834 et
1119 4783 1286 4834 describenda
1304 4795 1421 4833 curarent
1438 4796 1464 4834 et

171 4854 225 4901 suis
243 4855 383 4904 alioramne
401 4854 511 4905 inuentis
531 4854 695 4920 adaugerent.
730 4853 780 4902 Sed
803 4854 865 4903 haec
885 4864 912 4902 ut
930 4853 1005 4903 nimis
1029 4853 1257 4918 incoinquinatio
1276 4853 1301 4900 111
1320 4851 1405 4901 medio
1423 4868 1464 4904 re·

171 4921 307 4986 linquenda
324 4937 371 4973 est.
