3382 5476
638 382 675 432 tu
694 383 777 433 ooo.
797 382 924 432 aurun
941 381 1119 434 utnonuu.
1463 381 1524 445 217

233 588 303 630 ecoe
325 570 426 630 motio.
449 602 491 615 -
515 569 611 630 Venus
633 569 785 631 deserebat
813 572 912 631 ‘arura
936 569 1106 638 radiantia’‚
1136 571 1176 628 ·i·
1199 568 1355 648 fulgentia,
1385 569 1444 630 filio
1472 588 1526 630 suo

232 675 349 733 Aeneae
372 679 401 731 et
424 672 536 750 ‘posuit
557 671 612 731 sub
635 671 757 732 aduersa
781 675 916 750 quercu,
946 688 1015 732 eece
1038 670 1191 732 stabilitas.
1234 670 1307 732 Nam
1331 671 1381 748 qui
1403 671 1526 748 deponi·

234 784 291 842 tur,
315 780 382 833 stat.
427 772 563 843 Quercus
585 782 628 834 est
651 772 741 833 arbor
764 771 926 852 glandifera
950 779 979 832 et
1002 771 1110 834 dicitur
1132 792 1149 832 a
1172 772 1356 849 quaerendo,
1388 790 1423 833 eo
1446 772 1524 853 quod

233 876 348 954 antiqui
369 873 410 934 ibi
432 875 542 934 uictum
566 873 758 953 quaerebant.
803 874 837 934 ll.
861 874 979 953 Super
1007 892 1112 953 quam
1142 875 1212 933 uim
1235 871 1366 933 babet?
1411 874 1448 934 ll.
1473 873 1525 949 Vbi
1541 892 1652 944 posca

206 973 346 1045 olocum,
370 986 402 1036 ut
423 993 512 1054 super
535 974 648 1035 caelum
671 994 761 1055 super
784 984 903 1043 terram,
926 975 1080 1053 significat.
1104 976 1273 1035 accusatiuo
1286 977 1389 1035 seruit.
1427 976 1525 1049 ueri·
1540 1005 1561 1045 p.
1575 994 1650 1039 πω

232 1078 374 1138 tionem
399 1079 439 1136 ·i·
463 1075 698 1137 recordationem
715 1074 728 1156 ΙΙ
746 1073 806 1138 136
822 1074 847 1157 Η.
893 1076 1084 1154 Rogitans‚
1110 1078 1140 1136 ·i·
1164 1078 1359 1154 interrogans.
1405 1078 1525 1157 Super
1539 1107 1560 1147 p.
1574 1095 1649 1141 soar

233 1177 397 1238 Hectore
420 1176 542 1238 multa.
571 1177 708 1256 -‘Snper'
726 1178 773 1238 bio
788 1198 843 1258 pro
860 1178 920 1238 ‘de'
937 1179 1065 1254 ponitur.
1097 1176 1192 1238 Verba
1208 1186 1276 1238 sunt
1291 1177 1430 1248 Didonis,
1447 1181 1525 1257 apud

232 1296 322 1356 quam
344 1298 411 1340 oum
435 1289 514 1340 essct
534 1281 663 1346 Aeneas,
688 1278 834 1359 rogitabat
856 1298 923 1341 eum
946 1298 1036 1358 snper
1059 1279 1192 1346 Priamo,
1218 1278 1273 1340 boc
1296 1290 1342 1339 est
1357 1279 1393 1340 de
1408 1280 1526 1340 Priamo

232 1398 303 1458 rege
326 1380 522 1441 Troianorum
547 1390 576 1441 et
597 1398 687 1460 super
710 1380 838 1442 Hectore
860 1381 920 1442 tilio
943 1383 1016 1442 eius.
1054 1380 1088 1440 ll.
1111 1380 1149 1441 ln
1173 1396 1277 1457 quarn
1302 1382 1373 1441 uim
1396 1380 1526 1442 habeat

194 1482 270 1542 ull.
294 1480 418 1553 Quando
441 1481 631 1543 stabilitatem
654 1481 813 1559 significat,
838 1481 966 1544 ablatiuo
989 1484 1096 1549 seruit,
1125 1483 1202 1541 sicut
1223 1501 1314 1562 supra
1336 1482 1446 1543 dictum
1470 1489 1523 1543 est.

232 1583 329 1645 Habet
350 1592 379 1644 et
401 1583 523 1644 alteram
547 1585 622 1653 uim,
647 1583 765 1660 quando
787 1586 956 1646 accusatiuo
979 1587 1087 1654 seruit,
1111 1593 1156 1645 ut:
1179 1583 1221 1644 ‘in
1242 1583 1410 1645 adulterum
1433 1584 1526 1644 iratus
1641 1638 1645 1643 .

232 1693 277 1747 est
305 1685 486 1765 episcopus’:
526 1684 572 1744 bic
596 1704 650 1764 pro
673 1687 800 1747 ‘contra’
824 1688 953 1765 ponitur.
998 1683 1122 1746 Adulter
1145 1685 1252 1745 dicitur
1275 1684 1403 1745 alienum
1426 1694 1524 1746 torum

232 1786 355 1848 uiolaus.
401 1786 444 1846 ‘lu
467 1785 653 1847 desertorem
676 1790 770 1848 iratus
792 1799 837 1848 est
859 1790 935 1848 rex'.
980 1787 1120 1848 Desertor
1143 1786 1264 1855 dicitur,
1293 1787 1344 1866 qui
1365 1805 1452 1847 suum
1477 1805 1523 1847 rc·

231 1905 298 1966 gem
322 1888 434 1949 deserit
455 1897 485 1948 et
507 1888 542 1948 ad
566 1886 691 1949 alterum
715 1888 806 1950 uadit.
852 1888 932 1949 ldem
956 1897 1000 1949 est
1022 1897 1052 1948 et
1074 1886 1242 1965 transiuga,
1277 1886 1325 1947 uel
1357 1886 1526 1965 transiugas

192 1990 358 2051 redicimus
386 1988 570 2060 desertores,
600 1992 812 2078 quistempore
836 1989 904 2051 belli
928 2008 1011 2051 suam
1035 1988 1170 2050 militiam
1194 1989 1345 2050 deserunt.
1391 1988 1524 2050 ‘Subter’

231 2093 353 2171 proprie
376 2093 544 2152 accusatiuo
567 2110 687 2170 semper
709 2092 851 2169 iungitur,
875 2101 908 2152 ut
930 2091 1034 2152 subter
1056 2089 1186 2160 caelum;
1216 2089 1346 2152 ablatiuo
1369 2109 1524 2170 nusquam,

231 2193 290 2253 uisi
313 2193 437 2271 figurate
459 2200 492 2252 ut
515 2192 715 2272 Virgilius:

587 2295 724 2356 Subter
747 2295 861 2356 densa
885 2293 1079 2356 testudine

231 2396 315 2457 dixit.
357 2395 487 2456 'lectudo
510 2405 555 2457 est
577 2414 693 2458 camera
716 2402 878 2457 scutorum.
924 2396 1079 2465 Diduoo,
1105 2398 1135 2455 ·i·
1158 2395 1267 2456 diuido.
1305 2394 1388 2455 Vnde
1410 2394 1649 2455 tuoe-orso

190 2496 329 2560 nonalis
352 2496 389 2558 de
410 2496 589 2560 Hannibale:

435 2599 586 2661 Diduxit
607 2599 786 2678 scopulos
808 2607 845 2660 et
866 2606 1011 2661 montes
1033 2600 1138 2677 rupit
1160 2606 1281 2665 aceto,

231 2700 347 2763 diduxit
375 2701 417 2760 ·i·
447 2700 555 2763 diuisit.
600 2701 746 2780 Scopulos
774 2719 864 2781 rupes
893 2699 1016 2779 lapides.
1068 2699 1103 2760 ttt
1132 2718 1191 2761 non
1220 2708 1319 2781 potest
1347 2702 1480 2778 separari
1510 2720 1525 2761 a

231 2802 418 2863 dictionibus.
464 2802 559 2863 Dictio
587 2810 686 2863 autem
716 2802 833 2870 dicitur,
866 2802 1002 2883 eoquod
1032 2799 1141 2881 aliquid
1170 2801 1329 2863 dicendum
1354 2803 1393 2860 ·i·
1417 2802 1525 2862 intelli-

230 2903 361 2981 gendum
383 2902 500 2965 babeat.
546 2903 690 2965 Diducere
713 2905 791 2964 enim
816 2912 860 2964 est
882 2903 1032 2980 diuidere,
1058 2911 1090 2963 ut
1112 2902 1233 2963 ‘diduco
1248 2903 1360 2964 iontem
1376 2905 1406 2964 in
1423 2905 1525 2971 riuos’,

190 3021 218 3061 aa
234 3007 264 3064 ·i·
287 3003 397 3066 diuido.
443 3004 634 3073 liistrabo.
659 3004 773 3075 uendo;
797 3004 963 3067 distrahere
987 3007 1065 3066 enim
1089 3013 1134 3066 est
1156 3004 1303 3074 uendere,
1327 3005 1397 3066 iude
1419 3004 1526 3066 distra-

232 3114 298 3167 ctor
319 3106 466 3166 uenditor.
512 3106 682 3186 Recipio,
706 3109 813 3167 iterum
837 3109 930 3187 capio.
977 3106 1134 3175 Seoubo,
1157 3124 1294 3168 seorsum
1318 3107 1409 3167 iaceo.
1447 3109 1526 3168 Am-

232 3207 393 3290 plootor‚
432 3208 586 3268 circumdo
623 3207 669 3268 uel
701 3208 867 3269 deosculor.
921 3200 1169 3286 Congredlor,
1208 3225 1307 3286 pugno
1341 3207 1389 3268 uel
1420 3206 1525 3269 luctor.

231 3309 333 3390 Apud
357 3318 393 3370 et
415 3328 536 3386 penes.
581 3309 642 3370 llae
665 3309 741 3371 duae
763 3312 999 3390 praepositiones
1022 3327 1075 3388 per
1097 3311 1342 3390 compositionem
1367 3327 1526 3389 numquam
1540 3318 1623 3368 ultr.
1638 3319 1663 3357 ¹0

232 3414 405 3490 iunguntur,
429 3411 481 3472 sed
504 3430 622 3490 semper
637 3430 691 3491 per
706 3413 934 3492 appositionem.
978 3411 1120 3491 Reliquae
1136 3407 1150 3493 ΙΙ
1167 3408 1226 3472 137
1242 3406 1255 3492 ΙΙ
1271 3427 1373 3470 omnes
1394 3411 1526 3488 exeeptis

190 3528 220 3569 ao
233 3513 264 3574 di
279 3514 322 3574 dis
337 3531 370 3573 re
385 3533 417 3574 sc
433 3531 479 3574 am
496 3531 551 3573 eon
575 3531 629 3594 per
651 3515 894 3591 compositionem
918 3521 947 3574 et
968 3532 1023 3593 per
1045 3513 1261 3591 appositionem
1284 3512 1367 3588 iungi
1390 3518 1523 3590 possunt.

232 3615 391 3677 Sciendum
421 3622 480 3680 est,
510 3614 588 3695 quod
618 3615 694 3693 apud
725 3633 778 3675 nos
807 3615 915 3676 multae
942 3615 1178 3695 praepositiones
1205 3614 1414 3682 inueniuntur,
1448 3612 1525 3692 apud

232 3717 363 3778 Graecos
387 3736 459 3778 uero
481 3735 608 3795 paucae,
631 3719 700 3797 quia
717 3719 843 3778 maxima
860 3724 994 3797 exparte
1017 3718 1095 3776 iuter
1117 3715 1258 3776 aduerbia
1282 3724 1525 3776 annumerantur.

695 3971 743 4032 DE
765 3971 1067 4034 llVTElllECTlONE.

317 4123 540 4185 interiectio
563 4124 648 4203 quid
673 4126 747 4186 est?
792 4123 1000 4186 Definitionenr
1028 4125 1246 4185 interiectionis
1268 4122 1432 4185 secundum
1456 4123 1526 4183 sub·
1540 4144 1561 4185 r·
1576 4134 1626 4182 ³⁶6,
1642 4133 1666 4173 ¹³

192 4226 367 4293 „stantiam
391 4227 524 4302 requirit.
570 4226 736 4287 interiectio
760 4229 958 4306 compositum
990 4244 1097 4286 nomeu
1121 4234 1222 4284 estex
1245 4225 1324 4286 inter
1347 4233 1376 4286 et
1399 4226 1474 4286 iacio
1498 4233 1527 4283 et

232 4326 302 4388 lacit
323 4328 516 4406 praeteritum
541 4329 688 4403 interiori,
717 4330 823 4390 transit
851 4331 880 4389 in
909 4329 1096 4408 participium
1126 4326 1300 4387 interiectus
1323 4328 1353 4395 ti,
1378 4326 1474 4387 addita
1498 4346 1525 4394 o,

235 4497 461 4506 ——————

302 4645 435 4715 lVeuus]
454 4650 709 4714 rs.Don.p.3dd,1
778 4650 949 4715 agtardttera
1017 4649 1130 4716 (isuper
1142 4646 1260 4714 Hectore]
1279 4649 1313 4713 os.
1331 4651 1395 4699 Don.
1405 4666 1431 4712 p.
1443 4651 1527 4709 366st

232 4717 389 4770 eumadnot.
407 4716 489 4767 Keilii
557 4718 587 4766 tt
605 4718 770 4786 transfugeris
841 4721 871 4768 l'l
891 4716 1027 4784 Virgilius]
1048 4720 1113 4771 Aea.
1134 4717 1178 4767 ΙΧ
1195 4719 1247 4768 514
1334 4719 1365 4768 tu
1383 4713 1526 4780 iuuenalis]

233 4780 288 4836 Sat.
308 4783 334 4833 X
352 4787 403 4835 153
489 4786 520 4834 at
539 4784 636 4835 diducit
653 4813 684 4822 -
705 4787 799 4852 rumpit
816 4785 922 4836 latonius
990 4797 1079 4836 acoeto
1168 4789 1202 4836 24
1219 4782 1327 4834 tiutdore
1412 4787 1445 4836 ’25
1462 4785 1528 4834 ⁰nim

233 4851 266 4901 82
283 4865 375 4916 grecos
443 4866 612 4903 annumerant
634 4881 640 4892 ·
679 4856 713 4905 et
730 4853 909 4904 diffinitionem
