3382 5476
175 377 240 441 244
568 379 803 431 COMMENTVM
821 377 1068 431 EINSIDLENSE

177 569 260 648 quia,
283 569 346 629 siue
369 566 503 628 dicamus
526 585 593 628 cum
617 567 834 646 praepositione
859 564 871 627 Ιῑ
893 564 952 629 166
968 564 980 650 ll
1005 565 1052 628 uel
1075 567 1139 627 sine
1162 566 1401 646 praepositione,
1426 566 1481 629 ab·

77 668 286 741 emulatione
313 687 433 750 semper
461 676 514 730 est.
558 669 714 730 Formae
742 668 914 730 casuales
942 674 1027 729 sunt
1057 668 1111 736 ill,
1135 669 1161 728 i·
1191 670 1370 738 uarietatem
1397 670 1482 731 sicut

175 790 227 833 sex
250 790 337 833 casus
358 779 436 841 sunt,
458 772 498 832 ita
523 779 552 831 et
574 789 625 831 sex
650 774 810 832 uarietates
833 778 901 831 sunt
923 788 1055 832 casuum.
1099 770 1324 850 hlonoptota,
1341 773 1479 833 ‘monos’

177 891 254 934 unus
276 875 394 953 ‘ptosis'
417 890 517 941 casus;
546 871 616 932 inde
639 878 812 951 monoptota
835 871 974 932 dicuntur
1002 889 1095 933 unum
1124 890 1225 932 casum
1255 871 1414 944 habentia,
1444 879 1480 935 ut

175 975 263 1053 hugi,
309 975 461 1054 Diptota
485 973 559 1034 duos
581 993 666 1035 casus
689 973 842 1040 habentia.
872 981 905 1034 ut
933 974 1028 1034 uicem
1058 975 1133 1035 trica.
1186 973 1377 1053 Triptota,
1411 981 1504 1037 trena

177 1094 261 1137 casus
285 1076 438 1144 babentia,
464 1084 495 1135 ut
517 1074 608 1135 hlusa.
653 1075 889 1154 Tetrapteta,
913 1083 1053 1152 quattuor
1068 1092 1154 1135 casus
1169 1075 1324 1147 habentia,
1348 1075 1476 1137 uldies.

176 1179 417 1258 Pentaptota,
453 1178 583 1256 quinque
617 1195 703 1237 casus
737 1176 891 1246 habentia,
926 1185 958 1238 ut
990 1176 1103 1237 doetus.
1157 1176 1385 1257 llexaptota,
1422 1195 1477 1239 sex

176 1298 262 1342 casus
286 1279 437 1353 habentia,
461 1279 539 1341 sieut
561 1297 645 1339 unus.
689 1282 836 1358 Aptota,
860 1280 880 1338 i·
896 1277 1071 1348 incasualia,
1096 1295 1171 1356 quae
1191 1296 1250 1339 nou
1272 1276 1475 1353 declinantur,

176 1390 209 1443 ut
231 1399 356 1461 nequam
380 1382 424 1442 las
447 1381 544 1450 nelas;
567 1379 638 1458 las,
661 1378 788 1448 licitum;
813 1380 930 1448 nelas,
954 1378 1100 1440 illicitum.
1130 1379 1256 1458 Frugi,
1279 1387 1476 1459 monoptotae

175 1484 305 1551 lormae;
330 1500 460 1560 nugas,
485 1490 676 1561 monoptotae
697 1482 825 1550 lormae;
849 1480 978 1557 nihili,
1002 1482 1021 1539 i·
1043 1480 1170 1549 inutilis;
1194 1499 1367 1561 nequam,
1389 1483 1514 1561 quana

77 1610 162 1657 aner
176 1586 364 1664 nequiquam.
411 1585 457 1645 lle
480 1602 547 1661 qua
570 1583 701 1652 forma,
730 1585 751 1642 i·
775 1583 811 1643 de
834 1590 932 1662 aptota
962 1590 1031 1644 sunt
1052 1581 1272 1644 indeclinabilia
1294 1601 1311 1644 a
1332 1590 1476 1662 quattuor

77 1706 269 1767 eramusque
298 1687 334 1747 ad
362 1695 491 1746 centum.
538 1685 721 1752 Laterem,
752 1703 811 1745 uon
840 1684 929 1745 hahet
958 1684 1185 1754 nominatiuurn,
1216 1684 1283 1761 quia
1312 1701 1372 1745 uon
1400 1683 1477 1745 iacit

174 1789 264 1852 ‘latus
280 1787 348 1848 lata’
366 1804 463 1863 neque
486 1785 612 1847 ‘lateris’
635 1788 807 1864 genetiuum
832 1804 886 1846 nec
909 1784 1019 1846 ‘lateri'
1035 1786 1178 1847 datiuum.
1225 1784 1298 1846 llam
1314 1805 1330 1847 a
1348 1787 1474 1847 nomine

175 1893 316 1959 ueniunt,
341 1889 419 1965 quod
443 1897 488 1948 est
509 1887 599 1957 latus,
622 1889 642 1947 i·
660 1906 728 1966 pars
751 1889 895 1967 corporis.
941 1888 1076 1949 Laterani
1099 1887 1225 1948 dicimus
1248 1894 1362 1947 coctam
1386 1894 1474 1966 legu-

176 1990 234 2051 lam
258 2009 295 2051 ex
318 1998 398 2050 terra
422 1998 451 2050 et
472 1989 563 2068 paleis
586 1990 701 2053 iactam.
747 1990 918 2058 llicione,
949 1992 968 2048 i·
992 1990 1138 2058 iussione,
1168 1987 1316 2051 ablatiuus
1338 1995 1385 2049 est
1406 1997 1514 2050 tan-ra

176 2102 248 2153 tum.
293 2092 376 2153 llicio
400 2098 444 2151 est
467 2090 512 2150 lex
535 2089 582 2150 uel
607 2098 753 2171 potestas,
778 2091 857 2168 qrrod
881 2111 916 2151 ex
940 2098 1000 2151 loto
1023 2088 1199 2154 declinatur.
1229 2089 1367 2151 Conditlo
1390 2107 1475 2164 uero,

175 2196 193 2256 i.
218 2196 346 2264 creatio,
377 2212 393 2253 a
418 2191 510 2254 uerbo
533 2192 628 2252 eomlo
652 2192 770 2259 condis:
799 2192 889 2253 dictio
918 2201 1032 2260 autem,
1063 2194 1083 2255 i.
1107 2190 1216 2253 locutio
1236 2210 1253 2252 a
1275 2191 1371 2252 uerbo
1394 2191 1475 2254 dico.

176 2297 317 2358 Similiter
340 2295 395 2356 alia
420 2294 562 2355 uenerunt
583 2313 637 2373 per
659 2293 791 2370 reliquos
813 2312 908 2354 casus.
954 2294 996 2353 Vt
1017 2302 1170 2372 sponte,
1199 2290 1346 2355 ablatiuus
1362 2302 1430 2369 ¹est,
1456 2295 1476 2354 i.

176 2401 296 2479 propria
326 2396 492 2466 uoluntale;
522 2403 566 2456 est
595 2404 625 2455 et
653 2394 826 2455 aduerbinrn
856 2395 1021 2475 qualitatis,
1055 2396 1175 2475 qnando
1203 2394 1298 2456 uerbo
1327 2396 1475 2473 iungitur.

176 2499 291 2569 Tabe,
321 2507 365 2559 est
393 2498 518 2577 putredo
543 2495 591 2559 uel
613 2499 765 2576 corruptio
788 2496 976 2557 cadauerum.
1022 2497 1129 2566 Natu,
1158 2495 1296 2557 similiter
1324 2495 1515 2558 ablauuosn

176 2609 222 2660 est
244 2609 273 2661 et
295 2618 349 2679 pro
378 2607 473 2659 aetate
503 2601 637 2678 ponitur,
666 2606 699 2659 ut
720 2601 831 2660 ‘annos
854 2606 924 2659 natu
948 2601 973 2659 i·
998 2606 1093 2659 aetate
1116 2597 1211 2658 Xlll'.
1256 2596 1328 2658 lude
1350 2615 1477 2679 compo·

77 2703 257 2778 arr,aauitur
283 2709 418 2770 senatus,
448 2721 463 2760 a
491 2699 613 2762 senibus
641 2708 670 2760 et
693 2708 773 2762 natu.
819 2700 976 2777 ignarus
1007 2698 1112 2768 belli,
1140 2700 1160 2758 i·
1184 2701 1320 2760 nesciens
1350 2697 1476 2762 bellare.

177 2804 340 2864 Securus
364 2820 538 2869 amorum,
562 2803 588 2861 i·
612 2798 651 2862 de
673 2801 834 2863 amoribus.
877 2805 1001 2863 Amores
1025 2804 1055 2862 in
1078 2799 1155 2863 rnalo
1178 2798 1333 2880 pluraliter
1356 2819 1477 2880 ponun-

178 2914 240 2974 tur,
264 2903 452 2980 singulariter
481 2922 553 2964 uero
582 2904 612 2962 in
641 2903 727 2964 bono.
775 2904 904 2964 Securus
932 2904 1040 2963 dieitur
1066 2905 1150 2983 quasi
1179 2905 1243 2964 sine
1269 2918 1352 2964 cura.
1396 2902 1477 2966 Cura

79 3014 277 3082 cremantem
300 3005 409 3065 dicitur
432 3025 483 3074 eo,
506 3003 583 3082 quod
608 3023 659 3065 cor
682 3013 758 3067 urat.
802 3005 996 3082 congruus
1018 3004 1186 3086 paribus,
1217 3050 1224 3065 .
1259 3051 1267 3064 .
1301 3050 1309 3064 .
1343 3048 1351 3064 .
1387 3049 1394 3064 .
1423 3050 1431 3065 .
1460 3019 1515 3065 ‚as

184 3152 445 3169 .......
474 3107 542 3166 inde
566 3113 596 3164 et
618 3110 731 3183 ‘grues’
756 3105 893 3166 dicuntur
916 3105 974 3167 sibi
1000 3102 1013 3188 ll
1033 3103 1091 3166 167
1110 3102 1123 3186 ll
1149 3107 1381 3172 conuenientes,
1405 3107 1477 3183 quia

178 3211 306 3270 inuicem
330 3227 362 3268 se
385 3207 569 3276 custodiunt,
594 3206 654 3276 uel,
679 3215 711 3268 ut
733 3205 799 3267 alii
822 3207 939 3277 dieunt,
964 3210 1224 3287 onomatopoeium
1246 3224 1370 3274 nomen,
1394 3207 1415 3266 i·
1438 3206 1477 3267 de

177 3330 251 3372 sono
273 3312 356 3372 uocis
378 3311 498 3371 lactrrm.
542 3309 621 3370 Alia
646 3310 904 3369 accusatiuum
928 3309 991 3371 sed
1014 3309 1191 3388 figurate,
1217 3311 1247 3370 .i.
1263 3328 1321 3369 non
1337 3310 1475 3388 proprie.

179 3415 220 3473 Vt
242 3432 376 3473 erosrrs
399 3412 510 3479 bella,
535 3412 554 3470 i·
578 3430 631 3490 per
655 3409 741 3470 bella.
781 3409 895 3470 bellurn
923 3410 1097 3472 diminuitur
1119 3429 1134 3470 a
1158 3409 1237 3470 hono
1267 3429 1322 3493 per
1344 3413 1476 3472 calanti-

89 3545 135 3592 m,
151 3546 161 3583 1
177 3516 284 3583 lrasin,
308 3517 333 3574 i·
355 3516 552 3582 contrarium,
583 3512 662 3592 qnod
686 3513 808 3572 minime
830 3514 868 3572 sit
890 3512 1011 3573 bonnm.
1057 3513 1255 3574 l‘raescius
1277 3512 1419 3581 lutura,
1443 3515 1513 3573 ide

178 3619 361 3678 antesciens:
385 3617 481 3694 ‘prae’
497 3634 552 3694 pro
571 3616 673 3683 ‘ante',
690 3615 842 3693 praescius
858 3612 991 3683 diuinus,
1008 3616 1088 3674 scius
1103 3614 1212 3675 dieitur
1227 3614 1346 3680 doctus,
1363 3615 1477 3675 inscius

178 3718 323 3780 indoctus.
368 3714 586 3784 Allomulo,
615 3716 636 3774 i·
659 3723 726 3794 post
748 3715 922 3784 llomulurn;
955 3714 1050 3776 alter
1080 3733 1096 3775 a
1125 3714 1242 3795 Sylla,
1271 3717 1292 3775 i·
1315 3714 1477 3777 secundus.

90 3819 257 3897 aaa,ahlia
280 3819 478 3897 septimum
501 3835 638 3885 casum,
668 3818 687 3875 i·
711 3816 872 3877 ablatiuum
901 3819 966 3876 sine
994 3818 1222 3896 praepositione.
1267 3815 1310 3876 Vt
1332 3825 1478 3878 mactus

180 3923 337 3990 uirtute,
363 3922 392 3984 .i.
417 3921 548 3980 incrutns
570 3919 654 3996 quasi
677 3921 772 3996 magis
794 3927 917 3979 auctus·

89 4054 166 4101 area
264 4023 543 4085 Terminantur.
582 4022 802 4082 Priscianus
825 4039 879 4099 per
902 4022 1073 4099 genetiuurn
1097 4021 1226 4082 ostendit
1248 4018 1474 4096 declinationes,
1488 4030 1515 4071 ⁸⁵

246 4262 348 4327 4ptois
416 4261 556 4324 bdpptora
625 4261 780 4323 ‘lexaptota
849 4208 1076 4308 omppppaesormae
1093 4294 1167 4309 .....
1173 4208 1476 4322 rurs(t)mor¹1'd⁰tfdrmoe

180 4330 212 4379 18
232 4340 258 4377 ut
275 4326 380 4394 sponte]
399 4329 434 4390 rs.
454 4329 519 4380 Dera.
538 4344 565 4391 p.
585 4329 644 4381 377.
665 4328 698 4375 31
716 4342 770 4375 eum
787 4326 874 4376 adnot.
894 4326 975 4376 Keilii
1041 4328 1075 4376 20
1093 4323 1161 4391 tabe]
1180 4326 1214 4388 es.
1234 4331 1251 4376 t.
1270 4327 1286 4374 1.
1347 4322 1422 4393 natu]
1438 4328 1476 4391 es.

178 4400 194 4448 l.
213 4399 230 4451 l.
299 4399 332 4447 25
350 4398 414 4446 Post
432 4396 535 4460 paribus
554 4395 650 4459 aliquot
667 4393 790 4443 rroeodulo
807 4400 964 4443 censuerunt
1032 4397 1065 4444 27
1084 4395 1291 4460 onomatopeium
1365 4396 1399 4445 32
1417 4394 1477 4444 silla

179 4466 212 4515 35
230 4461 394 4530 prescianus]
414 4463 447 4525 ef.
466 4465 497 4512 de
515 4463 612 4512 nomine
630 4468 677 4514 ete.
694 4479 721 4526 p.
742 4464 805 4524 443,
827 4464 843 4512 3
862 4462 897 4513 Κ.

371 4584 408 4591 —.

247 4654 279 4702 32
304 4652 394 4701 Gloara
416 4649 511 4698 coelicis
533 4646 676 4698 Ilernensia
695 4648 782 4710 38df.
803 4652 833 4695 ⁶²
852 4649 1010 4713 marpesia:
1047 4647 1183 4698 Sciendum
1211 4657 1263 4706 est,
1286 4648 1348 4711 quia
1369 4649 1477 4699 nomine
1526 4656 1530 4661 '

180 4718 277 4768 ordinis
296 4734 397 4783 semper
416 4716 518 4767 trallunt
535 4714 674 4764 ablatinnm
692 4732 793 4778 casnm,
813 4727 841 4765 ut
858 4715 985 4765 secundus
1005 4717 1150 4779 aliomulo,
1168 4716 1232 4766 aher
1249 4714 1348 4779 aSylla
1365 4727 1390 4766 et
1408 4718 1477 4768 aient

180 4795 219 4834 est
235 4785 309 4834 illud:
330 4787 433 4835 ‘Beatus
453 4782 603 4832 llonelaeius
622 4799 637 4831 a
655 4785 728 4834 heato
747 4784 871 4850 Gregorio
890 4784 986 4833 Romae
1004 4786 1181 4851 episcopatum
1200 4797 1306 4847 quarens
1324 4785 1446 4835 tenebat’

247 4855 280 4903 35
300 4854 390 4905 Gloaau
406 4854 502 4904 codicia
513 4850 654 4901 Beruenaia
672 4855 724 4903 386
739 4853 761 4916 s.
775 4851 809 4901 δ’)
826 4868 905 4922 marp.
916 4868 1013 4917 supera
1034 4851 1211 4911 Quaerendum
1228 4862 1276 4912 est,
1294 4868 1340 4902 eur
1357 4851 1475 4904 Donatus
