3382 5476
260 398 388 446 CCXXVI
555 384 604 435 DE
623 383 767 436 IVLIANI
784 382 982 434 TOLETANO
1002 381 1244 434 GRAMMATICO

241 606 245 616 ν
345 569 358 655 ΙΙ
381 573 399 632 l.
421 567 484 633 32¹>
506 567 517 653 ΙΙ
540 572 653 647 (noso)
687 569 737 632 ubi
770 569 860 632 habet
891 571 1063 639 accentum?
1111 568 1294 631 Paenultimo
1325 568 1399 629 loeo.
1450 567 1550 640 Qualis

260 657 419 719 accentus?
455 660 574 720 deuius.
617 656 789 727 Quomodo?
826 655 901 726 Quia
923 656 994 718 dieit
1016 655 1132 734 regula:
1156 653 1207 716 ubi
1229 654 1332 715 ambae
1355 652 1463 714 breues
1485 653 1549 714 iue-

259 743 334 812 rint,
361 759 500 803 acuemus
522 744 668 820 priorem,
697 751 729 802 ut
752 742 847 802 lorinus
869 739 973 802 mains.
1019 739 1102 801 Vnde
1123 741 1195 808 sois,
1225 743 1293 817 quia
1316 739 1419 799 ambae
1442 739 1550 800 breues

260 827 348 888 sunt?
391 828 572 888 Auetodtate
595 836 624 887 et
645 826 794 887 finalitate.
840 825 880 886 [ia
902 827 1117 886 auctoritatem.

410 911 512 982 Quis,
537 929 642 989 rogo,
667 926 737 972 non
760 912 918 971 moritur
940 919 1095 971 mortem
1117 916 1292 988 gustante
1315 908 1455 969 salute?
1563 925 1575 964 s

344 995 385 1057 Da
412 995 593 1057 finalitatem.
644 995 720 1056 Dicit
748 996 925 1056 Donatus:
961 994 1059 1065 Quae
1088 1014 1105 1054 o
1134 995 1398 1063 terminantur,
1428 995 1549 1054 norri-

258 1083 430 1161 piuntur,
455 1090 494 1142 ut
516 1079 672 1141 ‘audio’.

772 1283 819 1344 DE
840 1283 1036 1345 antenero.

345 1451 359 1536 ιι
376 1455 395 1514 ι.
412 1450 475 1515 aab
490 1448 504 1536 l}
520 1453 617 1524 Quare
639 1452 747 1514 dicitur
765 1417 875 1514 ‘seeum
892 1455 966 1513 est’l
981 1417 987 1429 ⁸
1002 1452 1084 1522 Quia,
1109 1453 1159 1529 qui
1174 1453 1238 1514 aliis
1252 1452 1382 1533 prodest,
1405 1462 1435 1513 et
1449 1466 1552 1514 seeum

259 1548 303 1600 est
333 1549 362 1599 et
390 1558 458 1600 cum
488 1539 567 1609 aliis,
599 1541 649 1619 qui
678 1547 776 1599 autem
804 1538 860 1598 sibi
888 1539 1015 1617 proiicit,
1047 1546 1160 1598 tantum
1188 1555 1289 1598 secum
1319 1546 1373 1598 est.
1417 1537 1458 1598 Da
1486 1540 1588 1599 eiusro

260 1623 439 1704 exemplum.
486 1623 555 1694 ‘Qui
579 1623 645 1685 aliis
668 1623 810 1702 prodesse
834 1642 892 1684 non
915 1623 1024 1703 potuit,
1048 1621 1144 1683 saltim
1167 1640 1268 1684 secum
1288 1624 1365 1684 luit’

257 1878 277 1937 h
342 1792 487 1938 Vogandi:
517 1803 632 1856 utens.
678 1793 767 1854 ‘Eus
795 1756 846 1862 tu,
876 1757 1014 1871 inquit,
1044 1811 1205 1873 quanam
1228 1794 1262 1853 in
1284 1800 1392 1872 parte
1415 1800 1470 1853 est
1491 1791 1551 1853 hic

284 1897 362 1938 orno
411 1896 462 1938 er.

343 2044 357 2130 Η
373 2048 392 2107 ι.
408 2045 471 2109 39b
486 2044 500 2130 11
522 2048 602 2109 lnter
631 2047 692 2107 ‘ne’
721 2056 750 2108 et
779 2049 842 2107 ‘ne'
871 2055 916 2108 est
943 2045 1038 2127 aliqua
1065 2047 1222 2108 discretio?
1269 2048 1330 2109 Est.
1379 2045 1549 2118 Quomodo?

258 2131 290 2193 Si
319 2133 554 2213 praepositinum
584 2133 687 2201 inerit,
722 2143 755 2193 nt
782 2141 866 2211 puta:
900 2134 961 2192 ‘ne
991 2133 1092 2195 dicas
1124 2135 1240 2195 amieo
1274 2141 1354 2194 tuo:
1392 2133 1483 2194 uade
1516 2142 1588 2193 etrs

256 2220 487 2287 reuertere’.
518 2220 574 2278 erit
603 2216 776 2279 aduerbinm
804 2217 1006 2297 prohibentis;
1035 2219 1059 2277 si
1081 2216 1318 2287 subiuncstnum,
1348 2227 1380 2278 ut
1402 2217 1550 2295 quidam

257 2301 345 2363 dixit:
376 2302 568 2372 ‘Putasne
597 2301 689 2364 bene
717 2304 899 2364 irasceris
926 2321 1037 2382 super
1063 2301 1210 2363 ederam
1233 2304 1370 2373 istam'‚
1401 2304 1456 2364 erit
1479 2320 1550 2363 con·

257 2389 376 2449 iunctio.
915 2410 917 2415 ’

344 2555 357 2640 Η
375 2559 394 2619 i.
407 2555 469 2619 40¹
485 2556 496 2639 ΙΙ
512 2558 577 2619 Non
601 2558 759 2620 dicendum
783 2569 828 2619 est
850 2577 916 2618 eum
934 2561 1153 2639 praepositione
1169 2558 1299 2619 ‘deintus
1316 2560 1410 2619 uenio’
1428 2556 1549 2628 ‘deforis

258 2645 371 2710 uenio’,
395 2643 524 2704 ‘adiutus
540 2647 587 2705 eo'
611 2643 741 2704 ‘adfores
756 2650 812 2712 eo’,
837 2642 889 2704 sed
905 2645 968 2703 sine
983 2645 1203 2723 praepositione
1224 2645 1315 2704 ‘intus
1329 2645 1429 2703 uenio’
1453 2643 1549 2704 ‘soris’
1564 2660 1590 2698 so

259 2876 518 2991 muinlnullssztr'ms
539 2953 567 3005 p.
592 2938 647 3005 85,
672 2939 745 2990 104:
779 2935 827 2990 Vbi
856 2934 937 2991 liniret
967 2938 1124 2993 accentum?
1168 2937 1319 2994 Penuitimo
1342 2938 1413 2994 ioco.
1458 2935 1551 3004 Qualis

258 3020 403 3077 accentus?
448 3022 560 3074 acutus.
606 3017 765 3085 Quomodo?
810 3018 876 3086 Quia
900 3021 978 3076 dieit:
1012 3019 1071 3077 ‘Vbi
1095 3022 1188 3077 artabae
1211 3021 1309 3078 breues
1333 3022 1448 3093 luerint,
1472 3040 1551 3079 acne·

257 3122 318 3161 mus
353 3105 494 3178 priorem'‚
529 3113 558 3159 ιιι
591 3103 704 3159 ‘bonus'
732 3102 852 3160 ‘malus'.
904 3104 975 3159 Vnde
1009 3108 1079 3176 scis,
1113 3108 1175 3180 quia
1209 3107 1302 3163 ambae
1336 3106 1434 3163 breues
1467 3109 1550 3162 sunt‘l

257 3191 442 3246 Auctoritate:
467 3186 560 3260 ‘Quis‚
584 3206 667 3261 rogo,
690 3205 745 3244 nou
768 3189 884 3245 moritur
906 3199 995 3246 morte
1018 3200 1146 3265 gustante
1170 3191 1313 3247 salnteml'

342 3274 360 3330 9
384 3273 517 3329 Iulianus
534 3291 565 3344 p.
590 3277 643 3345 96,
669 3278 740 3330 143.-
769 3272 857 3340 Quare
880 3273 946 3331 dieit
969 3274 1077 3331 ‘socom
1100 3276 1177 3332 est’?
1221 3275 1288 3344 Quia
1311 3279 1357 3351 qui
1382 3276 1442 3334 aliis
1464 3294 1551 3351 prope

257 3360 303 3432 iit,
332 3368 359 3415 et
387 3375 478 3415 seeum
507 3367 550 3414 est
576 3368 603 3414 et
626 3376 686 3414 cunr
709 3358 779 3415 aliis.
822 3356 873 3426 Qui
897 3368 1001 3416 ιιιιιιιιιι
1025 3360 1090 3430 tibi,
1119 3377 1209 3417 secum
1233 3372 1293 3432 est,
1322 3379 1376 3418 non
1398 3379 1459 3419 cum
1481 3362 1550 3418 aliis.

257 3445 291 3500 lia
314 3445 374 3501 eins
396 3444 556 3517 exemplum.
594 3442 660 3510 Quia
683 3446 730 3518 qui
754 3443 813 3500 aliis
836 3460 924 3519 prope
946 3460 1009 3502 esse
1032 3463 1085 3501 non
1108 3446 1210 3520 potuit,
1232 3446 1328 3503 saitem
1351 3449 1374 3503 is
1397 3464 1489 3503 secum
1512 3446 1550 3502 m.

323 3527 360 3585 12
383 3529 516 3585 Iulianas
536 3546 567 3600 p.
592 3532 643 3585 96:
674 3528 789 3585 Vocandi
819 3538 849 3584 ιιι
878 3529 955 3585 heus.
1001 3528 1160 3597 Quomodo?
1204 3530 1249 3587 Sia
1275 3541 1353 3587 antea
1380 3532 1550 3589 consuetudo

258 3614 310 3670 init
332 3613 459 3684 uocandi,
483 3613 589 3686 quando
613 3631 683 3669 unus
706 3613 823 3670 uocabat
845 3614 971 3686 altnmm,
994 3625 1025 3670 ut
1046 3615 1148 3672 diceret
1170 3611 1255 3671 ‘heus
1279 3615 1368 3672 heu':
1391 3616 1463 3673 unde
1484 3619 1551 3673 seri·

257 3699 346 3755 bitur:
373 3696 455 3755 ‘heus
478 3708 523 3769 ιιι,
546 3700 573 3754 ia
597 3715 711 3772 quanam
734 3708 812 3773 parte
834 3710 877 3755 est
898 3700 944 3756 hie
966 3700 1047 3756 homo
1071 3700 1145 3756 [leil'

322 3783 361 3840 14
389 3783 523 3839 Iulianus
549 3802 580 3856 p.
609 3787 661 3838 97:
696 3784 768 3839 lnter
796 3781 854 3839 ‘ne’
883 3794 910 3840 et
939 3784 996 3840 ‘ne'
1026 3793 1068 3841 est
1097 3786 1243 3841 discretio?
1288 3786 1343 3841 Est.
1388 3783 1479 3852 Quae?
1522 3784 1551 3842 Si

258 3869 473 3943 praepositiuum
497 3869 592 3924 inerit:
624 3866 669 3924 ‘ne
692 3869 764 3924 dicas
787 3870 872 3924 amico
897 3880 960 3938 tuo,
990 3869 1057 3926 uado
1081 3881 1108 3924 nt
1130 3871 1291 3942 reuertere’‚
1319 3871 1371 3927 erit
1392 3870 1549 3927 aduerbium

258 3953 439 4027 prohibentis.
486 3952 512 4008 Si
536 3953 740 4009 subiunctiuum
763 3952 861 4016 fuerit,
886 3963 915 4010 ut
938 3954 1045 4027 quidam
1068 3955 1147 4010 dicit:
1171 3955 1310 4029 ‘putasne
1334 3956 1403 4012 bene
1425 3956 1550 4012 irasceris

259 4055 343 4112 snper
366 4039 521 4095 hederami'
549 4039 602 4095 erit
624 4039 791 4094 coniunctio.

325 4124 362 4180 19
386 4125 518 4180 lulianus
536 4141 566 4194 p.
591 4127 642 4178 99.-
671 4122 729 4177 Non
758 4123 900 4178 dicendum
931 4133 972 4179 est
1001 4142 1061 4180 eum
1089 4124 1291 4198 praepositione
1313 4124 1434 4181 ‘deintus
1456 4124 1550 4181 uenio'

259 4209 371 4267 ‘deforis
400 4211 494 4265 uenio'
523 4208 641 4264 ‘adiutus
671 4207 715 4264 en’
747 4207 861 4263 ‘adforis
892 4209 949 4264 eo':
987 4209 1034 4264 sed
1061 4212 1118 4265 sine
1148 4212 1350 4284 praepositione
1379 4210 1453 4266 intus
1483 4211 1550 4266 ioris

261 4474 371 4509 consors
391 4461 614 4510 sannaus1s90'l
633 4475 779 4512 vsarnrsa.

329 4533 341 4576 1
362 4528 501 4592 penultimo
587 4528 696 4576 dfinele
714 4529 746 4578 da
764 4529 912 4576 praeteritate
992 4531 1007 4579 6
1025 4528 1125 4577 finalem
1195 4527 1323 4594 Donatus]
1343 4530 1396 4580 Hic
1413 4534 1483 4581 locres
1501 4546 1550 4580 nnn

260 4604 332 4646 estat
351 4599 376 4645 in
395 4600 498 4659 errclpala
516 4596 613 4646 Donati
628 4597 726 4657 fornm;
744 4612 824 4663 neque
843 4603 925 4645 tamen
943 4613 959 4644 a
976 4599 1079 4648 Donato
1097 4600 1174 4662 plane
1192 4601 1290 4647 alienas
1308 4605 1361 4655 est:
1378 4601 1468 4648 sterilia
1486 4601 1550 4648 enim

260 4670 374 4728 (epuratur
392 4666 417 4712 ia
435 4665 478 4712 illo
496 4670 621 4725 tractata,
645 4680 716 4729 quem
733 4665 778 4715 sud
796 4664 882 4714 Seruii
898 4666 994 4715 nomine
1013 4668 1044 4716 de
1062 4667 1153 4715 ultimis
1169 4665 1274 4729 syllabis
1290 4667 1379 4730 priore
1397 4669 1452 4717 loco
1471 4667 1551 4718 edidit

261 4731 395 4783 Putsclsias
411 4749 437 4797 p.
459 4734 537 4781 1807:
562 4730 581 4780 0
601 4747 665 4793 quae
684 4731 818 4794 finiuntur,
837 4743 954 4797 correpta
972 4745 1040 4797 sunt,
1059 4744 1086 4783 ut
1103 4734 1179 4783 audio
1198 4759 1239 4792 —,
1259 4751 1330 4799 quem
1348 4734 1454 4784 libellam
1471 4737 1551 4798 ipsum

259 4801 285 4846 in
304 4801 399 4849 Donati
415 4808 495 4850 artem
513 4802 568 4849 alim
587 4802 823 4864 recepissemus,
851 4802 946 4850 codicis
965 4801 1105 4852 Beruensls
1117 4804 1174 4850 '207
1196 4805 1350 4852 auctoritate
1364 4804 1496 4865 firmatur,
1516 4804 1551 4865 es.

260 4883 324 4931 puae
342 4870 374 4917 de
393 4885 424 4918 ea
442 4870 537 4920 Donati
552 4877 628 4933 parte
645 4885 725 4931 supra
743 4870 917 4918 adamianorum
933 4886 960 4933 p.
978 4870 1028 4918 XX
1097 4872 1112 4919 9
1130 4869 1246 4934 prodesit
