3382 5476
761 1236 838 1316 V.

136 1448 230 1531 DE
252 1448 485 1532 ΡΟΜΡΕΙΙ
514 1451 583 1533 ΕΤ
611 1450 912 1533 OONSENTH
934 1448 1442 1533 GRAMMATIOORVM

639 1603 954 1687 EXCERPTIS.

728 1994 810 2060 ons.
838 1994 864 2062 I.

662 2129 932 2195 ΡΟΜΡΕΙΑΝΑ.

239 2285 375 2364 Pompeii
399 2286 595 2362 prommatici
627 2291 696 2348 olim
723 2306 805 2349 anno
835 2294 910 2347 tsto
937 2305 956 2346 a
984 2288 1037 2347 Fr.
1067 2285 1278 2347 Lindemanno
1293 2285 1441 2364 primum,

140 2391 265 2451 deinde
283 2391 322 2450 ab
335 2391 375 2451 H.
393 2388 496 2451 Keilio
519 2395 591 2449 ante
611 2388 765 2450 biennium
787 2389 895 2450 ilersan
917 2388 994 2450 editi
1012 2405 1190 2464 quamquam
1212 2387 1288 2450 satis
1306 2387 1395 2450 multi
1415 2396 1445 2449 et

136 2489 322 2570 pervetusti
341 2500 506 2568 supersunt
526 2490 661 2562 codices,
689 2509 814 2567 quorum
836 2490 956 2552 Keilias
975 2508 1104 2567 pramm.
1122 2492 1190 2551 Lat.
1214 2493 1274 2552 uol.
1298 2493 1324 2551 V
1343 2508 1374 2567 p.
1393 2497 1441 2564 83,

143 2602 203 2662 84,
230 2600 268 2652 67
294 2612 354 2669 seq.
379 2594 464 2655 dedit
491 2600 698 2670 conspectum,
727 2600 826 2654 tamen
848 2593 913 2655 eius
940 2591 1016 2654 libri
1041 2595 1134 2654 uerba
1161 2591 1337 2669 saepissime
1366 2594 1444 2653 adeo

141 2703 300 2772 corrupto
320 2704 403 2770 sunl,
427 2704 583 2757 uteorum
605 2699 726 2770 saltem,
751 2714 824 2771 quos
845 2693 965 2757 Keilius
986 2693 1139 2768 adhibuit,
1163 2693 1302 2756 codicum
1323 2691 1445 2756 auxilio

137 2800 245 2876 plane
266 2795 473 2858 destituamur.
518 2800 662 2859 Fortasse
682 2796 709 2859 si
730 2797 780 2859 uir
797 2796 1079 2874 praestantissimus
1099 2795 1347 2873 aeternamque,
1371 2813 1445 2872 quos

144 2901 359 2960 tantummodo
384 2898 567 2968 nominauit,
595 2899 684 2961 liaris
710 2908 786 2960 esset
811 2919 894 2974 usus,
923 2903 981 2960 etsi
1006 2902 1050 2960 ad
1075 2916 1166 2960 sinum
1189 2916 1289 2960 ornnes
1310 2897 1374 2959 illis
1395 2914 1442 2957 re·

144 2999 301 3063 centiores
321 3018 385 3062 csse
406 3000 563 3079 uidentur,
592 3004 740 3062 nonnulla
767 3001 957 3063 correctiora
984 2999 1125 3063 ecclrileri
1143 3004 1325 3078 potuissent,
1348 3016 1442 3076 prae·

144 3100 255 3165 sertim
282 3121 349 3163 curn
377 3102 523 3164 librarios
540 3106 692 3180 permulta
718 3120 771 3163 suo
798 3102 928 3164 arbitrio
955 3112 1085 3164 mutasse
1109 3102 1259 3179 librosque
1278 3099 1444 3180 plurimum

147 3204 238 3266 inter
258 3222 289 3264 se
310 3203 473 3265 dissentire
500 3204 564 3281 ipse
585 3223 620 3281 p.
645 3212 685 3264 st
713 3202 921 3266 intellexisset.
968 3206 1070 3280 Neque
1099 3224 1173 3266 uero
1199 3192 1312 3280 nepari
1335 3211 1441 3280 potest,

150 3305 246 3369 Keilii
277 3305 439 3367 editionem
467 3305 733 3368 lindemauniana
765 3309 856 3367 millo
888 3305 1103 3368 correctiorem
1135 3324 1212 3383 esse,
1245 3304 1360 3382 quippe
1390 3303 1444 3381 qui

139 3407 292 3488 plurilus
313 3407 469 3469 codicibus
496 3408 593 3484 iisque
620 3408 797 3471 accuratius
825 3427 896 3469 usus
915 3411 962 3469 sit.
1008 3409 1070 3469 Sed
1090 3417 1123 3469 ut
1145 3411 1184 3469 dc
1204 3407 1249 3469 eis
1270 3406 1359 3468 libris
1380 3424 1442 3467 ma-

147 3509 333 3586 nuscriptis,
364 3509 417 3585 qui
444 3528 504 3571 ano
530 3519 636 3571 tenore
662 3510 801 3588 Pompeii
828 3517 993 3571 tractatam
1020 3510 1189 3578 continent,
1220 3518 1351 3582 taceam,
1382 3527 1442 3570 non

147 3610 303 3672 assent-ior
326 3610 436 3686 Keilio,
461 3615 543 3688 quod
560 3631 592 3689 p.
609 3620 648 3671 88
669 3612 816 3674 librorum
839 3615 877 3673 de
897 3612 1103 3688 prammatico
1124 3622 1193 3674 orte
1211 3612 1317 3686 infima
1344 3619 1445 3672 aetate

146 3732 191 3775 ex
215 3711 314 3773 uariis
335 3712 523 3787 auctoribus,
555 3731 680 3790 picorum
707 3713 739 3775 in
768 3733 892 3775 riamero
913 3714 1076 3792 Pompeius
1102 3713 1277 3791 saepissime
1297 3712 1442 3785 occurrit,

145 3817 341 3878 collectorum
369 3819 484 3877 nullam
511 3819 555 3876 ad
576 3816 748 3893 Pompeium
771 3819 989 3878 emendandam
1017 3815 1179 3877 utilitatem
1207 3814 1331 3892 percipi
1354 3831 1445 3892 posse

147 3915 293 3978 asseruit.
340 3917 406 3990 (lua
433 3922 464 3978 ln
487 3935 522 3978 re
543 3917 636 3980 certis
657 3917 845 3993 arpurnentis
866 3920 1085 3996 comprobanda
1111 3935 1171 3978 non
1198 3934 1307 3978 uereor
1333 3935 1372 3977 ne
1397 3914 1445 3978 ni·

146 4018 229 4080 micas
247 4016 346 4092 fuisse
366 4018 498 4095 iudicer,
522 4019 665 4097 quoniam
681 4019 855 4096 Pompeius,
880 4019 937 4081 etsi
957 4019 1115 4080 tritissima
1136 4037 1228 4096 saepe
1249 4028 1339 4096 atque
1360 4017 1444 4080 uilis-

145 4121 230 4182 sima
253 4121 416 4196 tractauit,
447 4130 545 4183 tamen
575 4125 617 4182 ad
638 4119 814 4196 antiquiora
835 4122 929 4183 medii
951 4125 1023 4183 aeui
1042 4129 1180 4198 tempora
1201 4130 1230 4182 et
1252 4123 1287 4182 oli
1309 4123 1442 4182 codicum

146 4230 327 4285 uetustatem
349 4231 378 4283 et
400 4226 435 4283 olr
457 4222 628 4284 doctrinam
649 4222 683 4284 in
705 4227 878 4285 anisiorsum
900 4227 985 4285 daitd
1005 4226 1163 4299 uulparem
1178 4227 1284 4284 merito
1297 4222 1442 4296 refertur.

239 4325 416 4383 Clementi
435 4323 533 4400 ipitur
555 4326 679 4400 Scato,
710 4330 774 4402 qui
799 4330 910 4400 urdpo
938 4325 1100 4400 dicitur,
1134 4328 1212 4387 cod.
1242 4327 1351 4386 Bern.
1378 4330 1445 4383 123

142 4427 174 4501 s.
203 4431 318 4498 1-31,
347 4424 381 4485 in
403 4429 596 4504 excerpendo
619 4426 759 4504 Pompeio
780 4430 915 4488 meliores
937 4427 1011 4489 libri
1032 4437 1159 4505 praesto
1183 4429 1328 4504 interient,
1355 4443 1443 4502 quam

145 4524 244 4588 ltodie
265 4533 383 4586 extant.
428 4529 494 4587 Iam
515 4538 546 4589 ut
567 4532 748 4589 trucidentem
760 4546 931 4605 proponam
947 4539 1176 4605 oruamentum,
1199 4550 1231 4609 p.
1252 4537 1442 4603 132,15seq.

144 4631 238 4706 apud
259 4625 392 4689 Keilium
414 4630 489 4690 laec
510 4629 736 4708 corruptissime
756 4635 913 4706 lepontur:

237 4736 286 4787 est
307 4729 392 4789 etiam
422 4729 666 4812 apostrophos*
695 4730 772 4811 apud
795 4732 914 4794 Latinos
941 4750 1000 4793 non
1030 4733 1115 4795 facile
1143 4736 1172 4794 in
1201 4731 1368 4794 nominibus
1396 4732 1441 4791 in·

145 4831 284 4896 denitur,
316 4830 367 4889 nisi
390 4848 475 4909 quem
499 4831 535 4892 ad
559 4832 676 4893 modum
701 4835 876 4895 remanserit
897 4835 928 4895 in
951 4834 1121 4897 nominihus
1143 4835 1200 4895 hoc
1221 4834 1298 4913 apud
1322 4834 1443 4897 Latinos
