3382 5476
257 365 374 417 coxan
608 339 609 342 '
708 352 758 403 nn
776 351 965 404 suiacum
982 352 1086 404 aare.

347 542 555 605 ...mitioris
593 540 635 601 De
665 539 835 602 hominibus
863 538 964 600 bonis:
998 543 1063 600 ‘nas
1090 542 1251 618 pretiosum
1280 538 1356 602 labia
1384 541 1547 622 sapientis’‚

258 627 347 689 etde
369 629 505 706 utrisque
528 624 722 706 apostolus
744 627 800 686 ait:
823 627 976 687 ‘sustinuit
997 626 1027 685 in
1050 625 1142 687 multa
1166 627 1307 706 patientia
1331 644 1400 688 uasa
1421 628 1467 688 ire
1481 634 1549 706 apta

255 714 286 773 in
314 713 482 780 interitum,
512 719 544 772 ut
571 711 743 773 ostenderet
770 710 888 771 diuitias
914 709 1026 788 gloriae
1059 729 1131 773 suae
1157 713 1191 772 in
1218 729 1288 772 uasa
1317 711 1548 780 misericordiae,

255 815 332 874 quae
353 798 543 877 praeparauit
564 798 593 858 in
616 794 732 876 gloria'.
776 795 820 857 lle
842 794 946 874 gladiis
969 797 998 855 in
1022 794 1224 859 iezechiel:
1253 800 1301 857 ‘et
1328 815 1399 857 eece
1419 815 1469 858 sex
1492 796 1551 857 uiri

255 881 420 944 ueniebant
441 882 478 944 de
502 883 549 942 uia
573 891 676 962 portae
697 881 876 961 superioris,
901 886 976 960 quae
997 881 1120 963 respicit
1145 880 1183 945 ad
1205 879 1372 962 aquilonem
1396 889 1426 942 et
1448 884 1577 950 unius-5

254 970 399 1048 cuiusque
421 986 473 1028 uas
495 969 632 1029 interitus
654 969 685 1027 in
708 984 797 1028 manu
818 968 895 1027 sua’.
942 964 982 1026 lle
1010 984 1080 1028 uase
1108 967 1139 1027 in
1160 966 1318 1031 Hesdra:
1348 970 1437 1030 ‘uasa
1459 986 1550 1029 aurea

255 1052 336 1113 mille
360 1064 389 1114 et
410 1053 510 1113 omnia
533 1069 716 1132 uasa-aurea
739 1059 769 1111 et
791 1057 935 1129 argentea
955 1051 1087 1129 quinque
1109 1052 1219 1114 milia’.⁴
1250 1053 1335 1121 Acies
1358 1051 1497 1114 dicuntur
1518 1056 1550 1114 iu

254 1137 373 1200 homine
402 1147 431 1199 et
454 1140 597 1199 mentium
620 1145 651 1199 et
672 1135 844 1205 oculorum,
873 1136 953 1196 acies
975 1137 1116 1199 dicuntur
1138 1138 1300 1207 exercitus,
1330 1136 1470 1199 utillud:
1494 1137 1550 1199 ‘di-

254 1234 395 1285 rexerunt
428 1225 506 1284 acies
542 1222 578 1284 ad
613 1220 805 1305 pugnandum
833 1231 938 1282 eontra
966 1221 1133 1300 Phystim'r
1170 1223 1249 1284 acies
1277 1222 1365 1291 terri.
1399 1231 1432 1282 ut
1459 1221 1548 1284 illud:

254 1311 405 1370 ‘retunsae
428 1316 512 1368 erant
534 1309 612 1370 acies
634 1325 789 1368 uomerum
812 1314 841 1365 et
864 1304 994 1384 ligonum
1017 1315 1048 1367 et
1070 1305 1243 1373 tridentium
1265 1317 1296 1369 et
1317 1309 1491 1370 securium?
1563 1325 1589 1364 ιο

338 1411 520 1491 Syuonyma,
549 1427 626 1488 quae
648 1418 678 1471 et
699 1406 868 1476 multidica,
897 1406 1038 1469 dicuntur
1061 1409 1196 1479 nomina,
1226 1426 1317 1485 quae,
1340 1427 1406 1469 cum
1427 1426 1488 1470 una
1509 1411 1549 1470 sit

252 1514 305 1556 res
324 1499 355 1556 in
380 1494 557 1563 substantia,
588 1493 687 1556 multis
710 1492 882 1554 nominibus
903 1491 1083 1572 appellatur,
1107 1503 1140 1555 ut
1161 1505 1232 1555 sunt
1253 1494 1341 1556 haec:
1371 1502 1451 1555 terra
1473 1513 1548 1574 aqua

253 1588 338 1660 petra
362 1582 440 1640 ensis
462 1590 492 1641 et
514 1580 560 1640 lris
582 1579 698 1641 similia.
744 1577 819 1639 Nam
842 1586 921 1638 terra
944 1595 1016 1640 arua
1038 1577 1120 1640 arida
1143 1579 1230 1641 tellus
1251 1579 1360 1641 liumus
1381 1597 1433 1640 rus
1456 1596 1548 1640 unum

252 1666 430 1742 significant.
475 1668 557 1744 Aqua
581 1667 658 1726 unda
681 1663 791 1743 limpha
815 1662 892 1723 latex
915 1661 1025 1723 liuenta
1047 1682 1137 1724 unum
1154 1663 1332 1742 significant.
1370 1663 1456 1726 Petra
1473 1663 1548 1745 lapis

252 1751 327 1811 silex
349 1770 400 1812 cos
422 1768 530 1829 pumex
555 1768 658 1811 murex
682 1767 813 1811 marmor
842 1765 933 1808 unum
960 1749 1138 1826 significant.
1184 1750 1271 1810 Ensis
1299 1767 1403 1811 mucro
1431 1748 1548 1828 gladius
1561 1766 1585 1805 ιι

252 1836 363 1897 framea
387 1836 468 1896 hasta
492 1853 583 1895 unum
606 1837 786 1913 significant.

323 2073 499 2138 lpreciosum
586 2073 750 2137 aperienda
770 2089 830 2122 erosa
850 2080 879 2134 ut
896 2080 959 2138 apta
977 2073 1013 2120 ire
1030 2083 1091 2138 apta
1159 2073 1301 2123 3diuieias
1386 2074 1544 2124 flmeacium

254 2144 286 2192 10
306 2141 454 2190 trideueium
526 2140 554 2188 11
575 2141 712 2202 syrroaima
782 2143 813 2190 12
831 2141 978 2190 substancia
1048 2144 1080 2191 13
1098 2140 1148 2189 lriis
1218 2143 1249 2190 ta
1267 2153 1323 2191 asta

336 2312 424 2383 Quod
444 2312 554 2371 deinde
575 2314 708 2386 sequitur
729 2314 767 2372 de
788 2315 1008 2389 patrorromicis
1035 2321 1064 2373 et
1090 2316 1267 2388 possessiuis
1293 2320 1387 2390 caput
1407 2313 1450 2386 Χ,
1477 2331 1545 2375 erm

250 2418 311 2474 ianr
333 2416 449 2474 maiore
470 2431 510 2473 ee
530 2422 623 2488 parte
644 2422 673 2473 et
687 2431 707 2472 a
723 2413 900 2475 Madiiionio
921 2423 950 2474 et
971 2432 991 2472 a
1013 2415 1211 2475 Massmenno
1233 2416 1280 2487 (ir
1295 2414 1424 2491 Hauptir'
1434 2417 1543 2477 Amat.

250 2518 344 2591 antip.
370 2518 468 2575 Germ.
495 2516 515 2574 I
530 2534 562 2590 p.
587 2522 643 2574 359
656 2522 736 2591 sep.)
759 2519 870 2577 editum
892 2520 939 2593 sit,
962 2519 1006 2576 ita
1027 2519 1192 2591 excerptim
1203 2533 1397 2592 moeream,
1420 2525 1453 2578 at
1466 2534 1545 2592 puae

250 2621 288 2678 ad
310 2621 370 2679 iltis
392 2616 502 2678 omisso
524 2626 602 2690 sunt,
621 2621 734 2693 paucis
760 2622 935 2693 sipoilicem.
980 2619 1177 2680 Madillonr’us
1197 2622 1274 2679 enim
1296 2637 1355 2680 oon
1379 2622 1440 2680 πίει·
1459 2621 1544 2679 dimi-

249 2722 330 2782 diam
350 2721 420 2794 sere
442 2723 473 2779 in
496 2721 593 2779 lacem
614 2720 718 2790 edidit,
743 2720 956 2781 Mosomannas
977 2738 1067 2795 uero,
1100 2725 1153 2797 qai
1174 2722 1367 2782 Gallicorum
1393 2725 1544 2782 nominum

249 2827 338 2883 unico
360 2831 516 2882 tereretur
538 2823 651 2898 stadio,
680 2826 837 2883 iuncturas
858 2825 949 2899 quasi
968 2840 1069 2883 eoram
1089 2825 1415 2899 atque‘commirsurer
1436 2841 1543 2899 pram-

247 2928 376 2986 murices
394 2926 489 3001 plane
511 2926 654 2997 replerit.
700 2926 811 3001 Incipit
834 2932 933 2985 autem
955 2927 994 2984 od
1014 2926 1061 2984 iis
1082 2926 1197 2985 perdis:

335 3061 410 3119 Sunt
432 3062 570 3126 aomina,
594 3077 669 3138 qrrae
692 3058 768 3137 apud
791 3078 845 3120 nos
867 3059 1025 3140 patrilega,
1055 3061 1132 3141 apud
1155 3061 1286 3123 Graecos
1309 3080 1381 3123 uero
1402 3070 1543 3140 patrono·

250 3147 326 3207 mica
348 3143 544 3225 appellantur.
591 3143 701 3204 Nomos
723 3147 802 3205 enim
832 3144 908 3225 apud
932 3147 1062 3206 Graecos
1085 3144 1130 3207 lex
1153 3146 1271 3208 dieitur.
1316 3146 1398 3218 Quae
1421 3150 1543 3209 nomina

250 3230 417 3310 apatribus
440 3238 469 3289 et
491 3227 527 3288 ab
551 3231 614 3289 auis
636 3232 667 3289 iu
690 3228 767 3289 filios
789 3231 910 3310 proprie
932 3231 1102 3292 diriuantur
1125 3239 1156 3291 at
1177 3241 1314 3312 nepotes,
1338 3242 1371 3294 ut
1392 3251 1409 3293 a
1430 3231 1543 3294 lustino

250 3317 443 3382 lastinianus,
474 3334 490 3374 a
519 3312 604 3375 Claro
632 3313 769 3375 Clarinus
797 3325 827 3376 et
853 3313 969 3376 similia.
1016 3316 1091 3379 sum
1117 3314 1188 3386 alia,
1217 3337 1291 3396 errae
1319 3336 1334 3378 a
1362 3317 1542 3397 possidendo

249 3404 415 3482 possessiua
439 3399 594 3468 dicuntur,
626 3419 683 3460 ιιιιιι
713 3401 807 3460 solum
832 3401 882 3461 filii
904 3411 954 3461 aut
975 3409 1113 3480 nepoteS,
1141 3403 1193 3461 sed
1218 3413 1248 3461 et
1269 3405 1383 3472 omnia,
1413 3421 1489 3482 quae
1512 3404 1568 3462 ins

248 3489 434 3567 possessione
459 3484 614 3553 lrabeutur,
638 3495 670 3545 ut
692 3494 762 3546 suut
783 3504 887 3546 seruus
903 3485 1008 3546 ancilla
1025 3485 1151 3546 famulus
1167 3490 1349 3567 mancipium
1365 3504 1437 3567 ager
1451 3490 1540 3549 uirrea

248 3573 352 3634 hortus
383 3580 412 3632 et
444 3570 561 3630 similia.
614 3568 645 3630 lu
674 3569 857 3633 Francorum
886 3589 1012 3651 namque
1040 3580 1112 3640 etc,
1146 3572 1189 3644 rs.
1213 3575 1441 3633 Massmannum
1468 3575 1489 3633 i.
1517 3576 1538 3632 l.

243 3677 274 3734 p.
299 3664 355 3717 389
375 3674 434 3730 sep.

313 3879 329 3927 2
348 3875 437 3926 Nomia
490 3891 594 3940 grecos,
614 3878 653 3926 bis
720 3874 877 3945 celerinus]
896 3894 930 3927 aa
948 3875 1090 3927 Claranus?

330 4049 367 4107 Ιιι
390 4066 427 4106 eo
450 4050 545 4122 ipitar
566 4050 675 4125 eapitis
694 4057 793 4124 parte,
819 4053 899 4124 quoe
920 4053 1000 4127 typis
1020 4067 1165 4126 expressa
1186 4059 1240 4124 est,
1263 4053 1295 4111 ia
1317 4052 1364 4113 liis·
1386 4053 1541 4114 uocabulis
1623 4031 1629 4051 ⁶

241 4152 450 4227 t'rdpmerrtum
464 4153 617 4210 Bernerrse
632 4168 652 4210 a
666 4151 770 4210 codice
782 4151 923 4212 Parisino
937 4154 1076 4212 editionis
1085 4154 1355 4214 Massrnonnianue
1368 4154 1541 4231 discrepet:

330 4278 527 4348 gotorurnque
571 4270 771 4347 patronomica
815 4270 1020 4348 irerpreotatur
1042 4268 1218 4332 multociens
1260 4281 1396 4350 gotorum
1441 4273 1542 4333 altinir

244 4353 358 4432 giltinir
413 4356 515 4413 ricinir
571 4357 702 4415 uuatinir
758 4357 888 4415 ricmunt
917 4363 1047 4416 ratmunt
1075 4356 1237 4417 uuiltmunt
1294 4356 1395 4419 altinir
1449 4357 1540 4420 miehi

244 4439 358 4518 giltinir
417 4438 521 4506 miehi,
552 4456 669 4515 seraper
727 4459 754 4518 p.
784 4437 848 4500 390
876 4441 979 4501 ricinir
1042 4443 1172 4503 uuatinir
1236 4443 1383 4504 uuilmuut
1447 4442 1540 4505 nucea

244 4528 373 4586 ricmunt
438 4521 539 4583 bucca.

329 4646 398 4704 Post
419 4644 585 4703 <consitium
607 4645 680 4703 oris’
703 4646 780 4704 duee
801 4649 925 4721 insuper
946 4646 1054 4706 addita
1076 4656 1160 4708 sunt:

329 4745 438 4822 qrrilrus
465 4743 604 4804 omnibus
631 4748 654 4805 si
685 4765 777 4824 picariae
810 4745 921 4806 rrltimis
956 4745 1027 4807 loeis
1055 4747 1200 4811 addantur
1228 4749 1356 4829 syllalme
1386 4750 1538 4832 (psyllalre)

243 4829 419 4910 litteraeque
447 4839 609 4899 mutentur,
640 4841 671 4891 ut
699 4830 770 4891 locis
792 4830 904 4892 ultimis
934 4851 967 4892 us
996 4832 1108 4912 syllaba
1136 4845 1316 4914 apponatur,
1348 4841 1378 4898 in
1407 4837 1538 4914 linguam
