3382 5476
579 318 584 343 ,
741 330 744 335 .

601 383 651 432 DE
670 382 792 434 LIBRIS
811 382 1085 438 TVRICBNSIBVS.

500 515 582 555 diuisas

350 568 486 638 Excipias:
505 569 533 623 in
551 569 581 624 ui
598 583 669 637 quac
688 567 853 636 preteriere‚
872 567 973 634 supino

828 646 866 674 08⁰
922 647 959 674 800
994 645 1034 673 Ml)

298 692 331 740 35
350 687 380 740 l'i
399 686 502 742 iaciunt
521 687 588 742 itum
607 693 655 741 aut
673 702 786 742 caruere
805 686 840 742 do
860 713 866 725 ·
885 702 933 742 cen
953 712 959 721 ·
979 694 1005 740 te
1025 712 1030 722 ·
1050 694 1165 741 remoto.

715 781 751 809 ceo
796 781 833 809 ceo
872 781 908 809 reo
948 768 982 809 leo
1019 781 1055 808 reo
1104 768 1137 810 leo

348 823 399 879 Sex
417 823 538 879 retinent
556 831 652 879 neutra
673 821 797 890 pla-no
816 850 822 859 ·
842 838 872 878 ca
891 848 896 858 ·
916 838 950 876 ua
970 850 975 859 ·
995 837 1030 889 pa
1049 849 1054 859 ·
1074 821 1109 878 do
1129 848 1134 858 ·
1153 821 1280 891 suprn‘)

196 913 340 968 1111161011)
352 907 408 962 Con
427 908 472 973 l:
489 905 564 976 cnm)
584 907 629 963 dat
648 908 675 962 ui
695 915 789 976 pateo,
809 907 855 963 dat
872 923 996 975 passum,
1016 915 1110 962 torreo
1130 914 1243 963 tostum.

281 1014 370 1088 Super
392 1032 502 1071 uersum
525 1015 616 1071 illum:
639 1012 753 1071 ‘litera’
769 1013 809 1086 (u.
826 1013 900 1086 15)..
920 1014 1014 1070 Omnia
1038 1013 1119 1070 uerba
1143 1015 1277 1071 secundae
1293 1015 1492 1087 coniugationis

198 1101 224 1155 in
247 1099 297 1155 deo
320 1101 471 1156 desinentia
500 1100 603 1156 iaciunt
630 1101 808 1175 praeteritum
831 1102 858 1155 in
882 1101 909 1154 ui
932 1099 1050 1167 diuisas,
1079 1108 1110 1155 ut
1131 1101 1234 1156 candeo
1261 1101 1357 1156 candui
1385 1109 1494 1173 praeter

197 1185 317 1258 prandeo
340 1185 434 1259 prandi
458 1185 501 1240 uel
525 1202 640 1259 pransus
663 1202 722 1240 sum
746 1193 773 1240 ct
796 1186 916 1258 exceptis
939 1184 1009 1255 illis,
1042 1201 1111 1258 quac
1133 1194 1194 1242 ante
1217 1186 1268 1241 deo
1292 1185 1390 1240 habent
1412 1202 1493 1241 uoca-

198 1271 249 1325 1111
272 1270 433 1325 naturaliter
455 1270 563 1342 longam
587 1269 629 1324 uel
646 1269 779 1341 sillabam,
803 1285 872 1343 quae
887 1271 976 1325 omnia
992 1270 1096 1326 iaciunt
1111 1272 1286 1344 praeteritum
1304 1271 1329 1325 in
1346 1272 1368 1325 si
1385 1279 1494 1343 praeter

197 1355 299 1410 strideo
327 1355 404 1410 striili
435 1363 463 1410 et
491 1357 611 1428 exceptis
640 1355 710 1425 illis,
739 1362 808 1428 qua'e
838 1353 938 1410 liabent
966 1363 1027 1410 ante
1049 1354 1083 1411 do
1107 1371 1121 1409 e
1144 1355 1187 1411 uel
1211 1356 1218 1410 i
1242 1362 1396 1430 correptam
1424 1373 1493 1428 quae

197 1439 371 1513 producendo
400 1440 576 1513 penultimam
605 1440 708 1496 iaciunt
737 1439 915 1513 praeteritum
945 1441 972 1495 iu
1001 1440 1043 1512 di,
1072 1449 1102 1496 ut
1129 1441 1209 1496 uideo
1238 1439 1294 1496 uidi
1324 1450 1351 1497 et
1373 1440 1493 1513 exceptis

198 1526 268 1595 illis,
297 1541 365 1598 quae
394 1525 493 1581 lralient
523 1534 584 1581 aute
611 1525 662 1581 deo
685 1541 700 1580 e
723 1525 768 1581 uel
791 1542 807 1580 1
834 1526 995 1598 interposita
1025 1526 1127 1598 liquida
1155 1534 1183 1581 11
1212 1525 1390 1599 praecedente
1419 1535 1492 1580 muta

198 1610 241 1665 uel
264 1627 307 1680 m,
335 1627 405 1683 quae
428 1612 516 1666 omnia
539 1609 678 1683 geminant
700 1610 877 1685 principalem
899 1608 1036 1681 sillabam,
1065 1618 1095 1665 111
1118 1611 1218 1666 tondeo
1243 1609 1350 1668 totondi
1373 1613 1493 1684 exceptis

197 1696 357 1768 conpositis.
1155 1720 1158 1729 ·

282 1779 370 1853 Super
392 1797 501 1835 uersum
524 1779 601 1834 illum
625 1780 812 1853 ‘principium'
836 1779 875 1851 (n.
901 1776 945 1851 11)
969 1778 1036 1835 haec
1058 1788 1100 1835 est
1122 1779 1225 1853 regula.

282 1865 367 1920 Omne
400 1864 513 1921 uerbum
541 1867 715 1938 conpositum
744 1882 758 1920 a
789 1864 874 1920 1111111
902 1866 1057 1937 geminante
1084 1864 1262 1938 principalem
1290 1864 1412 1921 sillabam
1441 1883 1495 1922 non

199 1950 320 2023 geminat
345 1947 492 2023 (geminant
514 1946 586 2022 cod.)
611 1949 721 2005 eandem
750 1952 870 2024 exceptis
897 1950 1050 2022 conpositis
1078 1949 1111 2005 111
1140 1952 1202 2005 istis
1225 1958 1359 2024 quattuor
1380 1952 1495 2026 poposci

198 2041 309 2152 deddsci
337 2072 403 2125 steti
430 2071 504 2125 astiti
532 2068 592 2124 dedi
623 2068 787 2124 circumdedi
810 2069 891 2125 didici
914 2068 1037 2125 addidici.
1080 2070 1172 2125 Omnia
1197 2069 1279 2125 uerba
1302 2069 1402 2126 indeo
1425 2070 1496 2125 desi·

198 2157 288 2210 nentia
313 2156 415 2210 iaciunt
437 2156 614 2228 praeteritum
637 2156 664 2209 in
687 2156 715 2208 ui
738 2153 839 2209 diuisas
855 2162 882 2209 et
898 2170 960 2210 raro
976 2153 1077 2209 trahent
1093 2156 1199 2227 supina.
1236 2154 1288 2211 Sed
1304 2155 1325 2209 si
1348 2158 1375 2210 si
1396 2154 1495 2210 habue-

199 2242 268 2306 rint,
295 2240 459 2311 regulariter
487 2240 590 2295 iaciunt
618 2240 645 2293 in
675 2247 741 2295 tuni.
786 2240 878 2294 Omnia
907 2238 959 2295 alia
987 2239 1069 2294 1111111
1093 2239 1136 2295 111
1161 2241 1187 2294 in
1211 2241 1234 2295 ai
1258 2239 1302 2295 uel
1326 2239 1353 2294 in
1375 2238 1401 2294 di
1425 2239 1496 2295 desi·

199 2325 290 2380 nentia
320 2324 364 2380 uel
393 2326 558 2396 geminantia
586 2323 762 2397 principalem
786 2322 908 2380 sillabam
931 2324 1034 2380 iaciunt
1056 2325 1153 2397 supina
1176 2325 1226 2380 deo
1249 2332 1351 2381 mutata
1374 2325 1401 2379 in
1425 2342 1494 2390 sum,

198 2410 304 2477 gaudeo
328 2409 442 2484 intercip
466 2406 527 2481 (sic)
550 2417 577 2465 et
599 2411 608 2464 i
631 2409 754 2475 uocalem
775 2418 863 2464 mutat
884 2409 911 2464 in
934 2417 1129 2465 consonantem
1150 2427 1177 2480 u,
1201 2418 1232 2464 ut
1254 2409 1388 2482 gauisum.
1426 2409 1495 2466 Nota

198 2494 271 2567 qnod
301 2504 395 2550 contra
425 2489 546 2568 regulam
574 2492 656 2549 sedeo
685 2495 833 2566 gemianuit
858 2511 887 2566 s,
916 2503 947 2549 ut
974 2493 1057 2550 sedeo
1086 2510 1201 2549 sessum.
1246 2493 1399 2551 Secundum
1428 2494 1496 2549 hanc

198 2580 318 2652 regulam
342 2580 423 2636 sedeo
447 2587 534 2635 mutat
555 2579 605 2634 deo
628 2580 656 2633 in
679 2595 754 2646 sum,
781 2579 827 2634 sed
851 2586 945 2634 contra
969 2579 1088 2652 regulam
1112 2598 1125 2635 s
1147 2579 1297 2653 geruinauit
1320 2594 1354 2633 ne
1376 2580 1398 2635 si
1421 2579 1493 2634 dice·

198 2675 275 2720 retur
304 2681 411 2735 sesum,
441 2673 603 2738 putarentur
624 2680 685 2719 esse
708 2665 776 2719 duae
798 2664 932 2720 dictiones
955 2681 984 2720 se
1007 2673 1035 2720 11
1058 2681 1127 2720 sum.
1171 2664 1264 2719 01111111
1288 2663 1370 2720 uerba
1393 2665 1419 2719 in
1442 2680 1494 2736 geo

198 2750 347 2805 desinentia
372 2750 380 2804 l
403 2751 447 2805 uel
471 2768 485 2804 1
507 2749 684 2805 antecedente
706 2765 757 2820 geo
781 2757 882 2805 mutata
907 2752 933 2804 in
956 2749 979 2804 si
1004 2750 1106 2805 iaciunt
1128 2751 1321 2823 praeteritum,
1345 2757 1376 2803 ut
1399 2758 1494 2819 tergeo

198 2838 273 2891 tersi.
318 2834 420 2891 [licitur
442 2845 530 2890 tameo
555 2843 632 2905 tergo
656 2835 757 2906 tergis,
787 2851 841 2888 non
866 2834 938 2908 quod
962 2852 976 2890 a
998 2833 1110 2907 mulgeo
1134 2834 1271 2907 quidam
1294 2834 1388 2889 dicunt
1411 2835 1493 2889 mulii

198 2936 277 2974 causa
301 2920 477 2984 differentiae,
502 2919 565 2992 quia
588 2939 602 2975 1
626 2919 734 2991 mulgeo
757 2918 858 2975 dicitur
880 2919 969 2974 mulsi.
1007 2919 1100 2975 Omnia
1124 2919 1205 2975 uerlia
1229 2922 1255 2974 io
1277 2935 1328 2992 geo
1344 2918 1494 2974 desinentia

198 3002 286 3059 uocali
302 3004 381 3077 longa
396 3004 439 3060 uel
455 3005 595 3078 dyptongo
611 3002 787 3059 antecedente
802 3022 854 3078 geo
870 3013 976 3060 mutant
992 3005 1018 3059 io
1035 3004 1075 3074 xi,
1099 3013 1127 3059 ut
1145 3003 1226 3077 lugeo
1248 3002 1303 3059 luxi
1319 3021 1407 3074 augeo
1422 3005 1493 3059 auxi.

197 3089 290 3144 Omnia
303 3089 352 3145 alia
369 3089 450 3145 uerba
467 3091 493 3144 in
510 3107 562 3163 geo
577 3088 727 3144 desinentia
745 3106 777 3144 eo
795 3090 821 3144 iu
837 3089 864 3144 ui
877 3090 979 3144 diuisas
992 3098 1093 3145 mutata
1110 3082 1121 3166 ΙΙ
1137 3106 1164 3163 p.
1179 3088 1250 3161 286,
1263 3089 1315 3144 col.
1327 3089 1348 3144 ll
1364 3082 1375 3165 ΙΙ
1393 3090 1495 3145 iaciunt

197 3176 390 3247 praeteritum,
421 3183 450 3229 ut
478 3176 556 3248 rigeo
585 3174 657 3247 rigni
686 3175 806 3247 exceptis
833 3174 903 3243 illis,
932 3192 1001 3248 quae
1030 3174 1130 3229 halent
1158 3172 1166 3227 l
1190 3173 1234 3230 uel
1257 3191 1271 3228 r
1299 3174 1342 3230 uel
1372 3174 1494 3231 uucalem

197 3259 359 3315 naturaliter
386 3260 495 3332 longam
520 3259 562 3314 uel
586 3259 744 3332 deplango,
773 3259 805 3314 de
829 3258 928 3332 quihus
952 3259 1127 3316 iamdictam
1150 3266 1200 3314 est.
1246 3259 1338 3315 Omnia
1362 3258 1444 3314 uerba
1468 3261 1493 3314 in

197 3361 249 3418 geo
278 3344 443 3413 desinentia,
472 3361 541 3417 quae
570 3343 674 3400 iaciunt
699 3346 877 3418 praeteritum
907 3360 956 3419 per
984 3346 1009 3400 ui
1040 3344 1158 3413 diuisas,
1187 3345 1286 3417 supino
1309 3352 1417 3413 carent,
1446 3344 1493 3398 sed

197 3445 267 3502 quae
294 3446 344 3502 per
371 3429 393 3484 si
422 3430 600 3503 praeteritum
629 3428 747 3500 iaciunt,
776 3431 871 3504 supina
900 3429 965 3484 dant
987 3430 1012 3484 iu
1037 3447 1105 3484 sum.
1151 3429 1243 3484 Omnia
1267 3429 1348 3485 uerlia
1372 3431 1400 3484 in
1423 3445 1494 3501 queo

197 3515 347 3570 desinentia
371 3516 471 3570 iaciunt
494 3515 671 3588 praeteritum
693 3515 720 3568 in
744 3517 784 3584 si,
811 3523 841 3570 ut
864 3524 981 3586 torqueo
1006 3515 1074 3570 torsi
1096 3522 1124 3570 et
1146 3515 1273 3587 supinum
1296 3515 1318 3568 si
1342 3521 1443 3570 mutata
1467 3514 1493 3567 in

197 3615 273 3669 sum,
302 3608 332 3654 ut
361 3609 473 3655 torsum.
520 3600 620 3655 'lamen
649 3599 819 3671 irequcntius
847 3601 873 3654 in
907 3606 979 3668 tum,
1007 3607 1038 3654 ut
1065 3598 1222 3655 distortum.
1268 3598 1351 3654 Omne
1379 3597 1493 3653 uerliuui

196 3684 316 3739 secunde
338 3686 540 3757 coniugationis
563 3686 591 3739 in
614 3683 657 3739 leo
680 3683 807 3740 desinens
830 3685 1010 3758 praecedente
1025 3693 1099 3739 nruta
1115 3684 1142 3739 io
1158 3683 1249 3739 eadem
1268 3682 1364 3739 sillaba
1379 3683 1406 3737 in
1423 3680 1493 3754 (uti)

196 3769 249 3824 ileo
271 3776 298 3823 et
320 3771 410 3825 omnia
433 3769 574 3843 conposita
591 3788 605 3824 a
620 3769 663 3824 leo
679 3777 707 3825 11
722 3769 750 3824 in
765 3787 798 3825 eo
816 3770 918 3825 iaciunt
932 3770 1109 3842 praeteritum
1125 3786 1158 3825 eo
1174 3777 1276 3825 mutata
1292 3771 1319 3823 in
1336 3770 1373 3839 ui,
1395 3776 1426 3823 ut
1441 3767 1493 3822 lleo

196 3853 272 3923 lleui,
295 3853 382 3910 rleleui
406 3854 522 3910 11111111.
562 3853 618 3909 Alia
642 3855 732 3910 omnia
755 3856 782 3909 in
805 3854 848 3909 leo
871 3854 1022 3910 desinentia
1044 3870 1092 3928 per
1115 3857 1141 3910 ui
1165 3855 1267 3910 diuisas
1289 3853 1394 3909 iaciunt
1416 3869 1493 3926 prae·

196 3940 323 4009 teritum,
353 3948 381 3995 111
404 3938 484 3995 111111
506 3936 590 3994 dolui.
634 3936 707 4005 Quae
730 3955 796 3995 uero
821 3940 923 3995 iaciunt
946 3939 972 3994 in
996 3940 1041 4010 ni,
1065 3940 1167 3996 iaciunt
1191 3941 1316 4012 supinum
1340 3940 1366 3994 ui
1391 3945 1492 3992 mutata

196 4025 224 4080 in
248 4034 320 4087 tnm;
351 4041 419 4098 quae
443 4026 541 4098 perui
564 4023 683 4094 diuisas,
711 4032 806 4081 carent
828 4026 950 4099 supinis,
978 4025 1031 4079 nisi
1054 4025 1127 4098 quod
1148 4025 1248 4080 dicitur
1270 4023 1401 4092 dolitum,
1432 4023 1494 4078 inde

195 4109 342 4164 doliturus.
388 4110 439 4165 Sed
457 4110 529 4183 quod
545 4117 642 4165 neutra
658 4108 776 4166 habeant
790 4111 904 4183 supina,
927 4110 1035 4165 dicetur
1057 4118 1160 4183 postea.
1204 4107 1237 4164 Et
1251 4118 1327 4180 nota,
1344 4107 1416 4182 quod
1432 4108 1493 4163 oleo

194 4194 249 4249 duo
266 4193 347 4250 1111111
363 4195 508 4268 praeterita
525 4194 597 4250 oleui
614 4202 641 4249 et
657 4193 729 4265 olni,
752 4203 780 4249 et
795 4194 848 4250 imo
865 4195 957 4266 (ideol
980 4194 1098 4265 111111.)
1121 4193 1153 4250 alr
1175 4211 1208 4250 eo
1231 4195 1372 4268 conposita
1394 4191 1494 4248 habent

192 4279 259 4350 cluo,
276 4278 416 4335 1111111111
433 4278 540 4335 aboleni
557 4288 584 4334 11
600 4278 690 4335 abolui
708 4288 734 4334 et
750 4280 803 4336 duo
823 4279 918 4354 supina
937 4277 1073 4335 aboletum
1090 4287 1117 4335 et
1133 4280 1272 4335 abolitum.
1301 4279 1393 4335 Omnia
1410 4276 1493 4331 uerba

192 4365 329 4420 secundae
345 4365 544 4436 coniugationis
560 4373 671 4438 praeter
688 4365 825 4437 praedicta
841 4365 944 4420 iaciunt
960 4367 1137 4438 praeteritum
1154 4367 1181 4419 in
1198 4365 1224 4419 ui
1239 4363 1356 4434 diuisas,
1381 4370 1492 4418 1111111

195 4450 274 4506 tonui
291 4449 355 4522 (leg.
372 4459 452 4505 teneo
470 4448 554 4521 tenui)
570 4456 679 4523 praeter
693 4449 759 4506 lraec
774 4459 851 4506 octo:
874 4466 969 4505 maneo
991 4449 1072 4506 iubeo
1095 4465 1146 4505 neo
1167 4447 1294 4523 polluceo
1317 4448 1395 4504 luceo
1411 4448 1492 4501 lieren
1517 4468 1521 4475 ·

199 4584 426 4593 ——.....-.—-

855 4624 896 4653 11110
1454 4618 1492 4648 000

263 4664 290 4731 *)
310 4666 415 4716 Correxi
434 4667 530 4716 codicis
550 4667 703 4732 scripturam
723 4683 748 4717 u.
768 4670 800 4718 33
819 4682 860 4716 mo
896 4703 903 4729 ,
935 4682 959 4716 u.
978 4669 1011 4717 35
1029 4667 1055 4715 ui
1074 4666 1167 4716 iaciant
1184 4667 1210 4715 in
1229 4667 1290 4715 itum
1309 4664 1407 4712 coniers
1424 4660 1458 4711 do

191 4814 253 4869 etc„
271 4819 300 4883 11.Ι
316 4805 350 4854 36
369 4754 433 4869 pnteo
446 4802 511 4852 male
529 4802 685 4865 exhibentis,
703 4803 736 4857 cl.
750 4802 863 4869 glossam
882 4805 906 4852 in
927 4803 976 4853 line
995 4803 1071 4853 liniris
1091 4804 1201 4869 paginae
1219 4800 1401 4864 sequentisque
1419 4799 1492 4847 initio

193 4883 367 4940 propositum.

1062 4991 1069 5023 1
1248 4947 1286 5002 ⁶⁸
