3374 5446
779 382 989 437 BERNENSIS.
1314 456 1320 471 .
1476 380 1535 443 127

242 588 399 633 numerum
422 589 541 642 eorum,
564 574 692 633 maxime
713 579 812 632 autem
828 578 951 651 propter
966 572 1140 647 genetiuum
1155 569 1299 648 pluralem
1315 571 1345 629 iu
1362 587 1433 631 uum
1457 568 1534 630 dosi-

240 680 362 733 nentem
378 675 525 751 gemiuata
540 692 559 733 ιι
575 672 685 742 littera,
709 672 788 753 quod
812 680 858 734 est
879 674 1035 752 proprium
1058 679 1180 750 quartae
1203 671 1418 742 declinationis,
1443 681 1474 731 ut
1490 679 1536 732 est

242 771 299 834 boc
315 791 408 835 cornu
423 775 510 836 buius
531 794 624 836 cornu
640 775 709 835 lruic
724 792 817 835 cornu
831 775 889 835 boc
902 791 999 836 cornu
1013 793 1031 834 o
1046 792 1141 835 cornu
1157 772 1194 834 ab
1210 774 1267 835 boc
1282 791 1375 835 cornu
1391 780 1420 832 et
1436 769 1534 853 plura·

240 874 308 936 liter
328 875 402 937 baec
423 894 537 937 cornua
558 874 665 937 hoium
681 894 825 938 cornuum
840 876 887 943 bis
902 875 1043 937 cornibus
1056 875 1130 937 haec
1146 893 1257 938 cornua
1273 894 1291 935 o
1307 892 1419 935 cornua
1435 873 1472 934 ab
1488 872 1534 933 bis

214 977 393 1039 scornibus.
438 978 487 1039 Sic
509 976 693 1039 declinantur
716 985 746 1037 et
766 976 821 1038 alia
843 979 964 1039 nomina
992 977 1100 1039 similia
1129 985 1235 1037 neutra
1263 985 1384 1055 quartae
1406 974 1533 1036 declina·

241 1080 344 1149 tionis,
369 1087 402 1140 ut
424 1088 494 1140 suut
516 1079 603 1141 baec:
632 1078 689 1140 hoc
711 1097 790 1157 genu
817 1079 874 1140 boc
896 1077 964 1157 gelu
992 1079 1049 1140 boc
1071 1079 1182 1139 tonitru
1204 1078 1262 1138 hoc
1284 1095 1355 1139 ossu
1377 1077 1434 1137 boc
1457 1084 1534 1138 testu

241 1180 296 1241 boc
319 1199 394 1241 ucru
416 1180 473 1241 hoc
495 1198 596 1261 specu.
640 1179 673 1241 lu
696 1181 742 1241 bis
765 1198 836 1259 ergo
860 1178 1030 1241 nominibus
1053 1177 1239 1240 neutralibus
1260 1180 1291 1239 in
1314 1178 1457 1257 singulari
1479 1195 1534 1238 uu·

239 1300 322 1342 mero
344 1283 422 1342 scire
445 1280 602 1350 debemus,
631 1289 692 1342 tres
714 1299 887 1361 casuqesse
909 1281 1017 1342 breues
1040 1279 1142 1342 ultima
1163 1278 1273 1358 syllaba
1298 1287 1327 1340 et
1348 1288 1408 1340 tres
1431 1279 1534 1359 longos
1616 1356 1620 1362 Ι

240 1383 423 1444 differentiae
446 1400 548 1452 causa,
572 1381 630 1443 hoc
652 1392 696 1444 est
719 1385 751 1443 in
774 1383 955 1444 nominatiuo
979 1390 1007 1442 et
1029 1383 1198 1444 accusatiuo
1220 1390 1249 1442 et
1271 1385 1412 1443 uocattuo
1432 1383 1532 1458 siugu-

115 1563 120 1569 .
203 1500 227 1538 ro
240 1483 295 1544 lari
318 1483 454 1545 ultimum
478 1502 497 1544 u
520 1485 689 1562 corripitur.
714 1490 748 1546 ut
768 1483 825 1545 lroc
847 1501 941 1545 cornu
965 1485 1145 1544 nominatiuo
1168 1482 1274 1542 etboc
1296 1500 1390 1542 corun
1413 1501 1533 1543 accusa·

240 1586 294 1647 tiui
318 1593 348 1646 et
369 1605 387 1646 o
409 1602 504 1647 cornu
527 1587 675 1657 uocatiuo.
719 1586 753 1646 lu
780 1587 920 1665 genetiuo
949 1602 1021 1646 uero
1044 1593 1073 1645 et
1095 1584 1195 1646 datiuo
1222 1593 1250 1644 et
1272 1582 1403 1645 ablatiuo
1430 1583 1530 1662 singu·

238 1685 294 1747 lari
330 1706 347 1747 u
380 1686 467 1747 duale
504 1685 691 1766 producitur,
729 1696 762 1748 ut
794 1682 1017 1757 huiuscornu,
1042 1685 1111 1746 huic
1141 1703 1234 1747 cornu
1268 1683 1305 1745 ab
1338 1685 1395 1745 boc
1428 1704 1531 1747 cornu.

238 1787 461 1848 Priscianus
490 1797 588 1848 autem
616 1790 647 1847 in
676 1788 721 1848 lris
744 1788 914 1848 nominibus
936 1788 1051 1849 neutris
1073 1785 1208 1847 ultimum
1233 1804 1251 1847 u
1273 1786 1399 1867 produci
1422 1785 1532 1849 debere

237 1891 268 1948 iu
291 1888 429 1951 omnibus
452 1887 569 1948 casibus
590 1890 655 1949 sinc
679 1888 737 1950 ulla
760 1888 925 1950 differentia
954 1888 1082 1949 ostendit
1104 1888 1218 1949 dicens:
1244 1891 1316 1950 ‘nou
1339 1888 1530 1950 inrationabi-

120 2016 125 2028 ·
199 2008 224 2048 ιι,
237 1989 306 2052 liter
328 1990 457 2051 dicimus
479 2006 556 2068 genu
580 2009 674 2051 cornu
696 1989 765 2069 gelu
787 1993 817 2051 in
841 1989 980 2051 omnibus
1002 1989 1119 2051 casibus
1140 1991 1171 2049 in
1198 1988 1340 2067 singulari
1363 2008 1489 2052 numero
1511 2009 1531 2049 u

237 2091 367 2153 litteram
383 2092 533 2171 produci’.
570 2091 643 2153 ltcm
658 2093 735 2153 scire
757 2091 915 2160 debemus,
939 2093 1022 2168 quod
1041 2091 1116 2152 haec
1138 2092 1255 2151 nomina
1279 2100 1386 2152 neutra
1408 2099 1531 2170 quartae

236 2193 444 2255 declinationis
472 2195 502 2252 in
532 2212 550 2252 u
580 2193 745 2254 desinentia
776 2193 854 2275 apud
881 2201 1000 2254 ueteres
1028 2191 1185 2272 aliquando
1213 2193 1245 2253 in
1274 2210 1339 2263 um,
1373 2191 1530 2274 aliquando

236 2313 308 2356 uero
331 2298 363 2355 in
387 2312 420 2355 us
442 2296 524 2356 linita
545 2296 749 2367 inueniuntur.
795 2295 866 2355 lude
893 2295 1112 2356 Priscianus
1135 2292 1220 2353 dicit:
1244 2296 1287 2355 ‘iu
1310 2313 1329 2354 u
1351 2293 1455 2355 Latina
1477 2312 1529 2355 no·

235 2397 314 2457 mina
337 2404 406 2457 suut
426 2395 508 2457 finita
530 2398 650 2475 generis
672 2392 938 2477 neutrilll.110b
957 2393 984 2474 ll,
1009 2405 1041 2456 ut
1063 2394 1120 2455 boc
1142 2412 1236 2455 cornu
1259 2395 1316 2455 boc
1339 2397 1451 2457 tonitru
1474 2395 1530 2456 lroc

196 2513 315 2574 eogenu
337 2498 394 2559 hoc
416 2496 500 2575 gelu,
530 2517 605 2578 quae
633 2507 732 2558 tamen
761 2497 960 2575 antiquissimi
988 2497 1181 2557 inueniuntur
1201 2498 1233 2557 iu
1263 2513 1312 2556 um
1341 2497 1531 2575 proterentes

234 2600 265 2658 in
288 2585 393 2659 eodem
416 2617 543 2677 genere,
566 2609 599 2659 ut
620 2598 695 2660 ‘boc
716 2601 854 2660 cornum’
879 2597 947 2658 ‘hoc
969 2598 1125 2657 tonitrum’
1150 2600 1295 2674 ‘genum'‚
1319 2606 1349 2657 ct
1363 2598 1393 2656 in
1411 2617 1445 2659 us
1460 2616 1529 2677 pro·

234 2701 366 2762 lereutes
389 2699 562 2762 masculino.
608 2700 781 2761 Lucanus
809 2699 955 2760 ‘cornus’
979 2708 1009 2760 et
1036 2699 1199 2759 ‘tonitrus'
1223 2697 1356 2779 protulit.
1395 2699 1529 2760 Cicero

235 2809 332 2863 autem
356 2802 425 2863 ‘boc
444 2803 550 2880 genos'
573 2819 628 2880 pro
651 2806 753 2878 ‘genu’
777 2801 862 2861 dixit:
1345 2876 1349 2882 Ι

435 2902 485 2964 tu
508 2903 652 2964 laeuum
675 2921 790 2981 genus
812 2902 904 2963 baec
928 2903 1005 2962 nixi
1029 2901 1182 2981 delapsa
1206 2901 1357 2962 resedit.

194 3003 405 3066 250ttidius:

437 3105 570 3167 llexile
593 3124 747 3167 cornum

233 3225 288 3287 pro
312 3208 430 3269 ‘cornu’
454 3207 535 3269 dixit
581 3207 781 3278 Lucretius
804 3206 890 3266 dixit:
922 3189 928 3205 ’

436 3326 546 3386 saepe
569 3308 703 3387 gelum,
728 3308 823 3386 quod
846 3309 1020 3368 continet
1041 3309 1078 3368 iu
1101 3325 1155 3377 se,
1179 3307 1322 3369 llittit’.

233 3410 306 3471 item
328 3411 550 3472 Priscianus
571 3410 658 3471 dicit:
689 3410 753 3471 ‘bic
776 3411 921 3471 tonitrus'
945 3418 974 3470 et
997 3410 1069 3470 ‘hoc
1092 3410 1234 3477 tonitru',
1259 3408 1325 3468 ‘bie
1347 3413 1474 3469 coruus'
1498 3418 1528 3469 ot

194 3532 219 3569 so
233 3514 302 3573 ‘troc
325 3513 442 3582 coruu',
466 3512 529 3573 ‘bic
551 3520 632 3573 artus
656 3521 685 3574 et
707 3513 776 3573 ‘boo
791 3514 880 3580 artu’‚
904 3510 967 3570 ‘bic
982 3511 1167 3589 angiportus'
1185 3519 1214 3569 et
1229 3510 1298 3570 ‘lroc
1313 3513 1525 3589 angiportum’,

232 3613 417 3692 conpositum
447 3613 483 3676 ab
512 3622 636 3694 augusto
664 3624 693 3675 et
720 3622 818 3694 portu.
870 3611 943 3674 ltem
972 3614 1049 3673 scire
1076 3610 1232 3681 debemus,
1262 3612 1340 3691 quod
1368 3613 1526 3688 genetiuus

183 3693 190 3706 ⁸
231 3722 355 3793 quartae
387 3716 593 3778 declinationis
619 3719 651 3776 in
678 3733 713 3775 us
746 3714 887 3792 syllabam
924 3715 1115 3782 terminatus,
1146 3714 1210 3774 siue
1233 3711 1428 3774 masculinum
1462 3715 1526 3773 siue

230 3817 406 3877 lemiuinum
429 3834 538 3876 nomeu
560 3818 664 3891 luerit,
688 3834 722 3875 us
743 3812 856 3894 syllaba
879 3813 981 3875 ultima
1002 3814 1189 3895 producitur.
1218 3814 1290 3875 lude
1306 3813 1526 3876 Priscianus

234 3917 321 3978 dicit:
345 3919 388 3977 ‘in
410 3926 512 3996 quarta
537 3916 732 3978 declinatione
754 3917 909 3995 genetiuus
931 3915 1090 3994 singularis
1113 3925 1143 3977 et
1164 3917 1364 3975 nominatiuus
1388 3923 1417 3975 ct
1438 3932 1524 3974 accu-

192 4020 345 4086 usatiuus
374 4027 403 4080 et
430 4021 585 4079 uocatiuus
612 4017 736 4099 pluralis
761 4018 840 4081 idem
870 4023 953 4084 suut;
984 4021 1093 4098 quippe
1116 4019 1144 4078 in
1168 4016 1306 4078 omnibus
1334 4015 1380 4075 bis
1408 4015 1525 4075 casibus

229 4122 405 4202 producitur
439 4138 474 4180 us
504 4118 629 4199 syllaba,
664 4128 694 4181 ut
727 4119 815 4181 buius
848 4119 953 4180 lluctus
980 4119 1012 4180 lri
1040 4120 1146 4180 tluctus
1174 4127 1203 4178 et
1231 4117 1285 4178 lros
1313 4116 1421 4177 lluctus
1450 4124 1479 4175 et
1506 4134 1524 4175 o

280 4376 432 4439 Pgemiuita
465 4373 692 4426 diroccornuom.
727 4376 876 4425 teornuam
915 4376 1025 4439 dgenus
1060 4372 1176 4423 lioceatu
1214 4372 1336 4437 Slougas
1370 4368 1525 4418 deterentiae

230 4443 283 4492 liet
299 4445 418 4493 uocatiuo
435 4458 484 4495 om.
554 4445 586 4493 13
603 4439 763 4506 Priscianus]
782 4443 817 4503 os.
836 4442 852 4491 1
869 4458 895 4506 ρ.
911 4444 1066 4505 3⁶²‚8sep
1112 4444 1168 4508 ς14
1186 4441 1324 4491 deterentia
1377 4451 1428 4486 nou
1447 4437 1525 4485 ratio·

230 4509 347 4558 nobiliter
417 4512 448 4560 16
466 4510 536 4572 quod
554 4510 645 4559 addidi
713 4511 744 4560 18
761 4507 920 4573 Priscianus]
939 4509 1010 4571 efil
1027 4525 1052 4571 p.
1072 4510 1179 4569 210,14
1195 4526 1249 4574 seq.
1320 4509 1352 4556 19
1370 4506 1431 4571 gei-3
1449 4516 1524 4552 neum

264 4590 377 4625 ocornu
428 4578 522 4628 cronico
591 4575 1038 4642 aaLueauus]V11217ettut
1091 4577 1208 4640 protnllit.
1262 4572 1360 4639 Cicero]
1379 4573 1460 4634 cmc
1477 4571 1525 4620 ltoc

229 4647 346 4708 exemplo
363 4646 471 4711 aliisque
488 4647 573 4698 Prisc.
591 4649 609 4699 l.
627 4648 645 4698 i.
721 4648 755 4694 24
772 4656 799 4694 at
816 4646 899 4694 lenum
952 4645 1007 4693 uixi
1025 4643 1129 4709 delapsu
1149 4641 1253 4707 resedit]
1274 4644 1364 4692 telnuis
1383 4656 1440 4689 sare
1458 4637 1525 4688 sedit

228 4714 260 4763 27
280 4712 404 4761 lucrecius
472 4714 505 4765 29
523 4711 681 4777 Priscianus]
700 4714 735 4776 cf.
753 4712 772 4762 I
786 4715 883 4777 pam,
894 4716 917 4762 1.
929 4716 954 4766 t.
965 4715 997 4761 17
1043 4712 1108 4762 dixit
1119 4711 1231 4761 dicithio
1277 4711 1405 4759 tonitruus
1445 4719 1525 4755 ornus

228 4783 261 4831 32
280 4782 304 4829 in
325 4796 355 4829 us
373 4781 465 4830 addidi
514 4782 648 4832 terminata
716 4783 749 4832 33
767 4778 925 4844 Priscianus]
944 4781 978 4843 ef.
1000 4780 1057 4844 lp.
1077 4783 1141 4844 363,
1155 4783 1188 4829 27
1205 4795 1258 4842 aeq.
1327 4778 1361 4826 34
1379 4777 1523 4825 nouriuatas

226 4851 260 4899 36
279 4849 437 4913 produicltur
491 4848 527 4898 hii
