3382 5476
194 280 256 344 104
512 357 517 369 Ι
707 279 775 331 aas
794 278 968 331 suonrua

192 468 327 548 possit.
373 466 405 527 ln
429 464 538 547 plurali
560 484 633 528 uero
657 484 780 528 numero
802 467 1002 528 nominatiuus
1024 473 1055 529 et
1076 466 1264 528 accusatluus
1284 471 1316 527 et
1335 466 1498 531 uocstluus

192 573 222 629 in
246 569 415 630 nominibus
438 568 620 631 neutralibus
642 570 673 629 in
689 587 839 647 asemper
861 569 1065 639 inueniuntur,
1086 576 1119 630 ut
1133 574 1179 629 cst
1193 567 1396 629 nominatione
1417 566 1496 633 osec

191 672 316 740 ieiunia,
339 671 526 733 aecusatiuus
548 671 622 731 baec
644 672 769 739 ieiunia,
793 672 949 733 uocatiuus
971 687 989 730 o
1012 670 1130 731 ieiunis.
1175 667 1424 748 lntemogsndum
1446 678 1496 733 est

192 782 305 833 antem:
336 774 454 833 nomina
477 774 507 832 in
531 791 566 833 us
588 771 752 833 desinentia
780 774 811 832 in
833 771 964 833 secunda
992 770 1189 835 declinatione
1212 772 1418 851 quarternos
1438 771 1493 833 bs·

192 874 281 935 beuti
325 874 405 934 ldest
432 873 552 941 decem;
582 873 738 953 aliquando
767 874 846 935 enirn
869 875 878 933 i
901 881 969 935 ante
991 892 1026 934 us
1054 872 1179 944 babent,
1208 879 1242 934 ut
1267 870 1347 935 lilius
1373 870 1520 953 gladiose

194 975 295 1037 radius
323 983 353 1035 et
380 975 454 1036 baec
483 976 602 1037 nomina
631 975 689 1036 duo
711 979 725 1036 i
744 976 775 1035 in
798 976 938 1054 genetiuo
966 974 1087 1037 babent.
1130 973 1203 1036 lude
1224 976 1493 1054 grammaticus

192 1077 277 1137 dicit:
307 1078 406 1137 omnia
435 1078 554 1137 nomina
583 1077 613 1137 in
643 1077 689 1137 ius
717 1076 765 1137 uel
793 1077 824 1136 in
853 1077 913 1137 ium
936 1076 1100 1138 desinentia
1122 1077 1133 1136 i
1154 1074 1304 1157 duplicem
1326 1074 1440 1139 babent
1458 1076 1494 1138 tn

193 1180 348 1258 genetiuo,
373 1185 405 1239 ut
428 1176 477 1238 liic
499 1176 616 1238 sobrius
638 1177 726 1237 buius
746 1176 852 1246 sobrii,
875 1178 933 1238 hoc
955 1177 1096 1257 gaudium
1118 1177 1206 1240 buius
1227 1176 1344 1257 gaudii,
1365 1184 1397 1239 ct
1417 1176 1494 1241 baec

193 1281 312 1341 nomina
336 1279 497 1347 masculina
520 1281 550 1339 in
574 1281 622 1340 ius
645 1277 810 1339 desinentia
833 1296 952 1359 semper
973 1278 1122 1341 secundae
1143 1279 1350 1342 declinationis
1369 1286 1441 1341 sunt
1462 1286 1494 1342 et

193 1380 251 1442 duo
274 1383 284 1441 i
307 1381 521 1442 obseruantia
545 1381 728 1441 nominatiuo
751 1388 781 1441 et
803 1382 938 1442 uocatiuo
960 1379 1081 1461 plurali,
1105 1389 1138 1443 ut
1160 1381 1192 1442 bi
1213 1379 1290 1443 radii
1312 1389 1344 1443 et
1363 1379 1531 1451 eraditus

192 1483 235 1544 sic
263 1484 351 1543 etiam
379 1484 412 1543 in
440 1482 541 1544 datiuo
563 1489 594 1543 et
616 1479 745 1542 ablatiuo
772 1481 878 1563 plurali
906 1483 1053 1562 geminata
1075 1485 1085 1544 i
1107 1482 1204 1545 littera
1231 1482 1436 1562 proferuntur,
1459 1490 1494 1546 ut

193 1585 240 1645 liis
263 1584 354 1645 radiis
377 1591 407 1645 et
429 1583 465 1645 ab
489 1584 535 1644 bis
555 1583 659 1645 radiis.
703 1584 924 1646 Priscianus
946 1592 1045 1645 tamen
1068 1583 1153 1645 dixit:
1186 1584 1357 1646 inuenimus
1377 1591 1495 1647 uermes

193 1690 203 1747 i
226 1684 403 1746 subtrahere
426 1688 457 1745 in
481 1686 619 1763 genetiuo
642 1687 795 1747 nominum
817 1688 849 1746 in
867 1687 913 1746 ius
936 1686 985 1746 nel
1006 1687 1036 1746 in
1060 1688 1122 1746 ium
1145 1687 1367 1747 terminantium
1395 1688 1492 1749 numi·

193 1789 341 1856 natiuum,
370 1797 404 1847 ut
425 1787 523 1866 peculi
546 1806 601 1866 pro
624 1787 747 1866 peculii,
777 1789 885 1848 Antoni
908 1805 963 1866 pro
991 1789 1126 1857 Antonii,
1156 1789 1256 1866 tuguri
1283 1806 1338 1867 pro
1366 1788 1491 1867 tugurii.

193 1891 349 1949 Vocatiuus
383 1898 480 1949 antem
514 1890 647 1950 omniunt
680 1889 834 1950 nominum
867 1890 895 1949 in
928 1890 974 1949 ius
1003 1889 1200 1951 desinentium
1230 1890 1328 1950 minut·
1355 1896 1402 1951 cst
1431 1908 1530 1953 unsre

193 1988 304 2069 syllaba
327 2007 414 2068 quam
438 1991 646 2052 nominatiuus.
693 1990 769 2050 llinc
786 1990 1007 2074 Priscianus
1030 1992 1116 2053 dixit:
1140 1991 1268 2053 Omnis
1291 1992 1492 2054 uocatiuu's

193 2094 228 2151 in
251 2093 261 2150 i
284 2093 462 2153 desinens
484 2110 555 2153 una
583 2090 726 2172 syllaba
756 2094 877 2153 minor
905 2093 1013 2152 debet
1039 2111 1120 2154 esse
1148 2111 1213 2153 suo
1242 2094 1490 2165 nominatiuo,

194 2200 231 2253 ut
258 2193 446 2254 Salustius
474 2191 616 2254 Salusti
643 2193 791 2254 abiecta
820 2212 876 2261 us,
907 2192 1089 2271 Virgilius
1110 2194 1263 2273 Virgili,
1286 2195 1493 2257 Terentius

194 2313 211 2355 o
234 2294 397 2354 Terenti.
442 2294 521 2355 llaec
550 2302 649 2356 tamen
679 2295 781 2356 eadem
804 2296 893 2356 etiam
916 2297 947 2355 in
971 2314 987 2355 e
1009 2294 1204 2375 proferebant
1224 2296 1434 2376 antiquissimi,
1457 2304 1493 2358 nt

194 2415 211 2456 o
235 2395 370 2475 Virgilio,
395 2414 412 2456 o
435 2396 591 2458 llercurie.
635 2397 789 2458 inuenitur
811 2415 903 2472 utrum
928 2416 1046 2473 nomen,
1070 2398 1148 2476 quod
1171 2404 1231 2459 tam
1254 2400 1285 2459 in
1309 2416 1326 2459 e
1348 2415 1437 2476 quam
1458 2398 1529 2485 insu

193 2499 202 2557 i
226 2497 296 2559 lacit
314 2500 497 2569 uocatiuuur,
522 2501 657 2579 quamuis
678 2502 718 2559 sit
740 2498 962 2579 appellatinum,
987 2518 1004 2560 o
1028 2498 1086 2559 iilic
1109 2507 1139 2560 et
1161 2518 1178 2559 o
1202 2498 1302 2560 liliuel
1317 2498 1404 2562 illius.
1426 2498 1491 2561 ntis

194 2618 267 2660 uero
296 2603 417 2661 nomina
446 2603 476 2661 in
507 2621 541 2662 us
570 2601 734 2663 desinentia
762 2599 923 2661 masculina
953 2620 1006 2663 seu
1029 2602 1170 2662 feminina
1194 2619 1340 2663 conuersa
1361 2619 1399 2664 us
1419 2603 1492 2663 ine

194 2702 305 2762 iaciunt
334 2703 519 2774 uocatinnm,
549 2712 581 2765 ut
609 2704 658 2763 bic
685 2702 821 2763 Priamus
848 2721 865 2763 o
893 2703 1025 2772 Priame,
1054 2705 1121 2783 pius
1148 2705 1210 2780 pie,
1243 2712 1357 2784 myrtus
1385 2711 1492 2785 myrte.

193 2804 246 2864 Est
263 2811 377 2873 tamem
400 2803 519 2883 quando
542 2806 724 2865 nominatiuo
753 2806 784 2865 in
806 2824 843 2866 us
872 2807 1031 2866 terminato
1058 2822 1113 2883 pro
1143 2805 1281 2866 uocatiuo
1309 2806 1375 2867 siue
1402 2807 1493 2867 metri

194 2907 258 2965 sine
282 2904 447 2984 euphoniae
469 2923 557 2966 causa
581 2912 715 2974 utuntur,
739 2906 922 2967 Lucanus:
1502 2923 1529 2966 ss

592 3007 757 3084 degener
780 3027 798 3067 o
821 3006 988 3086 pupulus.

194 3105 382 3185 Virgilius
404 3108 435 3167 in
459 3115 564 3168 octauo
588 3106 677 3168 libro:

347 3211 528 3288 Corniger
551 3209 795 3288 llesperidnm
819 3209 963 3271 fluuius
987 3219 1163 3289 regnator
1186 3229 1373 3291 aquarum.

194 3311 230 3370 Et
252 3310 324 3371 baec
348 3312 466 3372 nomina
494 3313 524 3371 in
554 3315 601 3372 ius
629 3313 793 3372 desinentia
816 3312 858 3371 sic
880 3310 1080 3373 declinantur:
1109 3312 1159 3374 bic
1187 3313 1265 3375 iilius
1281 3311 1293 3396 ll
1309 3314 1360 3375 iol.
1379 3311 1461 3377 100·
1476 3312 1490 3397 ΙΙ

195 3413 282 3474 liuius
310 3412 376 3481 lilii,
406 3413 506 3475 datiuo
536 3413 604 3474 hiric
631 3413 705 3483 tilio,
735 3413 813 3473 liunc
844 3413 950 3484 lilium,
981 3412 1099 3476 ofilius
1122 3422 1152 3474 et
1174 3434 1191 3475 o
1215 3414 1256 3477 lili
1280 3415 1329 3477 uel
1350 3414 1424 3486 tilie,
1454 3415 1530 3478 abso

194 3514 251 3575 hoc
280 3513 340 3575 lilio
368 3525 397 3575 et
419 3514 526 3594 plurali
549 3517 579 3575 ln
603 3515 668 3585 lilii,
699 3517 804 3576 borum
834 3515 976 3586 liliorum,
1006 3516 1051 3576 bis
1074 3515 1154 3587 filiis,
1186 3516 1241 3578 bos
1267 3516 1357 3588 lilius,
1388 3516 1491 3589 oillii,

194 3615 232 3677 ab
255 3616 301 3676 liis
324 3615 399 3677 filiis.
438 3618 486 3677 Sic
510 3616 674 3678 declinatur
697 3618 795 3679 radius
817 3616 935 3679 sobrius
957 3618 1099 3697 lignarius
1120 3616 1235 3697 gladius
1257 3621 1398 3698 aquarius
1419 3637 1492 3682 con·

194 3715 322 3778 siliarius
345 3718 459 3778 Ennius
481 3719 571 3779 lulins
595 3720 726 3781 Valerius
753 3720 911 3780 Terentius
934 3720 1070 3798 Virgilius
1097 3720 1210 3781 Tullius
1238 3719 1383 3809 Salustius
1405 3720 1493 3785 Clau·

195 3820 260 3880 dius
282 3821 425 3880 Antonius
449 3822 612 3897 Gregorius
635 3830 663 3881 et
686 3830 793 3883 cetera.
831 3822 904 3883 ltem
927 3821 1083 3902 aliquando
1106 3841 1124 3882 u
1148 3821 1213 3883 loco
1236 3824 1426 3885 consonantis
1447 3824 1492 3885 in·

194 3923 314 3983 uenitnr
342 3929 409 3981 ante
438 3941 471 3982 us
499 3923 625 4001 positum
655 3932 684 3983 et
712 3922 760 3983 illa
788 3925 907 3984 nomina
935 3924 1083 3984 secundae
1112 3923 1318 3987 declinationis
1343 3932 1428 3996 sunt,
1458 3933 1530 3989 uisa
1592 3924 1595 3929 ’

262 4143 506 4192 2lraooieiunia
574 4143 678 4206 dquod
747 4142 849 4193 bidem
867 4143 949 4193 decim
1001 4155 1138 4193 cantens
1208 4146 1293 4195 dduo
1312 4147 1338 4195 in
1409 4160 1494 4196 rama·

195 4212 258 4260 ricus
346 4212 404 4261 'lin
424 4228 453 4261 us
522 4212 659 4264 8snbrius
711 4211 791 4259 subrii
861 4214 893 4262 10
910 4211 944 4260 bii
1017 4214 1045 4261 11
1066 4212 1118 4262 litte
1192 4214 1223 4262 11
1242 4162 1492 4279 Ριὶειίιιιιιιιῗοῌ

192 4296 220 4343 p.
240 4282 299 4339 296,
318 4283 347 4328 d:
375 4279 521 4341 frequenter
539 4292 623 4329 tumen
641 4279 786 4328 inuenimns
806 4289 903 4329 ueteres
922 4280 947 4328 in
966 4279 1142 4331 huiuscemodi
1160 4282 1300 4345 genetiuis,
1327 4282 1394 4333 idest
1410 4284 1493 4348 gemi-

196 4348 313 4396 nantibus
332 4348 349 4406 i,
369 4348 517 4397 subtrahere
533 4348 637 4396 alteram
657 4362 688 4396 ex
707 4349 744 4397 eis
762 4355 810 4399 etc.
881 4348 1025 4397 irrorenimus
1044 4349 1062 4412 i,
1081 4365 1127 4399 um.
1147 4364 1245 4399 ueteres
1317 4353 1347 4400 13
1366 4352 1390 4398 ἰιι
1411 4366 1441 4400 us

229 4416 414 4464 nominandum
468 4416 500 4464 14
517 4415 608 4479 prculu
660 4429 707 4479 pro
725 4415 814 4464 antoni
832 4425 890 4479 tego
901 4430 948 4480 pro
959 4416 1050 4481 tegorii
1104 4418 1135 4467 16
1153 4415 1311 4484 Priscianus]
1332 4418 1348 4467 Ι
1364 4421 1493 4483 porse

196 4485 227 4533 18
245 4483 318 4531 debet
336 4498 382 4531 om.
470 4483 502 4531 18
520 4483 655 4532 terrentius
674 4485 687 4531 d
707 4484 808 4533 terrenti
895 4485 926 4533 ts
944 4482 1006 4533 haec
1024 4482 1120 4551 tamen]
1140 4487 1174 4548 es.
1193 4487 1278 4536 Prisc.
1298 4485 1315 4535 1
1330 4502 1359 4550 p.
1380 4489 1441 4550 301,
1461 4489 1494 4537 ts

228 4550 364 4612 antiquissi
433 4551 466 4600 10
484 4550 585 4616 nirgilip
638 4552 762 4602 mercurie
829 4550 958 4600 11011111
1027 4554 1059 4604 13
1077 4554 1170 4603 irttiunt
1237 4556 1271 4604 24
1289 4564 1401 4604 esttamen
1459 4555 1493 4606 at

195 4619 304 4682 coponio
373 4615 504 4682 Lucanus]
530 4618 624 4670 Plura.
642 4618 677 4669 11
695 4603 756 4669 116‘
829 4620 862 4669 16
880 4620 912 4668 dc
930 4636 1024 4686 uegeto
1043 4621 1146 4687 populis
1215 4624 1248 4672 ut
1268 4619 1407 4687 Virgilius]
1426 4624 1493 4674 Aen.

200 4686 274 4735 VIII
294 4690 325 4736 77
376 4684 416 4735 sin
435 4697 524 4736 octauo
593 4687 626 4737 18
644 4690 761 4752 coriuger
812 4700 934 4752 regnatur
984 4687 1019 4741 30
1037 4690 1076 4739 uel
1093 4688 1146 4756 illie
1198 4692 1230 4740 31
1249 4690 1285 4739 liii
1338 4692 1492 4743 assuimus

195 4755 228 4803 33
246 4754 330 4802 iustius
382 4754 517 4803 terrentius
569 4754 696 4804 saluseins
