<?xml version="1.0" encoding="UTF-8"?>
<!DOCTYPE html PUBLIC "-//W3C//DTD XHTML 1.0 Transitional//EN"
    "http://www.w3.org/TR/xhtml1/DTD/xhtml1-transitional.dtd">
<html xmlns="http://www.w3.org/1999/xhtml" xml:lang="en" lang="en">
 <head>
  <title>
</title>
<meta http-equiv="Content-Type" content="text/html;charset=utf-8" />
  <meta name='ocr-system' content='tesseract 3.04.00' />
  <meta name='ocr-capabilities' content='ocr_page ocr_carea ocr_par ocr_line ocrx_word'/>
</head>
<body>
  <div class='ocr_page' id='page_1' title='image "./grammaticilatin06keilgoog_0550.png"; bbox 0 0 3382 5476; ppageno 0'>
   <div class='ocr_carea' id='block_1_1' title="bbox 303 1203 1209 1499">
    <p class='ocr_par' dir='ltr' id='par_1_1' title="bbox 303 1203 1209 1499">
     <span class='ocr_line' id='line_1_1' title="bbox 696 1203 809 1284; baseline -0.009 0"><span class='ocrx_word' id='word_1_1' title='bbox 696 1203 809 1284; x_wconf 90' lang='lat' dir='ltr'>XI.</span> 
     </span>
     <span class='ocr_line' id='line_1_2' title="bbox 303 1395 1209 1499; baseline 0.002 -5"><span class='ocrx_word' id='word_1_2' title='bbox 303 1395 795 1498; x_wconf 80' lang='lat' dir='ltr'><strong>DIFFERENTIAE</strong></span> <span class='ocrx_word' id='word_1_3' title='bbox 822 1399 1209 1499; x_wconf 80' lang='lat' dir='ltr'><strong>SERMONVM.</strong></span> 
     </span>
    </p>
   </div>
   <div class='ocr_carea' id='block_1_2' title="bbox 88 1873 1423 2360">
    <p class='ocr_par' dir='ltr' id='par_1_2' title="bbox 114 1873 1423 2154">
     <span class='ocr_line' id='line_1_3' title="bbox 199 1873 1405 1954; baseline -0.001 -19"><span class='ocrx_word' id='word_1_4' title='bbox 199 1876 277 1936; x_wconf 73' lang='lat' dir='ltr'>{riter</span> <span class='ocrx_word' id='word_1_5' title='bbox 301 1884 410 1935; x_wconf 74' lang='lat' dir='ltr'>metum</span> <span class='ocrx_word' id='word_1_6' title='bbox 433 1883 463 1935; x_wconf 85' lang='lat' dir='ltr'>et</span> <span class='ocrx_word' id='word_1_7' title='bbox 483 1877 616 1935; x_wconf 76' lang='lat' dir='ltr'>timorem</span> <span class='ocrx_word' id='word_1_8' title='bbox 639 1885 669 1935; x_wconf 82' lang='lat' dir='ltr'>ei</span> <span class='ocrx_word' id='word_1_9' title='bbox 690 1893 832 1954; x_wconf 85' lang='lat' dir='ltr'>pauorem</span> <span class='ocrx_word' id='word_1_10' title='bbox 848 1873 905 1934; x_wconf 92' lang='lat' dir='ltr'>boc</span> <span class='ocrx_word' id='word_1_11' title='bbox 920 1877 1060 1944; x_wconf 82' lang='lat' dir='ltr'>interest,</span> <span class='ocrx_word' id='word_1_12' title='bbox 1084 1874 1163 1953; x_wconf 93' lang='lat' dir='ltr'>quod</span> <span class='ocrx_word' id='word_1_13' title='bbox 1187 1883 1284 1936; x_wconf 82' lang='lat' dir='ltr'>metus</span> <span class='ocrx_word' id='word_1_14' title='bbox 1306 1874 1405 1935; x_wconf 84' lang='lat' dir='ltr'>iuiura</span> 
     </span>
     <span class='ocr_line' id='line_1_4' title="bbox 114 1975 1423 2056; baseline 0.001 -21"><span class='ocrx_word' id='word_1_15' title='bbox 114 1978 273 2056; x_wconf 77' lang='lat' dir='ltr'>prospicit,</span> <span class='ocrx_word' id='word_1_16' title='bbox 298 1978 386 2036; x_wconf 79' lang='lat' dir='ltr'>rimor</span> <span class='ocrx_word' id='word_1_17' title='bbox 401 1976 497 2036; x_wconf 77' lang='lat' dir='ltr'>subita</span> <span class='ocrx_word' id='word_1_18' title='bbox 514 1979 621 2037; x_wconf 79' lang='lat' dir='ltr'>meniis</span> <span class='ocrx_word' id='word_1_19' title='bbox 637 1979 853 2046; x_wconf 76' lang='lat' dir='ltr'><strong>consternatio,</strong></span> <span class='ocrx_word' id='word_1_20' title='bbox 875 1995 970 2056; x_wconf 82' lang='lat' dir='ltr'>pauor</span> <span class='ocrx_word' id='word_1_21' title='bbox 984 1978 1075 2037; x_wconf 86' lang='lat' dir='ltr'>animi</span> <span class='ocrx_word' id='word_1_22' title='bbox 1091 1985 1203 2047; x_wconf 81' lang='lat' dir='ltr'>molus,</span> <span class='ocrx_word' id='word_1_23' title='bbox 1220 1975 1299 2037; x_wconf 90' lang='lat' dir='ltr'>unde</span> <span class='ocrx_word' id='word_1_24' title='bbox 1314 1977 1423 2037; x_wconf 83' lang='lat' dir='ltr'>eiiam·</span> 
     </span>
     <span class='ocr_line' id='line_1_5' title="bbox 114 2077 558 2154; baseline 0.007 -18"><span class='ocrx_word' id='word_1_25' title='bbox 114 2077 233 2154; x_wconf 82' lang='lat' dir='ltr'>‘pauida</span> <span class='ocrx_word' id='word_1_26' title='bbox 256 2079 397 2138; x_wconf 80' lang='lat' dir='ltr'>iumeuia’</span> <span class='ocrx_word' id='word_1_27' title='bbox 422 2077 558 2139; x_wconf 84' lang='lat' dir='ltr'>dicimus.</span> 
     </span>
    </p>

    <p class='ocr_par' dir='ltr' id='par_1_3' title="bbox 197 2178 1342 2259">
     <span class='ocr_line' id='line_1_6' title="bbox 197 2178 1342 2259; baseline 0.005 -22"><span class='ocrx_word' id='word_1_28' title='bbox 197 2178 277 2238; x_wconf 82' lang='lat' dir='ltr'>luler</span> <span class='ocrx_word' id='word_1_29' title='bbox 300 2196 358 2256; x_wconf 89' lang='lat' dir='ltr'>qne</span> <span class='ocrx_word' id='word_1_30' title='bbox 381 2186 410 2238; x_wconf 83' lang='lat' dir='ltr'>ei</span> <span class='ocrx_word' id='word_1_31' title='bbox 432 2197 469 2239; x_wconf 89' lang='lat' dir='ltr'>ue</span> <span class='ocrx_word' id='word_1_32' title='bbox 492 2178 548 2239; x_wconf 92' lang='lat' dir='ltr'>boc</span> <span class='ocrx_word' id='word_1_33' title='bbox 571 2183 709 2248; x_wconf 76' lang='lat' dir='ltr'>interest.</span> <span class='ocrx_word' id='word_1_34' title='bbox 733 2181 815 2256; x_wconf 82' lang='lat' dir='ltr'>qnod</span> <span class='ocrx_word' id='word_1_35' title='bbox 836 2198 894 2259; x_wconf 88' lang='lat' dir='ltr'>que</span> <span class='ocrx_word' id='word_1_36' title='bbox 917 2180 1101 2249; x_wconf 84' lang='lat' dir='ltr'>coniunctio,</span> <span class='ocrx_word' id='word_1_37' title='bbox 1126 2197 1163 2240; x_wconf 91' lang='lat' dir='ltr'>ue</span> <span class='ocrx_word' id='word_1_38' title='bbox 1185 2178 1342 2243; x_wconf 79' lang='lat' dir='ltr'>districtio.</span> 
     </span>
    </p>

    <p class='ocr_par' dir='ltr' id='par_1_4' title="bbox 88 2278 1404 2360">
     <span class='ocr_line' id='line_1_7' title="bbox 88 2278 1404 2360; baseline 0.005 -27"><span class='ocrx_word' id='word_1_39' title='bbox 88 2296 100 2333; x_wconf 83' lang='lat' dir='ltr'>c</span> <span class='ocrx_word' id='word_1_40' title='bbox 199 2278 278 2339; x_wconf 82' lang='lat' dir='ltr'>lnier</span> <span class='ocrx_word' id='word_1_41' title='bbox 300 2298 404 2340; x_wconf 90' lang='lat' dir='ltr'>omues</span> <span class='ocrx_word' id='word_1_42' title='bbox 427 2288 456 2340; x_wconf 82' lang='lat' dir='ltr'>ei</span> <span class='ocrx_word' id='word_1_43' title='bbox 478 2289 602 2342; x_wconf 82' lang='lat' dir='ltr'>cunctos</span> <span class='ocrx_word' id='word_1_44' title='bbox 624 2291 653 2341; x_wconf 82' lang='lat' dir='ltr'>et</span> <span class='ocrx_word' id='word_1_45' title='bbox 677 2283 833 2342; x_wconf 91' lang='lat' dir='ltr'>uniuersos</span> <span class='ocrx_word' id='word_1_46' title='bbox 856 2281 911 2341; x_wconf 89' lang='lat' dir='ltr'>boc</span> <span class='ocrx_word' id='word_1_47' title='bbox 933 2281 1071 2351; x_wconf 77' lang='lat' dir='ltr'>interest,</span> <span class='ocrx_word' id='word_1_48' title='bbox 1095 2279 1172 2359; x_wconf 90' lang='lat' dir='ltr'>quod</span> <span class='ocrx_word' id='word_1_49' title='bbox 1189 2298 1308 2350; x_wconf 87' lang='lat' dir='ltr'>omnes,</span> <span class='ocrx_word' id='word_1_50' title='bbox 1332 2299 1404 2360; x_wconf 93' lang='lat' dir='ltr'>quo·</span> 
     </span>
    </p>
   </div>
   <div class='ocr_carea' id='block_1_3' title="bbox 113 2380 1405 2542">
    <p class='ocr_par' dir='ltr' id='par_1_5' title="bbox 113 2380 1405 2542">
     <span class='ocr_line' id='line_1_8' title="bbox 114 2380 1405 2462; baseline 0.002 -24"><span class='ocrx_word' id='word_1_51' title='bbox 114 2398 179 2439; x_wconf 91' lang='lat' dir='ltr'>rum</span> <span class='ocrx_word' id='word_1_52' title='bbox 209 2382 318 2441; x_wconf 77' lang='lat' dir='ltr'>mentio</span> <span class='ocrx_word' id='word_1_53' title='bbox 347 2393 403 2451; x_wconf 79' lang='lat' dir='ltr'>est,</span> <span class='ocrx_word' id='word_1_54' title='bbox 439 2383 556 2450; x_wconf 80' lang='lat' dir='ltr'>cuncti,</span> <span class='ocrx_word' id='word_1_55' title='bbox 585 2385 637 2461; x_wconf 91' lang='lat' dir='ltr'>qui</span> <span class='ocrx_word' id='word_1_56' title='bbox 666 2385 697 2443; x_wconf 94' lang='lat' dir='ltr'>in</span> <span class='ocrx_word' id='word_1_57' title='bbox 726 2399 785 2441; x_wconf 91' lang='lat' dir='ltr'>uno</span> <span class='ocrx_word' id='word_1_58' title='bbox 813 2380 879 2442; x_wconf 91' lang='lat' dir='ltr'>loco</span> <span class='ocrx_word' id='word_1_59' title='bbox 910 2385 1064 2451; x_wconf 88' lang='lat' dir='ltr'>conuersi;</span> <span class='ocrx_word' id='word_1_60' title='bbox 1097 2384 1148 2462; x_wconf 92' lang='lat' dir='ltr'>qni</span> <span class='ocrx_word' id='word_1_61' title='bbox 1182 2381 1293 2461; x_wconf 89' lang='lat' dir='ltr'>ubique</span> <span class='ocrx_word' id='word_1_62' title='bbox 1326 2389 1405 2449; x_wconf 83' lang='lat' dir='ltr'>suni,</span> 
     </span>
     <span class='ocr_line' id='line_1_9' title="bbox 113 2499 258 2542; baseline 0.007 -2"><span class='ocrx_word' id='word_1_63' title='bbox 113 2499 258 2542; x_wconf 78' lang='lat' dir='ltr'>uniuersi.</span> 
     </span>
    </p>
   </div>
   <div class='ocr_carea' id='block_1_4' title="bbox 115 2582 1405 2763">
    <p class='ocr_par' dir='ltr' id='par_1_6' title="bbox 115 2582 1405 2763">
     <span class='ocr_line' id='line_1_10' title="bbox 199 2582 1405 2665; baseline 0.002 -23"><span class='ocrx_word' id='word_1_64' title='bbox 199 2582 276 2643; x_wconf 77' lang='lat' dir='ltr'>iniec</span> <span class='ocrx_word' id='word_1_65' title='bbox 306 2582 413 2643; x_wconf 90' lang='lat' dir='ltr'>undam</span> <span class='ocrx_word' id='word_1_66' title='bbox 443 2591 473 2644; x_wconf 82' lang='lat' dir='ltr'>ei</span> <span class='ocrx_word' id='word_1_67' title='bbox 500 2602 606 2662; x_wconf 88' lang='lat' dir='ltr'>aquam</span> <span class='ocrx_word' id='word_1_68' title='bbox 635 2583 691 2644; x_wconf 91' lang='lat' dir='ltr'>boc</span> <span class='ocrx_word' id='word_1_69' title='bbox 719 2586 858 2654; x_wconf 79' lang='lat' dir='ltr'>interest,</span> <span class='ocrx_word' id='word_1_70' title='bbox 890 2584 969 2662; x_wconf 90' lang='lat' dir='ltr'>qnod</span> <span class='ocrx_word' id='word_1_71' title='bbox 998 2584 1075 2645; x_wconf 89' lang='lat' dir='ltr'>unda</span> <span class='ocrx_word' id='word_1_72' title='bbox 1105 2585 1224 2665; x_wconf 86' lang='lat' dir='ltr'>copiosa</span> <span class='ocrx_word' id='word_1_73' title='bbox 1252 2603 1328 2664; x_wconf 84' lang='lat' dir='ltr'>aqua</span> <span class='ocrx_word' id='word_1_74' title='bbox 1351 2592 1405 2658; x_wconf 79' lang='lat' dir='ltr'>esi,</span> 
     </span>
     <span class='ocr_line' id='line_1_11' title="bbox 115 2682 1071 2763; baseline 0.009 -21"><span class='ocrx_word' id='word_1_75' title='bbox 115 2682 194 2743; x_wconf 87' lang='lat' dir='ltr'>unde</span> <span class='ocrx_word' id='word_1_76' title='bbox 216 2686 303 2742; x_wconf 82' lang='lat' dir='ltr'>eiiam</span> <span class='ocrx_word' id='word_1_77' title='bbox 327 2683 563 2746; x_wconf 77' lang='lat' dir='ltr'>‘abundantiam’</span> <span class='ocrx_word' id='word_1_78' title='bbox 588 2685 727 2753; x_wconf 80' lang='lat' dir='ltr'>dicimus,</span> <span class='ocrx_word' id='word_1_79' title='bbox 750 2703 825 2763; x_wconf 88' lang='lat' dir='ltr'>aqua</span> <span class='ocrx_word' id='word_1_80' title='bbox 848 2687 992 2748; x_wconf 76' lang='lat' dir='ltr'>naturalis</span> <span class='ocrx_word' id='word_1_81' title='bbox 1014 2695 1071 2751; x_wconf 83' lang='lat' dir='ltr'>esi.</span> 
     </span>
    </p>
   </div>
   <div class='ocr_carea' id='block_1_5' title="bbox 77 2784 1404 2967">
    <p class='ocr_par' dir='ltr' id='par_1_7' title="bbox 77 2784 1404 2967">
     <span class='ocr_line' id='line_1_12' title="bbox 77 2784 1404 2867; baseline 0.005 -27"><span class='ocrx_word' id='word_1_82' title='bbox 77 2803 102 2840; x_wconf 83' lang='grc' dir='ltr'>ιο</span> <span class='ocrx_word' id='word_1_83' title='bbox 200 2785 280 2846; x_wconf 79' lang='lat' dir='ltr'>lnior</span> <span class='ocrx_word' id='word_1_84' title='bbox 303 2796 400 2847; x_wconf 83' lang='lat' dir='ltr'>iacere</span> <span class='ocrx_word' id='word_1_85' title='bbox 417 2796 447 2847; x_wconf 81' lang='lat' dir='ltr'>ei</span> <span class='ocrx_word' id='word_1_86' title='bbox 468 2786 558 2847; x_wconf 85' lang='lat' dir='ltr'>silere</span> <span class='ocrx_word' id='word_1_87' title='bbox 574 2787 630 2847; x_wconf 92' lang='lat' dir='ltr'>boc</span> <span class='ocrx_word' id='word_1_88' title='bbox 647 2789 786 2856; x_wconf 77' lang='lat' dir='ltr'>interest,</span> <span class='ocrx_word' id='word_1_89' title='bbox 810 2786 888 2867; x_wconf 91' lang='lat' dir='ltr'>quod</span> <span class='ocrx_word' id='word_1_90' title='bbox 904 2797 993 2859; x_wconf 78' lang='lat' dir='ltr'>iacet,</span> <span class='ocrx_word' id='word_1_91' title='bbox 1017 2791 1069 2867; x_wconf 93' lang='lat' dir='ltr'>qui</span> <span class='ocrx_word' id='word_1_92' title='bbox 1084 2787 1193 2849; x_wconf 83' lang='lat' dir='ltr'>desinit</span> <span class='ocrx_word' id='word_1_93' title='bbox 1209 2785 1303 2867; x_wconf 82' lang='lat' dir='ltr'>ioqui,</span> <span class='ocrx_word' id='word_1_94' title='bbox 1327 2784 1404 2854; x_wconf 84' lang='lat' dir='ltr'>siler,</span> 
     </span>
     <span class='ocr_line' id='line_1_13' title="bbox 115 2888 450 2967; baseline 0.003 -22"><span class='ocrx_word' id='word_1_95' title='bbox 115 2888 163 2965; x_wconf 93' lang='lat' dir='ltr'>qui</span> <span class='ocrx_word' id='word_1_96' title='bbox 187 2888 319 2947; x_wconf 93' lang='lat' dir='ltr'>nondum</span> <span class='ocrx_word' id='word_1_97' title='bbox 342 2888 450 2967; x_wconf 79' lang='lat' dir='ltr'>coepit.</span> 
     </span>
    </p>
   </div>
   <div class='ocr_carea' id='block_1_6' title="bbox 115 2987 1406 3268">
    <p class='ocr_par' dir='ltr' id='par_1_8' title="bbox 115 2987 1406 3268">
     <span class='ocr_line' id='line_1_14' title="bbox 199 2987 1406 3071; baseline 0.002 -25"><span class='ocrx_word' id='word_1_98' title='bbox 199 2987 277 3049; x_wconf 84' lang='lat' dir='ltr'>inter</span> <span class='ocrx_word' id='word_1_99' title='bbox 301 2989 441 3049; x_wconf 85' lang='lat' dir='ltr'>auxilium</span> <span class='ocrx_word' id='word_1_100' title='bbox 456 2997 486 3049; x_wconf 82' lang='lat' dir='ltr'>ei</span> <span class='ocrx_word' id='word_1_101' title='bbox 500 2990 682 3069; x_wconf 87' lang='lat' dir='ltr'>praesidium</span> <span class='ocrx_word' id='word_1_102' title='bbox 699 2998 729 3050; x_wconf 81' lang='lat' dir='ltr'>ei</span> <span class='ocrx_word' id='word_1_103' title='bbox 743 2990 912 3052; x_wconf 89' lang='lat' dir='ltr'>subsidium</span> <span class='ocrx_word' id='word_1_104' title='bbox 928 2993 984 3052; x_wconf 89' lang='lat' dir='ltr'>boc</span> <span class='ocrx_word' id='word_1_105' title='bbox 1000 2992 1138 3061; x_wconf 79' lang='lat' dir='ltr'>interest,</span> <span class='ocrx_word' id='word_1_106' title='bbox 1162 2989 1239 3071; x_wconf 92' lang='lat' dir='ltr'>quod</span> <span class='ocrx_word' id='word_1_107' title='bbox 1264 2988 1406 3051; x_wconf 81' lang='lat' dir='ltr'>auxilium</span> 
     </span>
     <span class='ocr_line' id='line_1_15' title="bbox 115 3088 1406 3172; baseline 0.002 -24"><span class='ocrx_word' id='word_1_108' title='bbox 115 3088 318 3150; x_wconf 76' lang='lat' dir='ltr'>laborantibus</span> <span class='ocrx_word' id='word_1_109' title='bbox 341 3091 476 3159; x_wconf 79' lang='lat' dir='ltr'>miiiiiur,</span> <span class='ocrx_word' id='word_1_110' title='bbox 498 3091 679 3169; x_wconf 81' lang='lat' dir='ltr'>praesidium</span> <span class='ocrx_word' id='word_1_111' title='bbox 702 3103 906 3172; x_wconf 84' lang='lat' dir='ltr'>praeparatur,</span> <span class='ocrx_word' id='word_1_112' title='bbox 931 3091 1097 3155; x_wconf 84' lang='lat' dir='ltr'>subsidium</span> <span class='ocrx_word' id='word_1_113' title='bbox 1118 3101 1265 3163; x_wconf 75' lang='lat' dir='ltr'>seruatur,</span> <span class='ocrx_word' id='word_1_114' title='bbox 1283 3099 1323 3164; x_wconf 82' lang='lat' dir='ltr'>ut,</span> <span class='ocrx_word' id='word_1_115' title='bbox 1339 3109 1406 3151; x_wconf 83' lang='lat' dir='ltr'>cuin</span> 
     </span>
     <span class='ocr_line' id='line_1_16' title="bbox 115 3192 567 3268; baseline 0.009 -19"><span class='ocrx_word' id='word_1_116' title='bbox 115 3192 248 3268; x_wconf 76' lang='lat' dir='ltr'>exegerit</span> <span class='ocrx_word' id='word_1_117' title='bbox 269 3195 446 3261; x_wconf 74' lang='lat' dir='ltr'>necessum,</span> <span class='ocrx_word' id='word_1_118' title='bbox 470 3193 567 3254; x_wconf 75' lang='lat' dir='ltr'>detur.</span> 
     </span>
    </p>
   </div>
   <div class='ocr_carea' id='block_1_7' title="bbox 79 3292 1406 3475">
    <p class='ocr_par' dir='ltr' id='par_1_9' title="bbox 79 3292 1406 3475">
     <span class='ocr_line' id='line_1_17' title="bbox 79 3292 1406 3376; baseline 0.004 -29"><span class='ocrx_word' id='word_1_119' title='bbox 79 3310 102 3348; x_wconf 79' lang='lat' dir='ltr'>is</span> <span class='ocrx_word' id='word_1_120' title='bbox 201 3292 281 3353; x_wconf 77' lang='lat' dir='ltr'>inter</span> <span class='ocrx_word' id='word_1_121' title='bbox 303 3296 446 3373; x_wconf 84' lang='lat' dir='ltr'>consequi</span> <span class='ocrx_word' id='word_1_122' title='bbox 468 3301 498 3354; x_wconf 83' lang='lat' dir='ltr'>et</span> <span class='ocrx_word' id='word_1_123' title='bbox 518 3296 635 3374; x_wconf 88' lang='lat' dir='ltr'>insequi</span> <span class='ocrx_word' id='word_1_124' title='bbox 658 3295 713 3354; x_wconf 93' lang='lat' dir='ltr'>boc</span> <span class='ocrx_word' id='word_1_125' title='bbox 737 3297 875 3364; x_wconf 72' lang='lat' dir='ltr'>interest,</span> <span class='ocrx_word' id='word_1_126' title='bbox 899 3295 979 3374; x_wconf 93' lang='lat' dir='ltr'>quod</span> <span class='ocrx_word' id='word_1_127' title='bbox 995 3298 1208 3376; x_wconf 86' lang='lat' dir='ltr'>consequimur</span> <span class='ocrx_word' id='word_1_128' title='bbox 1224 3292 1406 3373; x_wconf 87' lang='lat' dir='ltr'>praeceden-</span> 
     </span>
     <span class='ocr_line' id='line_1_18' title="bbox 117 3396 584 3475; baseline 0.004 -22"><span class='ocrx_word' id='word_1_129' title='bbox 117 3401 191 3463; x_wconf 83' lang='lat' dir='ltr'>iem,</span> <span class='ocrx_word' id='word_1_130' title='bbox 215 3396 399 3475; x_wconf 88' lang='lat' dir='ltr'>insequimur</span> <span class='ocrx_word' id='word_1_131' title='bbox 421 3396 584 3456; x_wconf 91' lang='lat' dir='ltr'>inimicum.</span> 
     </span>
    </p>
   </div>
   <div class='ocr_carea' id='block_1_8' title="bbox 118 3612 1409 3747">
    <p class='ocr_par' dir='ltr' id='par_1_10' title="bbox 118 3612 1409 3747">
     <span class='ocr_line' id='line_1_19' title="bbox 185 3612 1408 3678; baseline -0.001 -14"><span class='ocrx_word' id='word_1_132' title='bbox 185 3615 247 3667; x_wconf 79' lang='lat' dir='ltr'>Cori.</span> <span class='ocrx_word' id='word_1_133' title='bbox 259 3613 339 3663; x_wconf 84' lang='lat' dir='ltr'>Bern.</span> <span class='ocrx_word' id='word_1_134' title='bbox 352 3618 400 3665; x_wconf 86' lang='grc'>178</span> <span class='ocrx_word' id='word_1_135' title='bbox 411 3631 479 3665; x_wconf 80' lang='lat' dir='ltr'>sace.</span> <span class='ocrx_word' id='word_1_136' title='bbox 492 3614 533 3664; x_wconf 84' lang='lat' dir='ltr'>IX</span> <span class='ocrx_word' id='word_1_137' title='bbox 543 3616 565 3677; x_wconf 82' lang='lat' dir='ltr'>s.</span> <span class='ocrx_word' id='word_1_138' title='bbox 577 3616 625 3663; x_wconf 84' lang='lat'>111</span> <span class='ocrx_word' id='word_1_139' title='bbox 631 3616 793 3663; x_wconf 76' lang='lat' dir='ltr'>⁸-1ro¹==</span> <span class='ocrx_word' id='word_1_140' title='bbox 802 3614 842 3669; x_wconf 81' lang='lat' dir='ltr'>A,-</span> <span class='ocrx_word' id='word_1_141' title='bbox 860 3615 918 3663; x_wconf 85' lang='lat' dir='ltr'>eod.</span> <span class='ocrx_word' id='word_1_142' title='bbox 928 3612 1009 3662; x_wconf 86' lang='lat' dir='ltr'>Bern.</span> <span class='ocrx_word' id='word_1_143' title='bbox 1023 3614 1048 3663; x_wconf 80' lang='lat' dir='ltr'><strong>A</strong></span> <span class='ocrx_word' id='word_1_144' title='bbox 1058 3616 1091 3662; x_wconf 90' lang='grc'>92</span> <span class='ocrx_word' id='word_1_145' title='bbox 1100 3614 1194 3678; x_wconf 63' lang='lat' dir='ltr'>froom.</span> <span class='ocrx_word' id='word_1_146' title='bbox 1207 3616 1243 3664; x_wconf 74' lang='grc'><em>34</em></span> <span class='ocrx_word' id='word_1_147' title='bbox 1253 3628 1322 3667; x_wconf 79' lang='lat' dir='ltr'>saer.</span> <span class='ocrx_word' id='word_1_148' title='bbox 1331 3613 1408 3663; x_wconf 80' lang='lat' dir='ltr'>XI-</span> 
     </span>
     <span class='ocr_line' id='line_1_20' title="bbox 118 3680 1409 3747; baseline 0.001 -17"><span class='ocrx_word' id='word_1_149' title='bbox 118 3682 177 3732; x_wconf 89' lang='lat' dir='ltr'>XII</span> <span class='ocrx_word' id='word_1_150' title='bbox 188 3700 214 3746; x_wconf 88' lang='lat' dir='ltr'>p.</span> <span class='ocrx_word' id='word_1_151' title='bbox 226 3686 304 3747; x_wconf 82' lang='lat' dir='ltr'>ieeq.</span> <span class='ocrx_word' id='word_1_152' title='bbox 314 3702 347 3725; x_wconf 95' lang='lat'><strong><em>=</em></strong></span> <span class='ocrx_word' id='word_1_153' title='bbox 358 3683 382 3731; x_wconf 88' lang='lat' dir='ltr'><em>B</em></span> <span class='ocrx_word' id='word_1_154' title='bbox 389 3699 395 3738; x_wconf 88' lang='lat'>;</span> <span class='ocrx_word' id='word_1_155' title='bbox 414 3684 470 3733; x_wconf 82' lang='lat' dir='ltr'>eod.</span> <span class='ocrx_word' id='word_1_156' title='bbox 481 3681 560 3731; x_wconf 83' lang='lat' dir='ltr'>Bern.</span> <span class='ocrx_word' id='word_1_157' title='bbox 569 3684 624 3732; x_wconf 90' lang='grc'>330</span> <span class='ocrx_word' id='word_1_158' title='bbox 632 3696 700 3733; x_wconf 79' lang='lat' dir='ltr'>saec.</span> <span class='ocrx_word' id='word_1_159' title='bbox 711 3680 737 3729; x_wconf 88' lang='grc' dir='ltr'>Χ</span> <span class='ocrx_word' id='word_1_160' title='bbox 743 3682 818 3743; x_wconf 67' lang='lat' dir='ltr'>Md·</span> <span class='ocrx_word' id='word_1_161' title='bbox 829 3684 872 3730; x_wconf 70' lang='lat'>46¹</span> <span class='ocrx_word' id='word_1_162' title='bbox 881 3701 914 3722; x_wconf 91' lang='lat'>=</span> <span class='ocrx_word' id='word_1_163' title='bbox 924 3680 952 3742; x_wconf 80' lang='lat'>0,</span> <span class='ocrx_word' id='word_1_164' title='bbox 964 3696 1014 3745; x_wconf 81' lang='lat' dir='ltr'>quo</span> <span class='ocrx_word' id='word_1_165' title='bbox 1023 3696 1083 3731; x_wconf 79' lang='lat' dir='ltr'>usuc</span> <span class='ocrx_word' id='word_1_166' title='bbox 1091 3689 1148 3731; x_wconf 76' lang='grc' dir='ltr'>εναι</span> <span class='ocrx_word' id='word_1_167' title='bbox 1159 3681 1292 3731; x_wconf 70' lang='lat' dir='ltr'>Perseidos</span> <span class='ocrx_word' id='word_1_168' title='bbox 1300 3697 1327 3746; x_wconf 80' lang='grc' dir='ltr'>ρ.</span> <span class='ocrx_word' id='word_1_169' title='bbox 1338 3683 1409 3731; x_wconf 91' lang='grc'><em>2203</em></span> 
     </span>
    </p>
   </div>
   <div class='ocr_carea' id='block_1_9' title="bbox 120 3747 1410 3845">
    <p class='ocr_par' dir='ltr' id='par_1_11' title="bbox 120 3747 1410 3845">
     <span class='ocr_line' id='line_1_21' title="bbox 120 3747 1410 3845; baseline -0.001 -30"><span class='ocrx_word' id='word_1_170' title='bbox 120 3771 174 3816; x_wconf 85' lang='grc'>-8,</span> <span class='ocrx_word' id='word_1_171' title='bbox 195 3765 648 3816; x_wconf 78' lang='lat' dir='ltr'>Incod.Bern.!78bicesitiiuiur:</span> <span class='ocrx_word' id='word_1_172' title='bbox 666 3754 914 3845; x_wconf 54' lang='lat' dir='ltr'>dimitemus</span> <span class='ocrx_word' id='word_1_173' title='bbox 931 3747 1145 3844; x_wconf 64' lang='lat' dir='ltr'>cqcenorqis.</span> <span class='ocrx_word' id='word_1_174' title='bbox 1174 3765 1410 3823; x_wconf 72' lang='lat' dir='ltr'>Intermetumeic.,</span> 
     </span>
    </p>
   </div>
   <div class='ocr_carea' id='block_1_10' title="bbox 117 3863 1409 3946">
    <p class='ocr_par' dir='ltr' id='par_1_12' title="bbox 117 3863 1409 3946">
     <span class='ocr_line' id='line_1_22' title="bbox 117 3863 1409 3946; baseline -0.002 -32"><span class='ocrx_word' id='word_1_175' title='bbox 117 3869 142 3916; x_wconf 83' lang='lat' dir='ltr'>in</span> <span class='ocrx_word' id='word_1_176' title='bbox 160 3869 217 3917; x_wconf 83' lang='lat' dir='ltr'>rod.</span> <span class='ocrx_word' id='word_1_177' title='bbox 233 3868 255 3915; x_wconf 84' lang='grc' dir='ltr'><em>Α</em></span> <span class='ocrx_word' id='word_1_178' title='bbox 274 3869 323 3915; x_wconf 88' lang='grc'><em>92.·</em></span> <span class='ocrx_word' id='word_1_179' title='bbox 342 3869 467 3946; x_wconf 56' lang='lat' dir='ltr'>inscipit</span> <span class='ocrx_word' id='word_1_180' title='bbox 483 3867 643 3917; x_wconf 81' lang='lat' dir='ltr'>dissonantia</span> <span class='ocrx_word' id='word_1_181' title='bbox 661 3881 816 3922; x_wconf 86' lang='lat' dir='ltr'>sermonum.</span> <span class='ocrx_word' id='word_1_182' title='bbox 852 3868 918 3916; x_wconf 86' lang='lat' dir='ltr'>iuter</span> <span class='ocrx_word' id='word_1_183' title='bbox 935 3867 1058 3917; x_wconf 83' lang='lat' dir='ltr'>auxilium</span> <span class='ocrx_word' id='word_1_184' title='bbox 1077 3874 1136 3929; x_wconf 63' lang='lat' dir='ltr'>etc,</span> <span class='ocrx_word' id='word_1_185' title='bbox 1158 3868 1185 3917; x_wconf 80' lang='lat' dir='ltr'>in</span> <span class='ocrx_word' id='word_1_186' title='bbox 1201 3868 1259 3919; x_wconf 86' lang='lat' dir='ltr'>cod.</span> <span class='ocrx_word' id='word_1_187' title='bbox 1280 3869 1349 3918; x_wconf 83' lang='lat'><strong><em>330:</em></strong></span> <span class='ocrx_word' id='word_1_188' title='bbox 1377 3863 1409 3913; x_wconf 88' lang='grc' dir='ltr'>ΙΝ</span> 
     </span>
    </p>
   </div>
   <div class='ocr_carea' id='block_1_11' title="bbox 116 3947 1413 4897">
    <p class='ocr_par' dir='ltr' id='par_1_13' title="bbox 116 3947 1413 4897">
     <span class='ocr_line' id='line_1_23' title="bbox 119 3947 1409 4001; baseline -0.003 -2"><span class='ocrx_word' id='word_1_189' title='bbox 119 3950 245 3999; x_wconf 64' lang='lat' dir='ltr'>Numinis</span> <span class='ocrx_word' id='word_1_190' title='bbox 272 3949 484 4000; x_wconf 69' lang='lat' dir='ltr'>SALVATORIS</span> <span class='ocrx_word' id='word_1_191' title='bbox 511 3950 629 4001; x_wconf 77' lang='lat' dir='ltr'>lumem</span> <span class='ocrx_word' id='word_1_192' title='bbox 651 3951 694 4000; x_wconf 80' lang='lat' dir='ltr'>bi:</span> <span class='ocrx_word' id='word_1_193' title='bbox 718 3949 941 4000; x_wconf 83' lang='lat' dir='ltr'><strong>DISSONANTIA</strong></span> <span class='ocrx_word' id='word_1_194' title='bbox 964 3949 1160 4001; x_wconf 85' lang='lat' dir='ltr'>SERMONVM.</span> <span class='ocrx_word' id='word_1_195' title='bbox 1197 3950 1263 3999; x_wconf 80' lang='lat' dir='ltr'>inter</span> <span class='ocrx_word' id='word_1_196' title='bbox 1285 3947 1409 3998; x_wconf 83' lang='lat' dir='ltr'>auxilium</span> 
     </span>
     <span class='ocr_line' id='line_1_24' title="bbox 117 4017 1411 4084; baseline -0.002 -17"><span class='ocrx_word' id='word_1_197' title='bbox 117 4025 165 4069; x_wconf 78' lang='lat' dir='ltr'>ete.</span> <span class='ocrx_word' id='word_1_198' title='bbox 238 4021 293 4067; x_wconf 82' lang='lat' dir='ltr'>let</span> <span class='ocrx_word' id='word_1_199' title='bbox 310 4020 426 4067; x_wconf 85' lang='lat' dir='ltr'>timorem</span> <span class='ocrx_word' id='word_1_200' title='bbox 443 4035 490 4069; x_wconf 89' lang='lat' dir='ltr'>om.</span> <span class='ocrx_word' id='word_1_201' title='bbox 511 4022 533 4067; x_wconf 85' lang='lat' dir='ltr'><strong>A</strong></span> <span class='ocrx_word' id='word_1_202' title='bbox 585 4020 654 4082; x_wconf 91' lang='lat' dir='ltr'>qnod</span> <span class='ocrx_word' id='word_1_203' title='bbox 673 4030 754 4069; x_wconf 78' lang='lat' dir='ltr'>metus</span> <span class='ocrx_word' id='word_1_204' title='bbox 773 4018 867 4068; x_wconf 81' lang='lat' dir='ltr'>irusrra</span> <span class='ocrx_word' id='word_1_205' title='bbox 884 4019 1023 4084; x_wconf 76' lang='lat' dir='ltr'>prospicit,</span> <span class='ocrx_word' id='word_1_206' title='bbox 1042 4020 1118 4067; x_wconf 81' lang='lat' dir='ltr'>timor</span> <span class='ocrx_word' id='word_1_207' title='bbox 1135 4018 1221 4066; x_wconf 77' lang='lat' dir='ltr'>subita</span> <span class='ocrx_word' id='word_1_208' title='bbox 1239 4017 1331 4066; x_wconf 76' lang='lat' dir='ltr'>ruentis</span> <span class='ocrx_word' id='word_1_209' title='bbox 1348 4029 1411 4065; x_wconf 88' lang='lat' dir='ltr'>con·</span> 
     </span>
     <span class='ocr_line' id='line_1_25' title="bbox 118 4083 1410 4151; baseline -0.001 -18"><span class='ocrx_word' id='word_1_210' title='bbox 118 4087 238 4135; x_wconf 72' lang='lat' dir='ltr'>stercutio</span> <span class='ocrx_word' id='word_1_211' title='bbox 257 4098 308 4144; x_wconf 86' lang='lat' dir='ltr'>est,</span> <span class='ocrx_word' id='word_1_212' title='bbox 328 4101 409 4151; x_wconf 86' lang='lat' dir='ltr'>pauor</span> <span class='ocrx_word' id='word_1_213' title='bbox 427 4088 505 4135; x_wconf 81' lang='lat' dir='ltr'>airimi</span> <span class='ocrx_word' id='word_1_214' title='bbox 523 4097 621 4144; x_wconf 81' lang='lat' dir='ltr'>motus,</span> <span class='ocrx_word' id='word_1_215' title='bbox 641 4086 708 4137; x_wconf 85' lang='lat' dir='ltr'>unde</span> <span class='ocrx_word' id='word_1_216' title='bbox 725 4098 750 4137; x_wconf 82' lang='lat' dir='ltr'>et</span> <span class='ocrx_word' id='word_1_217' title='bbox 767 4088 817 4135; x_wconf 86' lang='lat' dir='ltr'>iam</span> <span class='ocrx_word' id='word_1_218' title='bbox 828 4086 981 4136; x_wconf 86' lang='lat' dir='ltr'>-dicimus</span> <span class='ocrx_word' id='word_1_219' title='bbox 1000 4086 1137 4150; x_wconf 72' lang='lat' dir='ltr'>dionysius</span> <span class='ocrx_word' id='word_1_220' title='bbox 1150 4085 1323 4147; x_wconf 71' lang='lat' dir='ltr'>Gordosredm</span> <span class='ocrx_word' id='word_1_221' title='bbox 1339 4083 1410 4145; x_wconf 82' lang='lat' dir='ltr'>(uide</span> 
     </span>
     <span class='ocr_line' id='line_1_26' title="bbox 116 4152 1412 4219; baseline -0.003 -17"><span class='ocrx_word' id='word_1_222' title='bbox 116 4154 215 4218; x_wconf 73' lang='lat' dir='ltr'>praes.)</span> <span class='ocrx_word' id='word_1_223' title='bbox 233 4171 294 4219; x_wconf 80' lang='lat' dir='ltr'>app,</span> <span class='ocrx_word' id='word_1_224' title='bbox 312 4172 338 4218; x_wconf 79' lang='lat' dir='ltr'>p.</span> <span class='ocrx_word' id='word_1_225' title='bbox 358 4157 408 4214; x_wconf 89' lang='grc'><em>93;</em></span> <span class='ocrx_word' id='word_1_226' title='bbox 426 4155 461 4216; x_wconf 70' lang='lat' dir='ltr'>efi</span> <span class='ocrx_word' id='word_1_227' title='bbox 479 4155 685 4219; x_wconf 67' lang='lat' dir='ltr'>Reiffnrcbeidii</span> <span class='ocrx_word' id='word_1_228' title='bbox 700 4154 807 4205; x_wconf 76' lang='lat' dir='ltr'>Suetoni</span> <span class='ocrx_word' id='word_1_229' title='bbox 823 4155 879 4205; x_wconf 83' lang='lat' dir='ltr'>reil.</span> <span class='ocrx_word' id='word_1_230' title='bbox 895 4169 923 4218; x_wconf 76' lang='grc' dir='ltr'>ρ.</span> <span class='ocrx_word' id='word_1_231' title='bbox 941 4155 993 4202; x_wconf 89' lang='grc'>279</span> <span class='ocrx_word' id='word_1_232' title='bbox 1069 4152 1174 4214; x_wconf 68' lang='lat' dir='ltr'>Aquod</span> <span class='ocrx_word' id='word_1_233' title='bbox 1191 4154 1278 4202; x_wconf 81' lang='lat' dir='ltr'>orn.A</span> <span class='ocrx_word' id='word_1_234' title='bbox 1347 4163 1412 4200; x_wconf 87' lang='lat' dir='ltr'>eon-</span> 
     </span>
     <span class='ocr_line' id='line_1_27' title="bbox 118 4219 1411 4285; baseline -0.002 -16"><span class='ocrx_word' id='word_1_235' title='bbox 118 4223 197 4269; x_wconf 87' lang='lat' dir='ltr'>iunrio</span> <span class='ocrx_word' id='word_1_236' title='bbox 217 4224 239 4269; x_wconf 98' lang='lat' dir='ltr'><strong>A</strong></span> <span class='ocrx_word' id='word_1_237' title='bbox 325 4224 457 4271; x_wconf 78' lang='lat' dir='ltr'>distrineio</span> <span class='ocrx_word' id='word_1_238' title='bbox 476 4224 497 4269; x_wconf 81' lang='lat' dir='ltr'><strong>A</strong></span> <span class='ocrx_word' id='word_1_239' title='bbox 517 4223 583 4272; x_wconf 79' lang='lat' dir='ltr'>inter</span> <span class='ocrx_word' id='word_1_240' title='bbox 599 4239 649 4285; x_wconf 89' lang='lat' dir='ltr'>que</span> <span class='ocrx_word' id='word_1_241' title='bbox 666 4232 691 4271; x_wconf 83' lang='lat' dir='ltr'>et</span> <span class='ocrx_word' id='word_1_242' title='bbox 708 4238 740 4272; x_wconf 88' lang='lat' dir='ltr'>ue</span> <span class='ocrx_word' id='word_1_243' title='bbox 756 4221 894 4272; x_wconf 84' lang='lat' dir='ltr'>disiunctio</span> <span class='ocrx_word' id='word_1_244' title='bbox 914 4220 1085 4283; x_wconf 77' lang='lat' dir='ltr'>Gotbcsredue</span> <span class='ocrx_word' id='word_1_245' title='bbox 1101 4236 1129 4284; x_wconf 82' lang='lat' dir='ltr'>p.</span> <span class='ocrx_word' id='word_1_246' title='bbox 1147 4222 1183 4270; x_wconf 87' lang='grc'><em>93</em></span> <span class='ocrx_word' id='word_1_247' title='bbox 1282 4219 1299 4268; x_wconf 79' lang='lat'>5</span> <span class='ocrx_word' id='word_1_248' title='bbox 1322 4232 1411 4268; x_wconf 85' lang='lat' dir='ltr'>omnes</span> 
     </span>
     <span class='ocr_line' id='line_1_28' title="bbox 117 4285 1411 4353; baseline -0.002 -17"><span class='ocrx_word' id='word_1_249' title='bbox 117 4304 226 4351; x_wconf 85' lang='lat' dir='ltr'>qnorum</span> <span class='ocrx_word' id='word_1_250' title='bbox 245 4291 339 4338; x_wconf 81' lang='lat' dir='ltr'>mendo</span> <span class='ocrx_word' id='word_1_251' title='bbox 358 4301 409 4352; x_wconf 81' lang='lat' dir='ltr'>esi,</span> <span class='ocrx_word' id='word_1_252' title='bbox 427 4291 520 4345; x_wconf 80' lang='lat' dir='ltr'>cuncti.</span> <span class='ocrx_word' id='word_1_253' title='bbox 539 4291 582 4353; x_wconf 90' lang='lat' dir='ltr'>qui</span> <span class='ocrx_word' id='word_1_254' title='bbox 601 4289 694 4352; x_wconf 90' lang='lat' dir='ltr'>ubique</span> <span class='ocrx_word' id='word_1_255' title='bbox 712 4301 780 4351; x_wconf 81' lang='lat' dir='ltr'>sunt,</span> <span class='ocrx_word' id='word_1_256' title='bbox 800 4289 913 4338; x_wconf 86' lang='lat' dir='ltr'>uniuersi</span> <span class='ocrx_word' id='word_1_257' title='bbox 932 4287 1020 4350; x_wconf 87' lang='lat' dir='ltr'>quiin</span> <span class='ocrx_word' id='word_1_258' title='bbox 1039 4301 1090 4337; x_wconf 89' lang='lat' dir='ltr'>nno</span> <span class='ocrx_word' id='word_1_259' title='bbox 1109 4287 1165 4336; x_wconf 84' lang='lat' dir='ltr'>ioco</span> <span class='ocrx_word' id='word_1_260' title='bbox 1183 4287 1252 4335; x_wconf 81' lang='lat' dir='ltr'>uersi</span> <span class='ocrx_word' id='word_1_261' title='bbox 1272 4285 1411 4346; x_wconf 72' lang='lat' dir='ltr'>Gothosre·</span> 
     </span>
     <span class='ocr_line' id='line_1_29' title="bbox 118 4352 1411 4423; baseline -0.004 -18"><span class='ocrx_word' id='word_1_262' title='bbox 118 4359 165 4405; x_wconf 81' lang='lat' dir='ltr'>dus</span> <span class='ocrx_word' id='word_1_263' title='bbox 182 4374 207 4420; x_wconf 85' lang='lat' dir='ltr'>p.</span> <span class='ocrx_word' id='word_1_264' title='bbox 222 4360 265 4418; x_wconf 89' lang='grc'><em>93,</em></span> <span class='ocrx_word' id='word_1_265' title='bbox 285 4357 449 4423; x_wconf 52' lang='grc'>1111111111.</span> <span class='ocrx_word' id='word_1_266' title='bbox 464 4359 516 4408; x_wconf 88' lang='grc'><em>283</em></span> <span class='ocrx_word' id='word_1_267' title='bbox 584 4359 600 4407; x_wconf 87' lang='grc'><em>9</em></span> <span class='ocrx_word' id='word_1_268' title='bbox 617 4371 684 4420; x_wconf 81' lang='lat' dir='ltr'>aque</span> <span class='ocrx_word' id='word_1_269' title='bbox 702 4359 723 4406; x_wconf 88' lang='lat' dir='ltr'><strong>A</strong></span> <span class='ocrx_word' id='word_1_270' title='bbox 742 4356 810 4407; x_wconf 83' lang='lat' dir='ltr'>unda</span> <span class='ocrx_word' id='word_1_271' title='bbox 828 4356 1021 4420; x_wconf 75' lang='lat' dir='ltr'>copiosaeque</span> <span class='ocrx_word' id='word_1_272' title='bbox 1037 4365 1089 4415; x_wconf 84' lang='lat' dir='ltr'>est,</span> <span class='ocrx_word' id='word_1_273' title='bbox 1108 4355 1269 4418; x_wconf 80' lang='lat' dir='ltr'>squaedam</span> <span class='ocrx_word' id='word_1_274' title='bbox 1288 4352 1411 4402; x_wconf 76' lang='lat' dir='ltr'>naturalis</span> 
     </span>
     <span class='ocr_line' id='line_1_30' title="bbox 120 4421 1413 4489; baseline -0.004 -16"><span class='ocrx_word' id='word_1_275' title='bbox 120 4424 291 4486; x_wconf 78' lang='lat' dir='ltr'>Gordosredus</span> <span class='ocrx_word' id='word_1_276' title='bbox 306 4442 334 4489; x_wconf 82' lang='lat' dir='ltr'>p.</span> <span class='ocrx_word' id='word_1_277' title='bbox 354 4428 389 4475; x_wconf 90' lang='grc'><em>93</em></span> <span class='ocrx_word' id='word_1_278' title='bbox 476 4427 507 4475; x_wconf 91' lang='grc'>10</span> <span class='ocrx_word' id='word_1_279' title='bbox 525 4424 599 4474; x_wconf 83' lang='lat' dir='ltr'>sileat</span> <span class='ocrx_word' id='word_1_280' title='bbox 617 4427 639 4473; x_wconf 91' lang='lat' dir='ltr'><strong>A</strong></span> <span class='ocrx_word' id='word_1_281' title='bbox 661 4426 707 4488; x_wconf 92' lang='lat' dir='ltr'>qni</span> <span class='ocrx_word' id='word_1_282' title='bbox 728 4425 823 4475; x_wconf 85' lang='lat' dir='ltr'>desinit</span> <span class='ocrx_word' id='word_1_283' title='bbox 845 4423 915 4484; x_wconf 88' lang='lat' dir='ltr'>ioqni</span> <span class='ocrx_word' id='word_1_284' title='bbox 933 4423 991 4471; x_wconf 83' lang='lat' dir='ltr'>silet</span> <span class='ocrx_word' id='word_1_285' title='bbox 1008 4431 1033 4471; x_wconf 78' lang='lat' dir='ltr'>ei</span> <span class='ocrx_word' id='word_1_286' title='bbox 1050 4423 1094 4484; x_wconf 91' lang='lat' dir='ltr'>qui</span> <span class='ocrx_word' id='word_1_287' title='bbox 1113 4423 1225 4471; x_wconf 89' lang='lat' dir='ltr'>nondum</span> <span class='ocrx_word' id='word_1_288' title='bbox 1244 4421 1329 4485; x_wconf 77' lang='lat' dir='ltr'>coepit</span> <span class='ocrx_word' id='word_1_289' title='bbox 1346 4429 1413 4468; x_wconf 76' lang='lat' dir='ltr'>taces</span> 
     </span>
     <span class='ocr_line' id='line_1_31' title="bbox 120 4486 1412 4557; baseline -0.003 -17"><span class='ocrx_word' id='word_1_290' title='bbox 120 4491 303 4554; x_wconf 54' lang='lat' dir='ltr'>coenosoque,</span> <span class='ocrx_word' id='word_1_291' title='bbox 323 4493 357 4554; x_wconf 77' lang='lat' dir='ltr'>ef.</span> <span class='ocrx_word' id='word_1_292' title='bbox 378 4492 454 4557; x_wconf 69' lang='lat' dir='ltr'>Iicr&#39;ff.</span> <span class='ocrx_word' id='word_1_293' title='bbox 472 4508 499 4556; x_wconf 86' lang='grc' dir='ltr'>ρ.</span> <span class='ocrx_word' id='word_1_294' title='bbox 520 4495 569 4542; x_wconf 90' lang='grc'>289</span> <span class='ocrx_word' id='word_1_295' title='bbox 672 4494 703 4542; x_wconf 83' lang='grc'>12</span> <span class='ocrx_word' id='word_1_296' title='bbox 721 4493 788 4541; x_wconf 85' lang='lat' dir='ltr'>inter</span> <span class='ocrx_word' id='word_1_297' title='bbox 804 4486 942 4554; x_wconf 81' lang='lat' dir='ltr'>crixiiium]</span> <span class='ocrx_word' id='word_1_298' title='bbox 966 4491 1036 4540; x_wconf 82' lang='lat' dir='ltr'>Hinc</span> <span class='ocrx_word' id='word_1_299' title='bbox 1052 4491 1141 4555; x_wconf 72' lang='lat' dir='ltr'>inupu</span> <span class='ocrx_word' id='word_1_300' title='bbox 1157 4491 1215 4542; x_wconf 84' lang='lat' dir='ltr'>cod.</span> <span class='ocrx_word' id='word_1_301' title='bbox 1234 4488 1315 4539; x_wconf 85' lang='lat' dir='ltr'>Bern.</span> <span class='ocrx_word' id='word_1_302' title='bbox 1335 4486 1359 4536; x_wconf 81' lang='lat' dir='ltr'><strong>A</strong></span> <span class='ocrx_word' id='word_1_303' title='bbox 1377 4489 1412 4536; x_wconf 90' lang='grc'>92</span> 
     </span>
     <span class='ocr_line' id='line_1_32' title="bbox 116 4555 1412 4623; baseline -0.004 -16"><span class='ocrx_word' id='word_1_304' title='bbox 116 4560 210 4623; x_wconf 74' lang='lat' dir='ltr'>[coqui.</span> <span class='ocrx_word' id='word_1_305' title='bbox 226 4562 260 4608; x_wconf 77' lang='grc'><em>31</em></span> <span class='ocrx_word' id='word_1_306' title='bbox 278 4579 312 4602; x_wconf 96' lang='lat'>=</span> <span class='ocrx_word' id='word_1_307' title='bbox 330 4559 355 4608; x_wconf 92' lang='lat' dir='ltr'><em>B</em></span> <span class='ocrx_word' id='word_1_308' title='bbox 373 4566 397 4608; x_wconf 80' lang='lat' dir='ltr'>et</span> <span class='ocrx_word' id='word_1_309' title='bbox 415 4561 472 4609; x_wconf 83' lang='lat' dir='ltr'>rod.</span> <span class='ocrx_word' id='word_1_310' title='bbox 491 4558 572 4612; x_wconf 84' lang='lat' dir='ltr'>Bern.</span> <span class='ocrx_word' id='word_1_311' title='bbox 588 4561 642 4609; x_wconf 87' lang='grc'>330</span> <span class='ocrx_word' id='word_1_312' title='bbox 659 4559 732 4609; x_wconf 85' lang='lat' dir='ltr'>=G</span> <span class='ocrx_word' id='word_1_313' title='bbox 764 4556 942 4608; x_wconf 77' lang='lat' dir='ltr'>srrb⁸¹diumB</span> <span class='ocrx_word' id='word_1_314' title='bbox 993 4558 1063 4620; x_wconf 90' lang='lat' dir='ltr'>quod</span> <span class='ocrx_word' id='word_1_315' title='bbox 1080 4573 1127 4612; x_wconf 81' lang='lat' dir='ltr'>om.</span> <span class='ocrx_word' id='word_1_316' title='bbox 1147 4557 1167 4606; x_wconf 84' lang='grc' dir='ltr'><strong>Β</strong></span> <span class='ocrx_word' id='word_1_317' title='bbox 1235 4559 1267 4607; x_wconf 85' lang='grc'><em>13</em></span> <span class='ocrx_word' id='word_1_318' title='bbox 1287 4555 1412 4604; x_wconf 77' lang='lat' dir='ltr'>laboranti</span> 
     </span>
     <span class='ocr_line' id='line_1_33' title="bbox 120 4622 1410 4692; baseline -0.004 -17"><span class='ocrx_word' id='word_1_319' title='bbox 120 4628 138 4675; x_wconf 86' lang='lat' dir='ltr'>B</span> <span class='ocrx_word' id='word_1_320' title='bbox 174 4638 201 4674; x_wconf 78' lang='lat' dir='ltr'>nt</span> <span class='ocrx_word' id='word_1_321' title='bbox 218 4637 257 4674; x_wconf 83' lang='lat' dir='ltr'>est</span> <span class='ocrx_word' id='word_1_322' title='bbox 274 4642 331 4674; x_wconf 90' lang='lat' dir='ltr'>cnm</span> <span class='ocrx_word' id='word_1_323' title='bbox 350 4628 458 4689; x_wconf 78' lang='lat' dir='ltr'>exigerit</span> <span class='ocrx_word' id='word_1_324' title='bbox 476 4626 617 4692; x_wconf 72' lang='lat' dir='ltr'>Anterum</span> <span class='ocrx_word' id='word_1_325' title='bbox 636 4623 1007 4688; x_wconf 72' lang='lat' dir='ltr'>exhibueritB(exibueriic).</span> <span class='ocrx_word' id='word_1_326' title='bbox 1036 4623 1311 4690; x_wconf 76' lang='lat' dir='ltr'>Eademquaerupra</span> <span class='ocrx_word' id='word_1_327' title='bbox 1327 4622 1410 4687; x_wconf 81' lang='lat' dir='ltr'>posui,</span> 
     </span>
     <span class='ocr_line' id='line_1_34' title="bbox 119 4689 1411 4758; baseline -0.005 -15"><span class='ocrx_word' id='word_1_328' title='bbox 119 4702 210 4744; x_wconf 74' lang='lat' dir='ltr'>extant</span> <span class='ocrx_word' id='word_1_329' title='bbox 227 4696 298 4758; x_wconf 73' lang='lat' dir='ltr'>apsari</span> <span class='ocrx_word' id='word_1_330' title='bbox 317 4694 498 4756; x_wconf 76' lang='lat' dir='ltr'>Goibosredmn</span> <span class='ocrx_word' id='word_1_331' title='bbox 515 4711 541 4758; x_wconf 80' lang='lat' dir='ltr'>p.</span> <span class='ocrx_word' id='word_1_332' title='bbox 562 4697 597 4743; x_wconf 87' lang='grc'><em>93</em></span> <span class='ocrx_word' id='word_1_333' title='bbox 666 4696 698 4744; x_wconf 83' lang='grc'>16</span> <span class='ocrx_word' id='word_1_334' title='bbox 715 4695 838 4756; x_wconf 87' lang='lat' dir='ltr'>consequi</span> <span class='ocrx_word' id='word_1_335' title='bbox 857 4694 881 4742; x_wconf 80' lang='lat' dir='ltr'>et</span> <span class='ocrx_word' id='word_1_336' title='bbox 899 4693 972 4755; x_wconf 88' lang='lat' dir='ltr'>sequi</span> <span class='ocrx_word' id='word_1_337' title='bbox 992 4693 1013 4739; x_wconf 85' lang='lat' dir='ltr'><strong>A</strong></span> <span class='ocrx_word' id='word_1_338' title='bbox 1030 4693 1105 4755; x_wconf 87' lang='lat' dir='ltr'>sequi</span> <span class='ocrx_word' id='word_1_339' title='bbox 1123 4704 1148 4741; x_wconf 84' lang='lat' dir='ltr'>et</span> <span class='ocrx_word' id='word_1_340' title='bbox 1164 4692 1265 4753; x_wconf 84' lang='lat' dir='ltr'>insequi</span> <span class='ocrx_word' id='word_1_341' title='bbox 1284 4689 1303 4739; x_wconf 89' lang='lat' dir='ltr'>B</span> <span class='ocrx_word' id='word_1_342' title='bbox 1354 4703 1411 4737; x_wconf 84' lang='lat' dir='ltr'>curn</span> 
     </span>
     <span class='ocr_line' id='line_1_35' title="bbox 119 4757 1410 4825; baseline -0.005 -14"><span class='ocrx_word' id='word_1_343' title='bbox 119 4763 249 4824; x_wconf 82' lang='lat' dir='ltr'>sequimur</span> <span class='ocrx_word' id='word_1_344' title='bbox 267 4764 289 4810; x_wconf 88' lang='lat' dir='ltr'><strong>A</strong></span> <span class='ocrx_word' id='word_1_345' title='bbox 309 4764 439 4822; x_wconf 86' lang='lat' dir='ltr'>sequimur</span> <span class='ocrx_word' id='word_1_346' title='bbox 459 4763 486 4816; x_wconf 84' lang='lat' dir='ltr'>B.</span> <span class='ocrx_word' id='word_1_347' title='bbox 524 4765 588 4810; x_wconf 81' lang='lat' dir='ltr'>inter</span> <span class='ocrx_word' id='word_1_348' title='bbox 606 4763 678 4822; x_wconf 88' lang='lat' dir='ltr'>sequi</span> <span class='ocrx_word' id='word_1_349' title='bbox 696 4771 723 4811; x_wconf 79' lang='lat' dir='ltr'>et</span> <span class='ocrx_word' id='word_1_350' title='bbox 740 4761 861 4822; x_wconf 76' lang='lat' dir='ltr'>consequi</span> <span class='ocrx_word' id='word_1_351' title='bbox 885 4761 933 4810; x_wconf 84' lang='lat' dir='ltr'>irae</span> <span class='ocrx_word' id='word_1_352' title='bbox 955 4762 1071 4825; x_wconf 73' lang='lat' dir='ltr'>interest,</span> <span class='ocrx_word' id='word_1_353' title='bbox 1095 4760 1164 4822; x_wconf 90' lang='lat' dir='ltr'>quod</span> <span class='ocrx_word' id='word_1_354' title='bbox 1181 4757 1362 4821; x_wconf 87' lang='lat' dir='ltr'>consequimur</span> <span class='ocrx_word' id='word_1_355' title='bbox 1379 4782 1410 4796; x_wconf 82' lang='lat'><em>-</em></span> 
     </span>
     <span class='ocr_line' id='line_1_36' title="bbox 120 4830 813 4897; baseline -0.003 -17"><span class='ocrx_word' id='word_1_356' title='bbox 120 4832 247 4880; x_wconf 86' lang='lat' dir='ltr'>inimicum</span> <span class='ocrx_word' id='word_1_357' title='bbox 269 4830 441 4895; x_wconf 71' lang='lat' dir='ltr'>Goibofrcdus</span> <span class='ocrx_word' id='word_1_358' title='bbox 456 4848 483 4897; x_wconf 82' lang='lat' dir='ltr'>p.</span> <span class='ocrx_word' id='word_1_359' title='bbox 503 4833 550 4890; x_wconf 79' lang='lat'>93,</span> <span class='ocrx_word' id='word_1_360' title='bbox 570 4830 604 4894; x_wconf 77' lang='lat' dir='ltr'>rs.</span> <span class='ocrx_word' id='word_1_361' title='bbox 624 4830 699 4895; x_wconf 76' lang='lat' dir='ltr'>Reiff.</span> <span class='ocrx_word' id='word_1_362' title='bbox 715 4846 743 4894; x_wconf 79' lang='lat' dir='ltr'>p.</span> <span class='ocrx_word' id='word_1_363' title='bbox 762 4831 813 4879; x_wconf 88' lang='grc'>289</span> 
     </span>
    </p>
   </div>
   <div class='ocr_carea' id='block_1_12' title="bbox 1158 4909 1368 4995">
    <p class='ocr_par' dir='ltr' id='par_1_14' title="bbox 1158 4909 1368 4995">
     <span class='ocr_line' id='line_1_37' title="bbox 1158 4909 1368 4995; baseline 0 -33"><span class='ocrx_word' id='word_1_364' title='bbox 1158 4909 1208 4962; x_wconf 77' lang='lat'>18·</span> <span class='ocrx_word' id='word_1_365' title='bbox 1351 4954 1368 4995; x_wconf 37' lang='grc' dir='ltr'>ἱ</span> 
     </span>
    </p>
   </div>
   <div class='ocr_carea' id='block_1_13' title="bbox 0 0 1708 5476">
    <p class='ocr_par' dir='ltr' id='par_1_15' title="bbox 0 0 1708 5476">
     <span class='ocr_line' id='line_1_38' title="bbox 0 0 1708 5476; baseline 0 0"><span class='ocrx_word' id='word_1_366' title='bbox 0 0 1708 5476; x_wconf 95' lang='lat' dir='ltr'> </span> 
     </span>
    </p>
   </div>
  </div>
 </body>
</html>
