3382 5476
176 361 242 424 200
618 358 785 411 vnaeitn
803 358 1035 411 entnnn'rtci

176 551 320 609 incertum
344 547 480 610 liabetur.
526 548 733 628 ‘Nequiquam'
758 555 855 607 autent
879 554 908 606 et
931 548 1093 623 ‘nequiter'
1110 566 1145 607 ea
1161 548 1316 626 ‘nequam’
1340 548 1477 615 ueniunt.

176 651 253 710 sicut
274 648 374 710 multis
396 649 569 710 Latinorum
592 648 721 710 uidetur.

254 749 266 832 ΙΙ
283 752 302 810 l.
318 748 382 811 27¹·
403 749 415 832 ΙΙ
439 750 633 835 Virgilius:
662 754 804 811 terreas
832 766 915 809 naeus
944 748 1061 829 triplam
1092 748 1206 811 atlserit
1233 768 1300 811 esse
1328 752 1478 831 participii

178 855 332 914 uirtutem:
357 854 468 931 prima,
493 851 570 931 quod
595 850 719 911 tterbunt
744 858 773 911 et
795 869 903 911 irortren
927 850 999 911 duas
1020 848 1201 931 principales
1223 859 1325 931 partes
1346 850 1478 923 obtinet;

176 955 322 1023 secunda,
353 953 479 1030 quodsi
502 974 517 1015 a
542 952 634 1014 tterbo
658 954 755 1013 actiuo
778 952 883 1021 luerit,
913 950 1016 1012 eodem
1046 952 1135 1014 niodo
1157 955 1232 1031 agiu
1261 953 1365 1023 tertia,
1394 954 1504 1029 quoda

177 1059 201 1116 si
225 1058 254 1115 in
278 1057 336 1116 stare
360 1056 518 1115 testimonii
542 1057 668 1134 pesitum
694 1055 796 1122 luerit,
821 1071 875 1132 pro
898 1052 992 1115 uerbo
1014 1055 1185 1134 accipiatur.

254 1171 268 1255 ΙΙ
284 1174 302 1232 l.
318 1170 376 1235 28·
392 1170 406 1255 ΙΙ
422 1174 617 1250 Virgilius:
642 1172 694 1232 Est
716 1173 850 1248 quaestio
873 1170 1066 1249 perdifficilia.
1104 1171 1264 1244 Quaeritur
1278 1174 1398 1250 itaque,
1420 1192 1478 1255 qua

177 1277 292 1335 ratione
322 1274 446 1335 uerbum
476 1273 643 1354 deponens,
673 1291 708 1333 ex
737 1289 795 1350 qno
822 1274 878 1332 tria
908 1274 1063 1353 partieipia
1086 1280 1155 1335 strnl
1172 1318 1303 1343 ......
1334 1281 1368 1333 ut
1393 1274 1479 1335 orior

176 1378 276 1435 «triens
304 1378 435 1436 oriturus
462 1384 545 1436 ortus
573 1374 733 1447 oriundus,
764 1392 830 1435 eum
853 1392 912 1434 non
935 1375 973 1434 sit
995 1376 1159 1454 passiunm,
1184 1392 1220 1434 ex
1248 1391 1306 1455 quo
1328 1372 1478 1445 trabatur,

176 1497 265 1557 snper
287 1496 346 1555 qno
368 1482 527 1539 beraeam
551 1487 581 1537 et
603 1476 834 1554 Galbungum
858 1477 1061 1554 interrogans,
1086 1477 1125 1536 ita
1141 1476 1377 1557 responderunt:
1402 1476 1478 1537 baec
1492 1494 1517 1533 ro

178 1579 237 1638 duo
261 1581 416 1658 participia
440 1581 548 1639 ‘ortus’
571 1577 741 1638 ‘oriundus’
765 1579 855 1638 utrius
878 1579 1021 1657 temporis
1043 1595 1118 1638 csse.

256 1678 267 1761 Η
285 1681 303 1740 l.
319 1678 380 1741 28h
403 1678 414 1760 ΙΙ
442 1679 639 1757 Virgilius:
678 1678 740 1740 atta
769 1680 916 1757 quaestio,
951 1698 1042 1758 quare
1071 1678 1161 1739 scribi
1191 1680 1359 1741 inuenimns
1385 1698 1480 1760 saepe

179 1781 340 1843 ‘standum’
365 1780 555 1841 ‘sedendum'
578 1780 771 1841 ‘addendum’
795 1780 1012 1860 ‘loquendum’,
1036 1797 1104 1840 curn
1121 1780 1281 1842 anentrali
1304 1779 1401 1841 uerbo
1417 1800 1478 1842 nou

180 1883 233 1942 nisi
258 1882 317 1942 tltto
341 1884 495 1961 participia
519 1891 548 1942 et
570 1901 585 1941 a
609 1882 770 1961 deponenti
797 1884 855 1942 tria
883 1890 996 1942 tantum
1024 1883 1178 1960 participia
1209 1883 1313 1943 rienire
1335 1898 1479 1943 consues-

179 1993 259 2044 cunt.
306 1982 363 2042 Sed
393 1984 449 2042 lroc
477 1982 514 2042 ad
543 1982 742 2063 inpersonalia
769 1983 861 2044 uerba
890 1982 1096 2053 referendum,
1125 2001 1251 2063 quorum
1280 1982 1370 2055 baec,
1400 2002 1520 2063 quaeis

180 2087 389 2167 praediximus,
412 2091 482 2145 sunt
502 2086 785 2165 inpraesentiarum:
810 2085 1100 2163 ‘inpraesentiarum'
1115 2084 1290 2146 adnerbium
1312 2083 1481 2164 temporale

181 2196 239 2256 est,
265 2195 296 2246 ut
319 2189 534 2266 praesentim&

258 2286 269 2369 l]
286 2290 304 2348 l.
322 2285 384 2349 29l
401 2285 411 2368 ΙΙ
439 2288 637 2366 Virgilius:
661 2288 740 2349 Inter
763 2288 908 2349 ‘nerum'
931 2295 961 2349 et
983 2292 1091 2347 ‘uero’
1115 2285 1191 2348 duae
1213 2293 1282 2349 sunt
1303 2286 1482 2352 distantiae:

181 2408 248 2459 tina,
272 2392 340 2470 qnia
364 2393 495 2450 ‘uerum’
519 2391 712 2469 praepositini
735 2389 850 2451 ordinis
873 2398 930 2456 cst,
955 2390 1053 2449 ‘uero'
1069 2388 1297 2457 subinnclatini;
1319 2388 1385 2459 alia,
1410 2392 1481 2471 quia

181 2493 311 2551 ‘nerum’
336 2491 494 2552 causaliter
517 2510 571 2572 pro
594 2493 716 2552 ‘tamen’
738 2490 872 2558 liabetur,
889 2491 989 2550 ‘nero’
1005 2489 1044 2550 ob
1060 2489 1257 2570 expletionem
1279 2495 1394 2552 tantum
1409 2509 1482 2553 suae
1495 2510 1523 2551 aa

181 2594 316 2655 stationis
338 2594 491 2672 accipitur.

267 2695 346 2755 ibid.
378 2695 575 2773 Virgilius:
600 2693 773 2773 Quanquam
796 2697 827 2753 in
852 2695 984 2771 quinque
1000 2695 1116 2775 species
1131 2694 1302 2755 coniunctio
1323 2693 1419 2756 diuisa
1434 2697 1484 2765 sit.

182 2807 279 2856 tainen
303 2797 333 2856 in
356 2814 420 2856 sese
443 2797 675 2864 conmiscnntnr,
701 2804 732 2854 ut
756 2811 949 2872 unaquaeque
971 2795 1094 2857 alterins
1116 2795 1230 2856 ratione
1245 2812 1301 2874 pro
1315 2788 1482 2858 dictionum

182 2896 321 2977 qualitate
344 2904 458 2966 ntatnr;
483 2898 654 2976 frequenter
678 2896 755 2956 enim
779 2895 912 2957 causales
935 2916 989 2977 pro
1010 2895 1236 2959 rationabilibus
1251 2906 1280 2958 et
1294 2896 1483 2975 copulatiuae

252 3200 452 3262 ineqnicqnmn
473 3200 558 3249 tllm'ur
610 3200 725 3262 nequiter
743 3201 765 3248 si
784 3199 903 3248 arrrboex
917 3215 1025 3261 nequam
1039 3200 1126 3250 tuetur
1194 3197 1347 3266 irridetur]
1361 3200 1485 3268 Sequitur

182 3271 254 3334 opud
265 3268 361 3319 ritatem
379 3270 454 3317 etium
471 3269 593 3332 apodruis
610 3270 760 3318 sententiae.
830 3270 846 3318 3
860 3266 997 3332 Virgilius]
1016 3285 1042 3332 p.
1056 3272 1089 3317 rt
1101 3269 1169 3317 illei:
1190 3269 1276 3329 ltaque
1288 3269 1390 3319 Aeneas
1408 3284 1484 3320 meus

183 3338 282 3403 triplam
308 3338 500 3402 participiorum
524 3336 666 3385 adsentitur
690 3337 820 3385 uirtutem:
851 3337 921 3397 qnod
945 3337 970 3384 in
994 3335 1057 3384 libro
1081 3336 1113 3384 de
1136 3338 1249 3385 oninium
1272 3336 1365 3386 artium
1389 3338 1483 3388 uirtute

183 3407 278 3471 scripto
298 3416 374 3468 atque
393 3405 528 3454 ordinatim
547 3405 648 3469 digesto
667 3405 709 3453 tali
729 3403 808 3453 edidit
825 3404 911 3453 niodo.
947 3404 1044 3461 Prima,
1064 3405 1158 3465 inquit,
1180 3404 1259 3453 uirtus
1279 3404 1483 3470 participiorum,

183 3474 251 3536 «prod
272 3489 364 3522 rromen
383 3488 407 3522 et.
426 3473 529 3522 rrerbnm
599 3475 616 3521 4
635 3473 757 3522 orationis
770 3482 855 3537 partes
869 3471 955 3521 Maius
1024 3471 1123 3522 bsieut
1142 3471 1247 3521 uerbum
1266 3470 1341 3522 inerit
1358 3473 1483 3533 actiuum,

184 3542 272 3591 eodem
292 3542 368 3590 modo
388 3552 412 3590 et
430 3543 514 3606 ipsum
533 3541 601 3606 agit,
620 3542 691 3589 tertia
711 3540 780 3603 quod
798 3541 919 3591 siMat‘ua
972 3540 1043 3588 tertia
1061 3541 1083 3588 si
1152 3540 1383 3589 caeremoniarum
1396 3541 1485 3592 usaue

184 3613 199 3659 V
218 3606 354 3674 Virgilius]
374 3625 401 3673 p.
420 3611 453 3657 81
471 3609 539 3660 Mai:
571 3607 664 3658 Sedet
687 3609 814 3669 quaestio,
841 3622 907 3669 qnae
930 3606 1088 3672 perdifficilis
1111 3619 1149 3656 est
1171 3606 1390 3666 resoluendum,
1412 3610 1486 3676 cogit

184 3692 326 3726 scursonem
347 3677 423 3741 patilo
443 3676 544 3741 longius
564 3676 692 3740 progredi.
714 3675 811 3725 Etenim
830 3690 886 3724 crim
905 3690 920 3724 a
938 3675 1076 3739 deponenti
1095 3675 1172 3725 uerbo
1186 3676 1232 3724 tria
1246 3675 1381 3740 participia
1394 3678 1486 3728 uenire

184 3758 235 3793 non
254 3744 390 3802 dubitetur,
408 3756 447 3793 est
464 3745 569 3793 uerbum
588 3745 727 3808 deponens,
747 3758 779 3792 ex
792 3757 843 3805 qno
856 3754 976 3806 quattuor
994 3743 1128 3808 partieipia
1140 3743 1205 3792 trahi
1218 3743 1345 3802 uidentur,
1359 3753 1388 3793 ut
1399 3746 1484 3805 orior;

184 3828 216 3860 ex
235 3826 286 3873 qno
305 3823 344 3860 est
363 3811 446 3860 oriens
466 3813 578 3860 oriturus
602 3825 672 3860 ortus
696 3812 829 3861 oriundus.
865 3810 1000 3869 Otraeritur
1022 3812 1108 3873 itaque
1130 3811 1239 3872 qualiter
1260 3810 1308 3860 ltac
1329 3813 1431 3862 ratione
1448 3814 1485 3863 uti

184 3880 331 3937 debeamus,
351 3894 406 3927 curn
428 3879 530 3928 uerbum
549 3880 682 3944 passimam
703 3895 754 3927 non
772 3881 819 3941 sit,
839 3894 871 3927 ex
889 3894 940 3940 quo
960 3877 1074 3927 traltatnr
1086 3914 1174 3931 .....
1193 3878 1245 3928 Sed
1262 3893 1340 3944 anper
1358 3878 1407 3929 hoc
1425 3880 1485 3931 Gal-

186 3950 300 4012 bnngnm
318 3948 476 4012 interrogaui
494 3947 619 4009 simulque
638 3949 749 3996 beraeam
768 3946 801 3996 ab
819 3948 908 4011 eisque
926 3946 1127 4004 imitaremini,
1155 3947 1216 4008 qnia
1240 3946 1288 3995 hoc
1311 3947 1485 4013 participium,

185 4018 251 4065 sient
269 4027 293 4064 et
311 4028 381 4064 ortus
400 4017 529 4080 praeteriti
549 4016 670 4079 temporis
689 4016 736 4070 sit,
759 4015 826 4063 unde
844 4026 868 4063 et
886 4016 910 4062 in
929 4015 1139 4064 annrtrneretione
1156 4015 1351 4079 participiorum
1369 4015 1485 4082 interpo-

185 4085 234 4134 sita
253 4084 431 4135 coniunctione
459 4083 607 4134 distinetina
625 4084 663 4132 sie
680 4083 803 4141 dicimus,
831 4084 915 4132 oriens
939 4084 1050 4132 oriturus
1074 4092 1144 4132 ortus
1167 4093 1193 4131 et
1211 4081 1348 4131 oriundus:
1375 4097 1409 4132 ex
1432 4099 1484 4146 qno

184 4152 351 4213 ostendimus,
372 4151 432 4200 baec
451 4153 502 4201 duo
522 4152 657 4217 participia
676 4152 751 4200 tinius
770 4166 828 4200 esse
845 4152 981 4215 temporis:
1000 4160 1025 4199 et
1042 4150 1100 4200 ideo
1114 4160 1180 4199 recte
1191 4151 1328 4200 scribimus
1346 4151 1485 4202 ‘oriundus

185 4224 258 4270 erut’.
329 4221 476 4285 perditicilis
546 4216 657 4336 derint]
673 4220 801 4268 Lucanum
818 4235 854 4269 ecc
872 4218 944 4269 Maio
962 4220 1040 4281 facile
1058 4222 1175 4283 expleas.
1254 4219 1285 4267 tt
1305 4231 1383 4268 umus
1455 4222 1486 4269 12

187 4285 324 4353 Virgilius]
343 4304 370 4352 p.
386 4291 420 4339 82
440 4289 509 4337 Mei:
534 4288 590 4336 alia
608 4304 640 4336 no
660 4288 681 4336 is
700 4288 816 4348 quaestio
834 4286 949 4336 imminet
966 4285 1101 4336 solutionis
1120 4285 1184 4336 satis
1203 4286 1292 4351 indiga
1308 4301 1389 4347 quare
1406 4301 1486 4353 saepe

185 4356 330 4404 innenimns
348 4356 424 4405 scribi
443 4357 562 4405 standum
632 4358 732 4416 questio
784 4370 846 4420 sepe
916 4355 1109 4405 tantimodum
1129 4353 1216 4404 Maius
1271 4368 1328 4403 cum
1347 4366 1362 4401 a
1382 4364 1487 4405 rreum·

185 4425 246 4472 linnt
265 4423 357 4471 bonisi
373 4419 516 4488 duoflenm
535 4422 641 4472 neutrali
661 4423 738 4472 uerbo
759 4438 808 4471 nori
828 4423 877 4471 nisi
895 4422 1043 4473 dquaius
1113 4423 1144 4471 tt
1181 4421 1297 4486 artieipia
1316 4422 1406 4472 uenire
1423 4437 1488 4473 cou-

185 4501 306 4540 sneseaut
323 4501 349 4539 et
365 4505 380 4538 a
398 4490 536 4555 deponenti
554 4491 602 4539 tria
618 4501 716 4540 tantum
734 4491 866 4540 tralramnr
884 4490 970 4540 Maius
1038 4437 1227 4553 consuesibnnt
1325 4491 1358 4541 15
1375 4504 1487 4554 quorum

186 4558 319 4624 participia
337 4568 398 4607 sunt
416 4557 477 4606 baec
494 4573 559 4620 qnae
577 4558 751 4622 praediximus
771 4559 857 4609 alatus
873 4559 966 4609 ceteris
984 4561 1090 4610 ombria.
1172 4560 1203 4610 16
1220 4557 1460 4624 inpresenitiarum‚
1478 4560 1486 4608 i

186 4633 247 4675 unte
264 4638 274 4674 t
291 4642 360 4676 erus.
431 4628 463 4674 17
481 4636 508 4675 ut
526 4626 670 4690 praesertim
744 4628 773 4676 18
790 4623 926 4692 Virgilius]
946 4626 1106 4692 pliSMar'
1156 4625 1206 4675 dare
1257 4622 1405 4693 distantiae]
1424 4628 1487 4677 sub·

187 4694 297 4742 stantius
315 4696 371 4744 cod.
389 4693 464 4757 Maii,
484 4695 549 4743 uude
568 4694 724 4744 differentiae
741 4696 851 4746 coniecit
868 4695 953 4745 llat'toe
1023 4696 1054 4746 ta
1073 4693 1226 4744 subiunctiul
1243 4693 1331 4744 Maiam
1387 4696 1422 4746 20
1438 4710 1486 4761 pro

188 4776 271 4810 ratrren
291 4777 341 4811 non
359 4758 489 4829 habetur]
502 4775 551 4811 non
570 4778 617 4811 om.
637 4763 723 4814 Maius
782 4777 843 4812 uero
862 4762 1014 4829 expletionis
1033 4777 1096 4812 snae
1113 4772 1210 4812 tantnm
1229 4761 1345 4812 stationis
1363 4763 1489 4828 accipitur

188 4829 274 4880 liuius
326 4832 358 4879 ‘22
378 4826 514 4898 Virgilius]
531 4846 560 4894 p.
574 4831 624 4881 tta
637 4830 694 4880 Mal
761 4831 795 4881 23
813 4844 967 4893 unaquaque
