3382 5476
733 1160 848 1241 XI.

414 1373 489 1456 DE
511 1372 739 1458 ISIDORO
760 1373 1155 1457 GRAMMATICO.

224 1820 417 1879 Isidorum
440 1820 702 1894 Hispalensen
725 1817 908 1894 ‘Oripimrn’
930 1828 1083 1880 auctorem
1104 1819 1308 1894 nutritoriam
1329 1819 1369 1878 alr
1389 1822 1433 1878 in-

135 1925 226 1994 srnoe
247 1923 355 1981 netutis
375 1921 573 1997 scriptoribus
587 1923 795 1995 orornmotiers
808 1922 944 1994 laudari,
968 1937 1027 1981 non
1041 1923 1228 1991 mirabimur,
1249 1924 1278 1982 si
1288 1922 1434 1982 memorio

80 2027 86 2043 '
138 2031 318 2101 repetemus,
348 2040 427 2098 quoe
451 2025 553 2099 primo
579 2024 631 2082 ille
656 2025 757 2083 statim
786 2024 886 2099 operis
911 2026 961 2084 sui
986 2023 1063 2085 tn'lrro
1085 2025 1123 2083 de
1143 2032 1212 2084 orte
1231 2026 1434 2100 ornmmotieu

137 2129 210 2185 sotis
231 2132 378 2186 oecurote
399 2127 578 2200 disputouit.
624 2125 663 2184 Et
680 2122 782 2197 fuisse
801 2123 911 2203 etium,
939 2127 994 2200 qui
1013 2142 1138 2202 opernm
1158 2127 1374 2202 inpenderent,
1404 2132 1436 2186 ut

138 2244 342 2303 quoecumque
367 2228 505 2287 lsidonts
532 2244 593 2303 per
625 2230 727 2302 operis
754 2229 978 2287 emiuersitotem
1005 2227 1057 2288 iiie
1083 2229 1145 2287 iltis
1165 2230 1283 2303 possint
1310 2228 1350 2286 de
1375 2227 1435 2286 noc

139 2338 207 2390 orte
238 2329 440 2405 similibusque
472 2326 646 2404 disciplinis
677 2329 834 2406 disseruit,
867 2329 999 2388 studiose
1024 2331 1201 2404 eolliperent
1226 2338 1256 2388 et
1283 2330 1315 2389 in
1343 2344 1435 2389 mrum

138 2434 227 2506 quusi
246 2435 335 2492 unius
356 2432 568 2506 ortiseorpus
589 2431 772 2503 rediperent,
795 2447 836 2490 ex
857 2432 971 2490 codicis
987 2430 1150 2491 Berroensis
1167 2437 1222 2490 207
1240 2433 1302 2503 sure
1322 2447 1434 2505 copno·

136 2537 230 2593 scitur
246 2533 304 2606 (cs.
320 2534 414 2593 cotol.
429 2532 498 2592 oiot.
515 2533 687 2591 Loresltom.
704 2534 752 2592 ed.
771 2533 952 2592 Wilmonns.
966 2549 1039 2591 mro.
1053 2531 1151 2592 Rhen.
1167 2538 1243 2591 1868
1251 2549 1286 2608 p.
1299 2538 1365 2607 390,
1383 2538 1417 2590 13
1422 2551 1434 2600 ;

133 2653 168 2710 p.
185 2641 271 2710 395),
296 2643 328 2696 ut
350 2634 461 2694 blande
482 2635 604 2694 omnino
625 2640 748 2693 nostroe
769 2637 863 2693 nenti
881 2651 946 2693 sese
965 2635 1096 2694 insinuet
1115 2635 1300 2708 coniectura,
1324 2651 1365 2695 ex
1378 2635 1437 2693 toti

138 2739 269 2797 locorum
292 2738 533 2797 isidorianorum
560 2739 703 2811 conperie
728 2738 760 2795 in
789 2737 866 2795 artis
890 2733 1026 2808 formum
1047 2736 1175 2796 redacto
1196 2736 1338 2797 lroustum
1359 2752 1432 2806 esse,

138 2837 288 2916 quidquid
308 2841 425 2900 Isidori
449 2841 567 2899 nomine
593 2838 773 2913 ortiproplti
795 2841 980 2899 recentiores
1006 2840 1070 2899 sins
1090 2840 1211 2914 seriptis
1232 2839 1433 2898 imeruerrmt.

138 2943 235 3017 Atque
254 2942 312 3002 lroc
333 2950 363 3001 et
385 2945 417 3001 in
439 2949 507 3002 orte
528 2957 681 3018 anonymo
696 2939 849 3000 Beruensi
861 2942 929 3001 cod.
948 2947 1003 3000 123
1021 2942 1136 3002 occidit
1156 2949 1185 3000 et
1206 2943 1237 3001 in
1258 2939 1435 3018 [Clementis

137 3043 238 3121 Senti]
259 3053 327 3103 orte
347 3046 462 3104 codicis
482 3041 632 3102 eiusdem:
660 3044 715 3102 sed
734 3049 851 3102 restent
871 3044 903 3102 in
924 3042 985 3103 noe
1006 3045 1074 3119 ipso
1096 3045 1158 3103 loci
1177 3043 1331 3116 nonnulli,
1360 3058 1435 3117 quos

138 3148 169 3204 in
192 3146 306 3206 Isidori
331 3163 423 3222 opere
449 3153 503 3205 out
531 3126 651 3205 diuerse
677 3146 806 3220 scriptos
834 3151 889 3205 out
916 3142 1039 3205 omnino
1065 3162 1126 3205 non
1153 3147 1282 3221 scriptos
1302 3160 1366 3204 esse
1386 3146 1433 3203 in·

138 3249 273 3321 teltepos.
317 3248 394 3307 Sum
416 3256 517 3307 eutem
538 3245 588 3305 iri:

223 3349 236 3429 {j
253 3350 273 3409 i.
290 3346 328 3408 ‘l'
344 3348 356 3429 Ι
372 3346 544 3408 Isidorus
567 3346 653 3407 dicit:
675 3325 953 3426 Stoici'quinque
968 3356 1069 3427 partes
1091 3365 1157 3409 esse
1180 3347 1333 3410 dixerunt:
1364 3365 1432 3407 narn

139 3465 246 3510 nomen
269 3458 299 3508 et
321 3467 485 3528 pronomen
507 3467 565 3508 nnn
588 3465 656 3527 pars
679 3456 724 3509 est
745 3447 908 3510 secundum
931 3447 1013 3519 illos,
1036 3449 1162 3512 uerbum
1189 3459 1220 3510 et
1241 3450 1430 3530 participium

138 3551 195 3611 alin
219 3560 363 3631 pareest,
391 3548 566 3612 aduerlsinm
589 3560 619 3609 et
641 3551 811 3610 coniunctio
833 3551 921 3610 tertia
944 3568 1012 3631 pnrs
1035 3560 1089 3618 est.
1112 3561 1217 3630 quarta
1239 3533 1430 3631 praepositio.

139 3654 241 3734 quinta
264 3653 442 3713 interiectus.

111 3879 125 3919 s
224 3858 237 3939 ΙΙ
254 3859 274 3919 l.
291 3854 330 3918 7·
346 3854 358 3938 ΙΙ
374 3855 541 3916 isidorus
570 3855 655 3916 dicu:
685 3855 848 3916 Phoenices
873 3855 927 3918 Xll
955 3865 1055 3938 portes
1083 3876 1150 3919 esse
1177 3857 1332 3928 dixerunt,
1361 3859 1432 3918 erti-

137 3959 236 4020 culum
266 3977 373 4020 nonam
402 3968 517 4038 partem
547 3967 742 4037 putauerunt,
770 3960 822 4037 qui
845 3976 912 4018 cnm
935 3959 1057 4020 Graecis
1078 3969 1183 4021 octana
1205 3979 1274 4040 pars
1296 3971 1357 4028 est:
1387 3962 1432 4021 in·

139 4060 325 4142 personalem
354 4060 475 4136 modum
504 4059 649 4120 decimam
673 4067 786 4140 partem
809 4070 1006 4140 putauerunt,
1035 4062 1184 4142 quianon
1208 4060 1297 4122 babet
1318 4069 1431 4122 certam

139 4182 295 4243 personam
318 4170 347 4224 et
369 4173 485 4224 certum
508 4180 675 4232 numerum,
698 4163 757 4222 nisi
779 4161 870 4223 annas
885 4180 1061 4242 pronomen,
1084 4172 1117 4223 nt
1132 4163 1252 4241 ‘legitur
1274 4180 1354 4223 ame
1370 4184 1386 4224 a
1402 4172 1432 4224 te

138 4265 285 4334 anobis',
315 4280 345 4327 et
367 4266 545 4326 infinitinum
568 4263 756 4327 undecimam
780 4273 976 4343 putauerunt,
1006 4267 1074 4346 quia
1098 4267 1158 4326 nim
1182 4267 1309 4326 nominis
1331 4264 1431 4335 habet,

100 4387 126 4425 ιο
140 4367 217 4428 idest
239 4366 434 4441 nominatim,
463 4368 624 4428 accusetiui
647 4384 763 4446 quoque
786 4376 817 4426 et
839 4364 977 4436 ablatiui,
1000 4366 1124 4446 gerendi
1148 4367 1267 4428 modum
1290 4365 1432 4429 duodeci·

138 4488 216 4531 mam
239 4480 355 4550 partem
378 4478 568 4548 putauerunt,
592 4468 660 4544 quia
682 4465 793 4527 habent
816 4467 905 4528 uerba
929 4468 1052 4545 gerendi
1068 4471 1128 4530 uim
1144 4476 1174 4530 et
1192 4469 1317 4530 formam
1338 4471 1432 4530 nomi·

207 4709 220 4756 l
239 4660 358 4757 diarum
425 4707 442 4756 2
459 4704 600 4754 secumdum
619 4704 676 4753 illos
693 4721 725 4756 n.
743 4703 778 4754 11
794 4719 874 4770 supra
890 4707 934 4755 lin.
1004 4708 1021 4756 t
1039 4719 1148 4770 quenta,
1166 4724 1237 4762 eurr.
1255 4709 1346 4771 quintu
1414 4709 1431 4758 b

139 4777 259 4842 phenices
311 4774 443 4823 articulum
463 4774 534 4823 Villi
619 4774 737 4838 (igreeis
805 4775 953 4835 9qniuin1
1024 4777 1212 4825 lonccusmim
1230 4792 1256 4838 q;
1325 4777 1431 4841 gerendi

138 4845 208 4893 modi
278 4845 306 4892 ll
326 4857 346 4912 q
364 4845 389 4892 ni
407 4857 422 4890 n
440 4842 533 4891 hebent
