3382 5476
205 362 266 429 178
570 362 826 427 Qvansrtonns
845 362 1114 417 GRAMMATIGAE

286 551 299 633 ll
316 554 336 614 i.
352 549 392 614 6·
408 550 421 634 ll
446 554 555 613 Verum
584 560 698 622 tamen,
728 551 846 629 quande
875 560 1034 632 utrumque
1062 571 1171 615 nomen
1200 552 1417 634 appenninum
1446 564 1500 625 est,

201 653 278 715 idest
301 661 329 714 et
351 653 428 732 quod
451 652 603 733 praecedit
626 662 655 714 et
677 652 755 731 quod
780 656 921 731 sequitur,
945 662 1017 715 tunc
1038 672 1094 733 per
1115 652 1188 716 illud
1210 672 1394 736 pronomen,
1418 656 1500 737 quod

200 762 244 815 est
272 756 302 814 in
331 755 444 825 medio,
479 753 602 816 licenter
635 757 681 815 cni
718 753 857 815 uolumus
887 758 990 834 generi
1023 756 1251 836 respondemus.
1293 758 1332 819 n
1359 758 1502 820 sliuoeit

200 873 291 917 unum
314 873 423 916 nomen
446 857 600 936 proprium
624 864 653 916 et
674 854 800 918 alterum
822 855 1047 936 appellatiuum,
1078 865 1192 919 tantum
1219 860 1345 939 proprio
1372 876 1500 940 respon·

200 957 320 1027 demus,
345 964 391 1017 ut:
422 959 485 1017 ‘est
506 957 535 1017 in
564 976 685 1018 carcere
708 957 805 1027 locus,
835 957 914 1037 quod
937 956 1105 1019 Tullianum
1129 964 1276 1031 uocatur',
1299 968 1346 1021 et:
1380 960 1525 1021 ‘ciuitass

199 1059 279 1140 quod
312 1057 511 1120 Mediolanum
545 1059 677 1129 dicitur',
710 1067 753 1121 et:
787 1058 981 1121 ‘coenobium
1016 1077 1091 1138 quae
1119 1058 1244 1123 corbeia
1271 1044 1423 1132 uocanrr⁵,
1452 1070 1499 1123 et:

198 1159 283 1221 ‘cella
315 1160 393 1238 quod
421 1158 614 1221 nttumoibrc
642 1163 851 1241 nuncupatur',
881 1170 923 1223 et:
958 1159 1046 1222 ‘uilla
1075 1163 1125 1238 qui
1153 1160 1323 1241 Sparnacus
1350 1166 1500 1236 nocatur’,

198 1268 240 1322 ot:
273 1260 432 1341 ‘oppidum
465 1280 540 1342 quae
569 1261 659 1324 Troia
694 1263 886 1333 nominatur’,
911 1272 952 1323 et:
984 1262 1141 1341 ‘palatium
1170 1264 1221 1340 qul
1249 1264 1420 1327 carisiacus
1446 1282 1500 1344 sp·

198 1361 348 1443 pellatur’.

284 1566 296 1648 ll
313 1568 333 1628 l.
350 1563 389 1628 sss
405 1566 418 1648 l!
443 1566 618 1627 ‘Enthesis'
642 1578 687 1628 est
709 1568 917 1645 interrogatio,
942 1568 1060 1648 quando
1083 1567 1119 1628 ad
1142 1570 1390 1631 exercitationem
1412 1587 1497 1632 snam
1511 1588 1536 1627 ro

198 1665 304 1747 aliquis
326 1670 484 1747 praeponit
506 1669 621 1745 sibique
645 1671 709 1748 ipsc
732 1668 901 1748 respondet.
946 1668 1107 1730 ‘Erotema’
1131 1679 1177 1731 est
1199 1672 1411 1750 interrogatio,
1440 1690 1499 1752 qua

197 1770 289 1846 ligura
320 1771 445 1838 utimur,
474 1788 543 1830 cum
573 1770 786 1848 interrogando
815 1769 924 1850 aliquid
953 1789 1129 1833 aceruamus
1157 1780 1188 1832 et
1214 1788 1433 1850 exaggeramus
1460 1774 1498 1835 ad

199 1872 262 1929 eius
285 1870 444 1945 inuidiam,
468 1889 555 1951 quem
580 1874 807 1950 interrogamus.
839 1871 970 1952 ‘Pysma’
993 1881 1037 1933 est
1058 1875 1239 1954 quaesitum,
1262 1891 1339 1952 quae
1361 1874 1458 1953 ligura
1481 1893 1498 1936 a

199 1974 356 2050 superiore
380 1990 415 2031 eo
438 1971 551 2044 dillert,
575 1973 653 2053 quod
677 1974 873 2053 interroganti
888 1992 946 2034 una
962 1992 1037 2036 noce
1053 1984 1164 2036 lantum
1186 1973 1365 2055 responderi
1386 1983 1497 2056 potest

197 2071 330 2134 illabitur
353 2075 515 2152 ‘rogatio',
544 2092 620 2155 quae
648 2076 679 2134 ilt
706 2094 760 2154 per
788 2075 987 2136 definitionem
1012 2084 1041 2136 et
1064 2095 1121 2137 uon
1145 2084 1240 2154 potest
1270 2077 1326 2138 nisi
1355 2074 1498 2158 pluribus
1512 2094 1535 2135 15

196 2173 322 2235 rioribus
344 2175 530 2254 responderi.
603 2209 606 2213 ·

280 2379 410 2441 ‘Erudis’
434 2380 652 2459 amphimacrus
676 2389 734 2450 est,
758 2390 791 2441 ut
814 2381 1011 2458 Virgilius:
1036 2379 1241 2442 ‘sublatum
1266 2381 1438 2447 erudiit'.

282 2482 337 2552 Oui
365 2482 438 2542 dicit
466 2480 646 2551 ‘subolem’,
677 2482 756 2542 dieat
785 2481 975 2544 ‘meliorem'
1006 2484 1147 2543 ‘nocem’
1178 2483 1315 2544 ‘orsum'
1337 2483 1496 2566 ‘uolpem'

196 2582 345 2644 ‘uoltum’
378 2583 514 2644 ‘luuem’
550 2583 750 2652 ‘huminem',
784 2585 861 2644 sicut
888 2602 903 2643 a
933 2584 1047 2645 ‘lrixu’
1083 2602 1142 2645 non
1171 2583 1298 2645 dicimus
1324 2585 1495 2649 ‘frixuris’

195 2686 246 2745 sed
271 2686 444 2760 ‘frixoria’,
468 2687 510 2745 sic
533 2705 548 2745 a
572 2684 678 2745 ‘luxu’
703 2702 761 2745 non
785 2692 830 2745 est
852 2684 974 2746 dicenda
998 2685 1150 2747 ‘luxuria'
1173 2686 1225 2747 sed
1249 2685 1399 2749 ‘luxoria'.
1444 2687 1536 2749 luae

195 2805 286 2866 super
309 2790 397 2848 etiam
420 2790 483 2865 ipsa
506 2787 634 2847 seorrndn
658 2785 769 2866 syllaba
792 2785 894 2846 breuis
917 2787 998 2848 nullo
1013 2787 1101 2847 modo
1125 2790 1230 2850 luisset
1250 2789 1281 2848 in
1303 2796 1411 2858 metro,
1437 2790 1496 2849 nisi

195 2907 213 2947 u
237 2907 415 2948 carrinensmn
439 2896 518 2947 essct
539 2889 568 2947 in
593 2908 620 2948 c.

281 3091 440 3151 Sciendum
468 3109 540 3151 sane
569 3090 655 3151 nobis
683 3098 741 3159 est,
764 3089 918 3168 quomodo
948 3091 1020 3151 haec
1048 3095 1146 3153 omitia
1176 3094 1254 3152 inter
1281 3110 1314 3154 se
1336 3093 1493 3165 differunt,

195 3192 273 3251 idest
300 3193 464 3271 ‘uespere’
495 3195 654 3272 ‘uespera'
679 3193 810 3270 ‘uesper’
834 3192 1011 3271 ‘uesperum
1021 3194 1041 3252 '.
1085 3192 1271 3271 Virgilius
1293 3197 1393 3256 omnia
1418 3194 1494 3257 baec

195 3292 377 3355 demonstrat
400 3294 517 3356 dicens:
542 3295 606 3355 ‘Est
628 3295 716 3353 etiam
739 3311 847 3372 uesper
864 3311 990 3372 uespere
1006 3313 1129 3373 uespera
1146 3313 1323 3376 uesperum,
1346 3295 1395 3358 bic
1417 3315 1534 3359 nerem

196 3398 397 3457 inuniuatiuus
425 3397 608 3476 quadruplex
638 3403 696 3465 est,
726 3397 813 3455 cuius
841 3394 1005 3455 dilierentia
1034 3395 1108 3456 haec
1136 3398 1206 3468 erit,
1237 3396 1315 3474 quod
1344 3398 1493 3478 ‘uesper’

195 3499 314 3578 quidem
344 3497 468 3568 dicitur,
499 3499 767 3576 quotienscumque
789 3495 832 3557 sol
855 3495 984 3557 nubibus
1011 3507 1061 3558 aut
1089 3497 1157 3559 luna
1185 3496 1391 3577 lerruginihus
1418 3517 1495 3578 qua·

196 3617 322 3678 cumque
349 3599 411 3661 diei
438 3607 489 3661 aut
515 3603 610 3661 noctis
638 3598 710 3659 hora
733 3599 852 3676 tegitur,
876 3608 906 3658 et
927 3599 984 3659 hcc
1007 3607 1145 3661 neutrum
1169 3608 1228 3669 est,
1252 3598 1331 3679 quod
1354 3608 1385 3660 ct
1406 3602 1493 3662 ‘uco-

194 3719 248 3778 per
271 3703 418 3781 uesperis'
441 3701 521 3762 iacit.
566 3706 602 3761 nt
624 3701 823 3761 nominatiuus
844 3703 994 3779 ‘uespere‘
1017 3710 1143 3762 uocatur
1164 3700 1201 3761 ab
1224 3700 1297 3762 hora
1326 3718 1405 3763 nona
1428 3703 1494 3765 sole

195 3801 369 3862 descensum
392 3800 550 3862 inchoante
572 3812 602 3862 et
624 3801 680 3862 hoc
703 3800 899 3863 declinatione
921 3810 1013 3862 caret.
1051 3799 1062 3882 ΙΙ
1083 3802 1103 3862 l.
1120 3799 1159 3862 1ΙΙ
1175 3799 1186 3883 ΙΙ
1209 3802 1409 3882 ‘Vesperom'
1434 3812 1534 3874 est,ao

196 3902 264 3963 dum
288 3902 350 3964 sole
374 3902 528 3964 occidente
550 3903 613 3965 dies
636 3902 737 3966 delicit
760 3913 789 3964 et
811 3905 852 3964 sic
875 3901 1058 3964 declinatur:
1089 3905 1267 3983 ‘uesperum
1291 3906 1414 3984 uesperi
1438 3924 1490 3969 uc·

194 4009 294 4083 spero'
318 4006 493 4084 etreliqua.
538 4007 693 4085 ‘Vespera’
717 4012 776 4073 est,
800 4022 866 4065 cunr
889 4005 964 4066 lucis
985 4008 1100 4066 oriente
1123 4023 1230 4066 aurora
1252 4022 1310 4067 nox
1334 4006 1440 4067 linitur
1461 4018 1492 4070 ct

193 4109 235 4166 sic
258 4107 437 4168 declinatur:
462 4112 600 4186 ‘uespera
623 4124 768 4185 uesperae
790 4111 944 4184 uesperae’
969 4116 998 4166 et
1020 4106 1157 4187 reliqua!

192 4262 418 4273 -—-·--——

262 4363 291 4410 ll
311 4361 440 4411 erothcrnn
522 4363 553 4409 12
571 4374 753 4423 enarernamns
772 4372 796 4409 et
813 4374 982 4425 exugermnus
1052 4364 1084 4412 13
1103 4361 1185 4425 pluma
1256 4363 1288 4411 15
1305 4360 1488 4413 diffinitionem

194 4430 224 4478 17
245 4426 381 4495 Virgilius]
403 4431 468 4478 Aea.
488 4427 531 4476 IX
550 4432 603 4479 203
682 4431 713 4479 19
731 4429 838 4477 frixoria
861 4429 905 4477 sed
923 4444 1004 4493 orepro
1022 4432 1112 4479 lineam
1129 4445 1159 4481 ra.
1179 4428 1213 4478 ll
1297 4429 1332 4478 24
1349 4428 1488 4496 Virgilius]

192 4498 306 4546 Asianus
321 4513 348 4560 p.
367 4498 391 4546 8.
409 4499 425 4543 9
442 4494 500 4543 Μαι·
617 4496 650 4545 28
669 4497 802 4561 obtegatur
824 4496 946 4561 Virgilius
964 4497 1030 4546 elicii
1131 4508 1156 4545 et
1173 4495 1222 4545 hoc
1240 4508 1372 4555 uterinum,
1396 4513 1490 4565 uesper

193 4566 307 4629 hesperis
328 4564 427 4629 uesperi
447 4578 539 4628 uesper
557 4578 664 4628 uespere
679 4564 801 4629 Vlrpilius
820 4564 887 4614 Maii
953 4567 986 4616 29
1005 4564 1163 4615 rrominntiuo
1179 4563 1301 4627 ers'lius
1319 4564 1389 4615 Maii
1456 4568 1490 4618 30

192 4632 334 4681 discessum
345 4631 432 4681 lllains
471 4629 606 4680 inchoante
623 4632 669 4681 sed
688 4632 736 4681 boc
754 4646 845 4681 riomen
864 4632 1057 4683 declinationem
1078 4632 1171 4682 nullam
1190 4630 1363 4683 hobetMoiur
1402 4644 1488 4684 sutem

192 4712 303 4748 osteum
323 4699 377 4749 sole
398 4699 484 4750 Maius
540 4700 572 4748 32
591 4699 705 4748 stillatur:
733 4702 824 4749 etenim
843 4701 909 4750 sicut
926 4702 981 4751 dies
1000 4701 1081 4751 noetis
1100 4714 1221 4749 sirrcessu
1239 4714 1391 4765 uesperum,
1408 4702 1448 4751 sie
1465 4714 1490 4751 et

192 4781 244 4815 rrox
262 4768 303 4817 die
316 4780 405 4817 exorto
420 4780 551 4831 crespernrn
565 4766 640 4816 babet
652 4777 676 4815 et
688 4769 725 4816 sle
743 4768 884 4817 declinetur
901 4769 995 4819 Maius.
1024 4771 1075 4818 llic
1086 4771 1156 4819 loeus
1172 4768 1275 4833 Virpilir'
1286 4770 1385 4819 nemine
1396 4773 1490 4821 onim

192 4836 284 4897 legitur
301 4838 374 4886 etiem
393 4838 418 4885 io
435 4840 518 4901 prtum
535 4836 591 4885 eod.
611 4834 689 4886 Bere.
708 4839 759 4885 256
775 4840 871 4901 popina
887 4854 955 4888 noer.
977 4839 1014 4887 X:
1035 4838 1162 4901 obtegitur
1173 4862 1204 4871 -
1215 4836 1358 4886 discessum
1378 4864 1410 4875 -
1429 4854 1488 4887 cunr
