3382 5476
160 370 164 379 ·
242 347 387 395 CCXXXII
528 330 579 381 DE
597 328 749 382 IVLIANO
768 327 964 380 Tonn'rdrto
983 323 1226 378 GRAMMATICO

243 523 329 583 ‘oum
351 526 437 600 patre
460 538 526 580 meo
536 521 555 589 ’,
579 521 666 579 ‘cum
689 517 810 579 domino
833 535 899 576 meo
923 524 1059 576 montana
1082 511 1317 583 conscenderit’,
1345 530 1399 591 per
1421 532 1437 573 e
1459 514 1531 574 sori·

245 606 395 680 bendum,
424 622 482 666 non
506 622 560 684 per
583 622 616 684 q;
646 602 763 681 quando
786 610 885 662 autem
908 599 1033 661 uerbum
1055 600 1245 661 subsecutum
1267 597 1369 667 luerit,
1392 608 1424 658 ut
1446 606 1530 677 puta:

243 695 322 752 ‘cum
345 690 463 752 uenerit
485 687 676 769 paracletus’,
700 689 757 748 erit
778 685 952 748 adnerbium
976 693 1006 747 et
1027 704 1081 766 per
1103 704 1121 765 q
1144 682 1344 745 scribendum.

764 924 812 986 DE
841 923 1017 986 studiat.

261 1120 265 1126 ·
300 1096 348 1180 lli.
371 1093 461 1178 49211
479 1098 518 1159 lla
542 1096 593 1157 uhi
615 1115 650 1158 ae
673 1095 743 1156 iacit
765 1093 979 1173 diphthongon.

414 1182 507 1243 Haec
532 1180 617 1251 tihi,
641 1198 705 1240 rer
728 1198 879 1245 summe,
903 1180 1005 1239 iussu
1028 1177 1230 1257 conpulsus
1255 1177 1353 1239 erili.

243 1269 279 1329 Vt
299 1276 370 1345 puta
394 1269 501 1327 ‘anima
526 1266 611 1327 haee’
634 1266 733 1325 ‘huius
755 1266 891 1327 animae’.
932 1264 972 1325 Da
993 1262 1045 1323 ubi
1067 1281 1113 1323 oe.

413 1352 624 1412 Diuidimus
647 1369 769 1411 muros
793 1356 830 1409 et
851 1350 994 1410 moenia
1017 1347 1214 1427 pandimus
1237 1348 1350 1409 urhis.

249 1439 283 1500 Vt
305 1445 374 1518 puta
398 1437 483 1497 ‘haee
506 1439 623 1515 poena’.
661 1435 702 1496 Da
726 1436 789 1495 eius
812 1432 978 1514 exemplum

413 1522 533 1582 Poena
557 1523 649 1581 mori
672 1518 838 1581 erudelis
861 1526 953 1588 erat,
978 1518 1041 1580 sed
1065 1520 1198 1580 uiuere
1220 1519 1334 1595 peius.

246 1608 286 1669 lla
309 1605 361 1669 ubi
384 1625 430 1667 au.

383 1727 389 1738 ·
412 1695 591 1754 Auroram
614 1692 683 1751 iam
707 1697 842 1767 quarta
865 1689 945 1751 dies
967 1690 1218 1769 praemiserat
1239 1687 1364 1750 undis.

244 1778 285 1839 Da
308 1776 358 1838 ubi
381 1796 428 1838 eu.

415 1862 552 1938 Eugeni
575 1857 721 1922 miselle
744 1858 864 1940 plora,
888 1857 1046 1936 languor
1068 1862 1189 1921 instat
1210 1858 1402 1938 inprobus.

245 1946 360 2008 [inubi
384 1949 421 2007 ei.
1550 1972 1574 2011 u

417 2031 455 2091 Ei
480 2030 569 2093 mihi
593 2048 660 2092 uae
684 2033 836 2099 misero,
860 2030 921 2109 qui
943 2048 1086 2109 semper
1109 2029 1232 2091 lessus
1254 2027 1393 2090 anhelo.

331 2198 342 2282 ll
358 2202 379 2260 l.
394 2196 458 2261 49¹³
474 2197 486 2280 ΙΙ
502 2199 626 2271 Quando
637 2199 738 2260 breuis
750 2199 860 2280 syllaba
872 2207 986 2280 partem
1000 2201 1205 2260 terminauerit
1217 2201 1370 2270 orationis,
1387 2201 1464 2260 sieut
1476 2209 1536 2261 est:

618 2284 700 2345 Nam
725 2284 812 2354 tihi,
836 2284 1031 2363 Thymbre,
1055 2292 1180 2363 eaput,
1483 2352 1491 2367 x

246 2373 413 2432 communis
436 2376 489 2430 est.
536 2367 706 2438 Quomodo?
749 2370 781 2431 Si
804 2388 925 2448 necesse
948 2378 1005 2441 est,
1036 2377 1068 2429 ut
1094 2371 1132 2429 sit
1154 2369 1268 2438 breuis,
1292 2369 1375 2430 dico:
1405 2368 1535 2430 dnalium

247 2457 361 2516 ratione
386 2454 486 2515 breuis
509 2463 562 2515 est.
608 2455 640 2516 Si
670 2474 792 2516 neeesse
820 2465 878 2524 est,
902 2465 934 2515 ut
956 2457 995 2516 sit
1016 2454 1119 2532 longa,
1150 2453 1231 2514 dico:
1260 2462 1373 2534 partem
1396 2455 1534 2515 terminat
1551 2465 1576 2504 2⁰

247 2540 397 2601 orationis.
443 2540 483 2600 lla
507 2539 559 2602 uhi
581 2543 621 2601 sit
643 2559 697 2620 pro
719 2538 816 2617 longa.

416 2624 498 2686 Nam
523 2625 606 2695 tibi,
631 2624 827 2705 Thymbre,
851 2634 960 2706 eaput
982 2624 1195 2686 Euandrius
1217 2623 1378 2685 abstulit
1399 2624 1508 2685 ensis.

248 2711 288 2772 [la
311 2711 363 2772 ubi
386 2713 423 2771 sit
451 2709 561 2771 breuis.

417 2796 528 2865 Quem
554 2800 685 2874 partus
707 2793 781 2856 alui
804 2793 1007 2873 uirginalis
1030 2793 1202 2874 protulit.

335 2960 458 3044 [libbi
475 2960 486 3043 ll
503 2968 559 3024 dut
582 2983 648 3024 cum
677 2927 840 3044 pronomen
870 2984 886 3026 e
914 2928 1011 3025 littera
1042 2966 1216 3026 terminatur
1247 2974 1276 3024 et
1303 2962 1413 3025 uocalis
1440 2965 1538 3025 statim
1552 2980 1578 3017 2³»

248 3048 449 3129 subsequitur,
473 3048 622 3109 adialorns
645 3058 697 3119 est,
720 3047 795 3110 idest
818 3052 992 3118 eommunis,
1017 3051 1094 3127 quia,
1119 3049 1169 3109 ubi
1187 3068 1308 3111 neeesse
1331 3054 1389 3116 est,
1413 3047 1539 3111 hahetur

252 3267 478 3307 SIHILITVDINES,

334 3341 508 3398 diuidundo
531 3360 562 3414 p.
588 3345 639 3398 II:
671 3343 706 3398 ba
734 3341 779 3399 ubi
808 3359 838 3399 ae
862 3342 941 3399 iaciat
964 3342 1163 3416 diphthongon.
1208 3338 1296 3398 ‘llaec
1323 3342 1371 3398 tibi
1394 3358 1440 3398 rer
1463 3344 1540 3399 iussu

248 3427 407 3501 compulsus
435 3425 517 3483 erili.’
563 3428 598 3483 ba
629 3427 673 3483 ubi
702 3445 744 3484 oe.
789 3426 949 3484 ‘diuidimus
977 3444 1070 3483 muros
1096 3436 1123 3483 et
1146 3428 1250 3483 moenia
1272 3428 1415 3500 pandimus
1441 3427 1538 3484 urhis’

249 3514 283 3568 bu
306 3512 350 3567 ubi
374 3530 417 3568 au.
462 3517 592 3569 durorum
615 3542 657 3553 —
679 3511 740 3568 ‘liei
764 3513 829 3568 mihi
852 3531 901 3568 uae
924 3513 1040 3585 misero,
1064 3513 1110 3586 qni
1134 3528 1241 3585 semper
1264 3513 1353 3568 lessus
1376 3513 1496 3569 anhelo’

316 3596 352 3652 17
376 3596 509 3652 Iulianus
528 3615 556 3667 p¹
580 3601 629 3654 12:
651 3597 763 3666 Quando
787 3599 876 3654 breuis
899 3597 1000 3672 syllaba
1024 3607 1128 3672 partem
1152 3599 1277 3653 terminat
1299 3600 1441 3669 orationis,
1461 3607 1489 3654 et
1511 3599 1538 3654 iu

249 3699 328 3738 unam
351 3682 473 3752 desierit,
497 3685 648 3739 communis
671 3692 713 3739 est
735 3683 846 3757 syllaba.
883 3682 1042 3751 Quomodo?
1079 3683 1106 3738 Si
1129 3699 1239 3739 necesse
1262 3692 1314 3753 est,
1337 3693 1367 3739 ut
1390 3681 1469 3756 longa
1493 3685 1540 3752 sit,

249 3767 325 3839 dieo,
354 3767 416 3840 quia
440 3776 543 3840 partem
569 3770 694 3825 terminat
717 3770 864 3839 orationis,
893 3778 921 3824 et
943 3766 1023 3839 longa
1047 3778 1104 3835 est;
1134 3770 1157 3823 si
1181 3784 1291 3824 neeesse
1313 3777 1371 3839 est,
1395 3777 1425 3824 ut
1448 3767 1539 3824 breuis

249 3852 300 3923 sit,
323 3852 399 3922 dieo,
431 3854 492 3924 ouria
516 3853 618 3909 uocalis
641 3854 832 3929 subsequitur,
860 3863 887 3909 et
909 3861 952 3908 est
974 3853 1073 3909 breuis.
1118 3853 1151 3908 ba
1175 3853 1234 3909 eius
1256 3851 1416 3926 exemplum.
1462 3854 1539 3910 ‘Nam

252 3936 316 4007 tibi,
339 3937 472 4010 Tymbre,
494 3946 576 4012 eaput
599 3939 749 3995 Euandrius
771 3937 884 3994 abstulit
906 3937 1001 3994 ensis.'

315 4021 354 4078 24
384 4022 517 4079 Iulianus
542 4041 571 4095 p.
607 4029 654 4079 12:
697 4024 808 4090 Quando
837 4040 986 4097 pronomen
1017 4041 1032 4078 c
1061 4023 1137 4078 litera
1169 4026 1344 4092 terminatur,
1378 4032 1406 4079 et
1435 4024 1539 4081 uocalis

251 4109 341 4164 statim
365 4108 509 4163 subsecuta
538 4109 635 4179 luerd,
664 4110 814 4165 communis
838 4116 880 4163 est
902 4107 1021 4181 syllaba,
1051 4110 1111 4180 (prtia
1132 4118 1160 4163 et
1182 4127 1232 4182 pro
1255 4108 1337 4182 longa
1359 4110 1491 4183 accipitur
1513 4117 1540 4165 et

250 4321 362 4357 conrcro
381 4322 537 4357 nnnnnusro
557 4311 606 4358 20⁷
624 4323 772 4359 vunrnrao.

319 4384 527 4471 lqhnrdomino
580 4425 656 4463 eom.
727 4413 840 4472 duom.
910 4412 1035 4470 aqum.
1104 4409 1281 4475 hdiptongon
1352 4409 1465 4478 dilaee]
1487 4413 1539 4463 Ea-

248 4477 317 4541 peru'r'
333 4479 359 4525 in
377 4478 542 4527 Dracontion
559 4480 677 4541 epinretrr'
693 4497 716 4531 u.
737 4482 771 4528 31
789 4480 846 4528 coll.
867 4479 971 4527 Poturae
991 4478 1072 4541 Lupd.
1090 4484 1148 4528 tom.
1166 4478 1211 4527 lx
1227 4496 1254 4543 p.
1269 4483 1319 4529 731
1339 4483 1362 4530 A
1432 4482 1448 4530 8
1468 4480 1541 4530 llini-

250 4542 319 4609 mus]
343 4547 421 4608 Verp.
442 4547 506 4594 Aen.
525 4545 558 4594 II
576 4549 630 4595 234
735 4550 766 4597 10
784 4543 880 4612 l’oena]
904 4546 1040 4595 liroroutir'
1060 4546 1175 4596 hexaem.
1196 4546 1247 4596 370
1265 4549 1305 4596 ed.
1329 4550 1421 4598 u'errz.
1510 4554 1540 4599 1⁴2

250 4611 352 4678 aurora]
374 4613 509 4662 Dracontir'
531 4613 645 4663 benaein.
664 4617 697 4663 89
720 4612 846 4678 (Aurorae
864 4615 913 4663 iam
932 4626 1022 4677 quarta
1039 4615 1095 4664 dies
1113 4627 1287 4680 permanserat
1306 4618 1380 4666 irrrdis
1404 4617 1540 4677 Wetrzrm)

251 4681 283 4728 14
300 4680 337 4728 Eu
359 4678 410 4745 eui]
425 4680 534 4744 Eupem'i
551 4698 627 4730 curm.
640 4681 717 4732 XIII
736 4688 751 4731 7
768 4686 824 4733 coll.
836 4683 940 4733 Parrum
955 4683 1036 4747 Lupd.
1054 4689 1112 4735 tom,
1127 4682 1224 4746 XIIp.
1239 4685 1328 4734 3471)
1381 4676 1412 4734 1’6
1431 4684 1458 4733 Εἰ
1478 4685 1539 4733 mihi

251 4697 357 4814 miser05
370 4748 479 4812 Eupenir‘
495 4765 572 4798 earm.
592 4748 637 4797 XI
652 4767 677 4814 p.
690 4752 777 4802 3470
794 4754 834 4800 ed.
849 4751 930 4814 Lupd.
983 4751 1055 4800 aneio
1109 4753 1141 4801 18
1159 4748 1235 4815 Nam]
1259 4752 1337 4817 Verp.
1357 4755 1421 4804 Aen.
1443 4753 1468 4802 Χ
1487 4756 1539 4802 394

250 4815 282 4861 24
301 4812 392 4882 Quem]
414 4817 548 4867 Prrrdeutt'i
564 4818 630 4868 roth.
654 4818 712 4867 VII
731 4822 746 4867 2
815 4819 847 4868 ‘36
865 4817 994 4867 ndialorus
1013 4831 1052 4868 est
1070 4819 1136 4868 idest
1153 4821 1217 4881 idest
