3382 5476
192 309 257 377 230
580 269 857 362 Dli'smmtb'ridi:
875 308 1086 361 suauouvu.

278 499 359 561 luter
381 499 504 560 uuidum
527 505 556 559 et
577 496 730 559 humidum
753 496 810 557 boc
825 498 969 571 interest,
992 494 1072 575 quod
1089 493 1211 556 uuidum
1225 494 1350 574 penitus
1363 492 1484 555 maduit

194 601 365 685 humidum,
389 599 466 680 quod
490 599 525 659 ad
549 599 679 660 medium
702 615 797 676 usque
818 599 964 677 peruenit.

277 703 358 763 luter
381 710 467 762 uetus
490 708 519 760 et
543 708 693 762 uetustum
716 700 773 760 boc
793 700 931 769 interest,
955 698 1034 778 quod
1056 704 1144 760 uetus
1165 715 1245 759 nouo
1259 704 1449 777 conparatur
1463 706 1494 759 et

194 805 344 866 contrario
367 811 519 865 uetustum
541 802 577 864 ad
600 802 805 880 antiquitatem
827 802 968 865 retertur,

278 905 359 967 luter
382 914 497 965 terrere
520 914 550 965 et
572 902 725 964 deterrere
747 903 805 963 boc
826 905 966 972 interest,
994 900 1072 983 quod
1095 902 1147 980 qui
1168 907 1278 973 terret,
1306 902 1420 965 timore
1441 916 1519 963 eos

196 1008 253 1086 git,
278 1008 328 1084 qui
351 1006 497 1076 deterret,
521 1004 662 1083 probibet
682 1021 885 1085 perseuerare.
1017 999 1023 1005 ’

279 1108 361 1169 lnter
389 1105 486 1168 solum
514 1113 543 1166 et
573 1124 666 1167 unum
695 1114 725 1166 et
752 1104 917 1167 solitarium
946 1113 975 1165 et
997 1106 1115 1167 unicum
1146 1104 1204 1166 boc
1235 1107 1381 1177 interest,
1411 1105 1493 1187 qued

195 1209 291 1280 solus,
320 1211 371 1289 qui
394 1227 410 1269 a
433 1208 542 1268 ceteris
563 1200 686 1268 relictus
707 1215 766 1277 est,
797 1224 874 1267 unus
903 1209 1020 1268 initium
1043 1206 1204 1269 mullorum
1226 1208 1303 1286 agit,
1330 1204 1495 1279 solitarius,

196 1312 248 1392 qui
269 1327 388 1390 semper
410 1310 475 1371 sine
497 1305 607 1370 ceteris
630 1310 718 1377 uiuit,
743 1311 864 1379 unicus,
888 1310 938 1388 qui
960 1307 1041 1371 solus
1063 1307 1190 1369 habetur
1211 1314 1338 1388 propter
1360 1308 1494 1390 inopiam

198 1411 333 1474 aliorum.
1507 1424 1531 1462 ιο

281 1513 363 1575 Inter
385 1513 530 1574 alacresin
553 1523 582 1573 et
603 1529 755 1593 syncopen
779 1519 809 1572 et
831 1529 984 1591 apocopen
1007 1512 1063 1573 boe
1085 1513 1223 1582 interest,
1246 1508 1326 1589 quod
1349 1511 1498 1575 dumosis

200 1634 235 1675 ex
257 1616 352 1695 prima
376 1622 461 1692 parte
481 1615 565 1675 uocis
586 1615 619 1675 lit
640 1621 669 1675 et
689 1611 803 1673 litteras
827 1612 873 1673 uel
897 1611 1022 1691 syllabas
1045 1611 1188 1681 detrabit,
1211 1618 1258 1672 ut:
1296 1612 1497 1692 ‘Sigerus

198 1716 392 1778 humanum
418 1723 453 1776 et
475 1714 648 1776 mortalia
664 1715 859 1794 tempnitis
875 1716 986 1775 arma'
1004 1732 1059 1792 pro
1074 1714 1320 1793 ‘contempnitis’.
1354 1714 1496 1795 syncope

199 1816 326 1878 mediam
353 1825 469 1895 partem
496 1816 609 1895 pordit,
642 1826 685 1877 ut:
721 1818 929 1895 ‘Apparerrt
950 1817 1026 1876 rari
1056 1816 1204 1875 nantes’
1226 1832 1284 1894 pro
1305 1816 1495 1879 ‘demulcet

198 1926 338 1998 apocope
360 1936 396 1977 er
418 1916 520 1977 ultima
543 1919 589 1986 ut,
613 1928 659 1980 ut:
684 1917 829 1977 ‘domus
852 1915 938 1977 luxu
960 1902 1183 1977 instruitur'
1206 1934 1261 1995 pro
1284 1914 1440 1979 ‘luxuriat
1509 1928 1533 1968 1⁵

284 2020 365 2080 luter
388 2017 594 2080 soloecismum
619 2028 648 2079 et
671 2018 886 2079 barbarismum
909 2017 966 2079 boc
988 2019 1125 2093 interest,
1150 2018 1228 2096 quod
1250 2016 1452 2081 soloecismus
1466 2020 1498 2081 in

201 2139 305 2192 sensu,
328 2119 534 2181 barbarismus
554 2122 585 2181 in
609 2139 691 2182 uoce.

285 2222 365 2283 luter
387 2220 526 2283 relietum
549 2230 578 2282 et
600 2222 751 2282 desertum
775 2221 830 2282 boc
845 2224 986 2297 interest,
1009 2220 1088 2300 quod
1103 2219 1299 2300 relinquimus
1314 2219 1498 2295 uoluntario,

201 2327 366 2387 deserimus
387 2326 481 2384 inuiti.

285 2427 366 2488 luter
387 2428 524 2487 misereri
547 2435 577 2486 et
599 2425 733 2486 miserari
755 2425 812 2484 boc
827 2423 973 2495 interest,'
991 2424 1070 2504 quod
1085 2425 1278 2493 miseremur,
1301 2440 1373 2486 cum
1388 2426 1498 2489 eodem
1511 2436 1537 2475 ὓ

202 2538 336 2609 ternpore
360 2536 389 2588 et
411 2525 491 2588 dolet
513 2526 599 2588 nobis
622 2526 658 2588 de
681 2526 805 2587 alieuius
826 2543 896 2586 casu
911 2536 940 2586 et
955 2525 1149 2588 subueuimus
1171 2523 1333 2595 laboranti,
1357 2528 1500 2590 miserari

201 2628 349 2692 consolari
371 2637 487 2689 tantum
508 2630 585 2688 intra
608 2628 746 2689 allectum
770 2625 891 2687 doloris.

284 2731 365 2792 luter
388 2748 475 2790 orare
499 2737 528 2788 et
550 2732 667 2808 precari
689 2730 746 2789 boe
768 2730 906 2796 interest,
937 2728 1016 2805 quod
1039 2746 1126 2789 orare
1148 2728 1292 2803 dicimus,
1320 2746 1414 2809 quem
1437 2732 1501 2793 oris

270 2984 367 3032 Iiuter
385 2973 515 3032 madidum
533 2991 558 3030 et
575 2981 748 3029 humidumA
783 2981 927 3044 permaduit
939 2979 980 3030 BG
1013 2981 1119 3030 uuidum
1138 2995 1164 3046 p.
1176 2979 1341 3045 pinnac
1375 2980 1503 3035 humidus

202 3054 223 3102 Α
242 3050 375 3100 humidum
393 3065 475 3111 usque
487 3048 569 3110 (quod
582 3064 663 3110 usque
675 3049 705 3109 Ο)
724 3047 757 3097 ad
774 3047 885 3096 medium
904 3049 1022 3112 peruenit
1033 3046 1074 3097 BC
1108 3049 1177 3098 luter
1193 3046 1326 3097 humidum
1345 3052 1503 3103 stupidum

201 3121 251 3169 hoc
268 3120 385 3169 interest,
404 3117 474 3178 quod
486 3116 618 3165 lurmidum
630 3117 733 3180 penitus
752 3115 907 3179 permaduit,
928 3116 1041 3176 auidum,
1060 3115 1130 3178 quod
1148 3115 1260 3165 medium
1277 3130 1364 3178 nsque
1381 3123 1504 3183 peruenit

203 3185 375 3248 Gutbosredus
390 3200 419 3248 p.
432 3188 475 3243 92,
489 3185 524 3246 rs.
536 3184 613 3247 lleiff.
624 3200 650 3247 p.
663 3185 723 3232 294.
741 3183 863 3232 Fortasse
874 3183 914 3232 lu‘c
926 3200 1024 3249 quoque
1037 3184 1155 3233 ‘madidi'
1167 3184 1280 3245 denudo
1298 3184 1358 3234 olla
1373 3189 1504 3239 mutam

201 3259 312 3320 latetque
323 3253 382 3303 iude
394 3254 492 3317 aliquid
501 3251 547 3301 sub
558 3254 602 3302 illo
614 3251 731 3300 ‘maduit’
743 3253 785 3300 uel
795 3252 969 3314 ‘permaduit’.
1016 3254 1204 3315 beomparatur
1212 3249 1256 3300 ΒΟ
1289 3250 1358 3301 idest
1368 3256 1503 3305 centrario

202 3320 242 3372 BC
287 3323 305 3371 4
322 3321 472 3382 antiquitate
489 3321 512 3367 A
530 3318 606 3368 reiert
622 3318 642 3367 B
660 3329 733 3367 uetus
751 3332 820 3367 norro
839 3332 1011 3384 comparatur,
1029 3320 1096 3368 idest
1106 3316 1393 3369 contrario-refertur
1403 3320 1503 3375 Gotho-

199 3392 292 3453 fredus
303 3406 328 3453 p.
342 3390 388 3449 22,
407 3389 441 3450 cs.
454 3388 531 3451 Reiff.
541 3403 569 3451 p.
581 3389 641 3448 294,
660 3389 704 3451 qui
714 3391 740 3436 ‘e
752 3389 894 3437 conmamo'
912 3388 1020 3437 coniecit
1035 3389 1111 3452 idque
1123 3388 1160 3437 ad
1168 3388 1306 3451 superiora
1321 3389 1422 3439 παιδῖ.
1486 3394 1504 3442 5

202 3459 318 3508 timorem
336 3456 398 3504 lacit
415 3455 434 3503 B
452 3457 541 3504 timere
558 3455 619 3503 latuit
636 3454 655 3503 Ο
706 3456 722 3504 6
740 3468 920 3519 proseuerare,
938 3470 1007 3504 corr.
1020 3453 1216 3521 perseuerareB
1232 3444 1434 3519 persedlllrarec
1457 3460 1502 3521 qui

203 3535 278 3575 terret
294 3525 383 3572 timere
400 3524 470 3587 cogit
484 3548 511 3557 —
527 3537 693 3586 perseuerare
713 3522 886 3583 Gotbosredus
903 3538 930 3586 p.
949 3524 982 3571 92
1034 3524 1050 3572 ‘l
1067 3522 1120 3571 inte
1131 3523 1154 3570 Α
1188 3521 1257 3583 quod
1268 3521 1341 3571 solus
1352 3524 1503 3575 -relietus

202 3604 296 3645 estem.
307 3590 349 3641 ΒΟ
399 3589 551 3641 Siniticllll
585 3589 715 3639 solitarius
728 3589 800 3639 solus
812 3604 913 3654 semper
927 3590 990 3637 uiuit
1001 3590 1056 3638 sine
1068 3590 1159 3640 ceteris
1168 3587 1210 3639 BG
1259 3589 1380 3641 burricus
1392 3590 1505 3643 babetur

203 3660 273 3710 solus
286 3657 327 3708 ΒΟ
361 3669 466 3721 propter
478 3658 581 3722 impiam
595 3657 702 3706 aliorum
715 3656 896 3706 desolationem
909 3658 953 3718 qui
966 3669 1079 3707 remanet
1089 3655 1131 3707 BC
1176 3656 1248 3706 solus
1259 3657 1445 3709 -multorum
1456 3662 1503 3721 ait,

202 3728 333 3777 solitarius
351 3726 395 3786 qui
413 3738 514 3788 semper
531 3726 588 3773 sirie
605 3726 710 3773 caeteris
728 3725 796 3787 quit,
815 3726 905 3773 unicus
923 3724 1042 3784 habetur,
1061 3725 1132 3774 solus
1144 3734 1250 3791 propter
1261 3725 1377 3841 inopium
1388 3726 1503 3779 eliorum

205 3794 376 3856 Gotdofredue
386 3807 413 3855 p.
424 3794 465 3851 92,
475 3792 510 3854 rs.
521 3792 597 3855 Reiff.
609 3809 635 3854 p.
644 3792 693 3840 291
742 3794 771 3841 ll
785 3791 852 3840 luter
863 3792 1143 3841 alaeresiu—luxurin
1155 3808 1202 3843 om.
1214 3790 1256 3841 ΒΟ
1288 3792 1503 3847 urisiuetslno-

203 3863 316 3926 copeuA
351 3858 473 3908 alrisisb
527 3859 898 3908 ltdliuerasuetsillabasn
934 3862 956 3909 si
968 3857 1063 3924 genus]
1081 3860 1159 3924 Verp.
1171 3858 1265 3909 Aee!
1277 3861 1329 3910 m
1382 3863 1503 3915 1Βεὶπο-

204 3930 299 3994 capell
353 3930 385 3976 14
402 3921 539 3991 apparent]
558 3918 808 3991 Verp.Aen.1118
860 3929 892 3978 lb
910 3927 1003 3976 luxorii
1021 3929 1154 3977 instruitur
1163 3941 1211 3992 pro
1222 3926 1356 3977 luxorius
1389 3928 1502 3997 domus]

208 3999 286 4061 Very.
301 3999 366 4045 Aen.
383 3994 400 4043 I
418 3997 470 4045 637
503 3993 651 4059 aphaeresis
662 4020 692 4029 -
703 3994 731 4041 lit
748 3994 843 4043 litteras
862 3995 901 4043 uel
920 3995 1032 4057 syllabae
1049 3995 1227 4045 detraheus—
1238 4009 1371 4060 syncopen
1389 3998 1504 4049 mediam

204 4066 337 4131 perdit-
356 4077 413 4111 raro
433 4073 521 4111 uarrtcs
538 4086 572 4098 —-
588 4076 722 4127 apocopen
740 4076 772 4109 ex
791 4062 878 4110 ultima
898 4076 924 4112 ut
942 4064 973 4111 ud
992 4064 1084 4112 domus
1102 4063 1165 4111 luxu
1181 4063 1315 4113 instruitur
1330 4078 1380 4127 pro
1398 4062 1506 4116 luxuria

206 4132 378 4193 Gotbefredue
392 4133 467 4194 p.92
537 4131 569 4179 16
581 4131 775 4179 solatisurumb
795 4130 956 4178 solecismum
971 4130 1010 4179 bd
1044 4128 1261 4179 barbarismumb
1295 4130 1504 4192 quodsolumin

204 4201 314 4249 seusuA
333 4198 402 4260 quod
420 4198 585 4247 solescismus
599 4198 760 4259 (solecismus
774 4196 803 4262 C)
816 4199 841 4245 in
855 4213 932 4247 senisu
946 4198 974 4246 bt
988 4198 1027 4247 bc
1079 4198 1378 4249 libabbamiuuocell
1415 4201 1505 4253 soloe·

204 4270 300 4317 risurus
313 4268 338 4315 in
352 4281 414 4315 uoce
427 4265 497 4313 flt—
513 4280 573 4315 crore
586 4266 758 4327 Gothosredus
768 4282 794 4328 p.
805 4269 847 4327 92,
860 4267 895 4327 cf.
909 4266 985 4330 lleiff.
996 4284 1023 4330 p.
1034 4269 1084 4316 291
1138 4266 1314 4316 menceus
1349 4267 1504 4331 reliquimus

205 4334 331 4395 A‚cnt.B
367 4333 543 4398 uolmuariqA
562 4331 748 4382 uoluntariaeC
801 4335 832 4383 19
845 4334 916 4382 inuiti
930 4346 954 4382 et
966 4335 1132 4383 sarbuenimns
1145 4333 1269 4383 laboranti
1282 4336 1506 4401 A,rf.eequeretiu

205 4403 370 4464 relinquimur
389 4401 518 4449 uoluntate
535 4401 677 4450 deserimur
694 4401 766 4449 inuiti
781 4401 953 4463 Gelbesredus
969 4419 997 4466 p.
1007 4405 1054 4461 92,
1073 4402 1109 4464 cs.
1119 4402 1197 4465 Beiff.
1208 4418 1237 4466 p.
1248 4400 1300 4450 288
1348 4403 1384 4454 ii)
1394 4404 1505 4460 mulsere-

206 4518 262 4551 mur
279 4501 358 4553 oar.B
377 4502 447 4563 equod
465 4502 614 4550 miseremur
631 4506 656 4550 ln
673 4501 758 4551 racc
810 4517 866 4550 cum
886 4518 914 4551 eo
931 4502 1083 4568 temporali
1152 4504 1184 4552 21
1203 4475 1340 4553 aliertilsc
1382 4508 1504 4557 eursu

205 4570 334 4620 causallG
368 4580 392 4618 et
404 4569 570 4618 subueniums
583 4568 706 4618 laboranti
715 4571 853 4631 ommes.
861 4573 1045 4635 praecedentia
1079 4570 1302 4635 subuenilllmusl)
1334 4571 1505 4623 consulariA

205 4640 238 4687 22
257 4649 353 4687 tanatum
371 4639 465 4685 intrare
483 4636 574 4685 ellectu
591 4636 688 4686 doloris
707 4640 727 4685 Α
747 4651 843 4685 tantum
862 4650 901 4688 est
917 4641 982 4687 iuter
999 4639 1116 4688 allectum
1134 4638 1231 4688 doloris
1250 4638 1269 4687 B
1303 4639 1460 4691 miseremur
1471 4668 1505 4678 -

207 4716 303 4753 tanmrn
317 4718 341 4754 et
352 4707 418 4753 iutra
430 4704 547 4753 allectum
561 4704 657 4752 doloris
670 4722 727 4753 esse
737 4705 909 4767 Gctbosredue
920 4724 946 4770 p.
958 4710 999 4765 92,
1009 4708 1042 4769 ef.
1055 4708 1131 4771 Reiff.
1143 4724 1168 4771 p.
1179 4710 1230 4756 279
1280 4708 1314 4758 23
1326 4718 1352 4756 et
1362 4706 1506 4773 deprecere

209 4774 229 4819 :l
265 4772 312 4821 boc
331 4774 409 4822 estd
445 4771 515 4834 quod
534 4787 607 4820 orare
623 4772 732 4821 dicimus
751 4789 825 4833 quem
844 4776 924 4824 orutlo
942 4776 1011 4823 deicit
1029 4781 1049 4824 Α
1070 4776 1139 4836 quod
1159 4790 1230 4824 orare
1248 4776 1300 4849 erip
1319 4775 1383 4824 ratio
1402 4790 1445 4826 est
1462 4776 1506 4829 Bc
