3382 5476
772 370 822 421 DE
840 369 962 422 Lusius
980 370 1241 422 Bussuuusluva

804 603 844 708 2)
873 611 963 685 coil.
989 612 1106 684 Bora.
1133 611 1245 690 123.

446 779 517 840 ooo.
542 778 637 838 Bern.
663 784 718 837 123
738 794 820 840 saec.
844 779 879 839 X
899 778 1006 852 formo
1026 781 1163 840 maxima
1184 780 1230 839 nil
1249 781 1310 840 nisi
1327 782 1546 855 grammaticos
1567 782 1663 842 libros

360 882 518 941 continens
539 878 628 952 soliis
656 879 747 940 CXX
751 880 834 942 VIII
855 886 989 942 constat:
1015 880 1071 941 sed
1095 887 1126 940 et
1145 882 1177 940 in
1199 882 1285 941 initio
1306 891 1334 940 et
1356 884 1387 941 in
1406 883 1469 954 fine
1489 880 1563 942 bina
1579 881 1661 955 solia

360 984 506 1042 adiuncto
528 988 599 1042 sunt
625 981 733 1043 lacero
754 982 931 1043 condicione
950 983 1074 1044 saecqu
1101 985 1205 1057 quinto
1232 984 1282 1043 uel
1307 989 1395 1043 sexto
1421 985 1540 1059 scripta
1565 985 1660 1045 eccle·

359 1084 478 1144 siastiei
496 1085 677 1165 argumenti.
723 1083 827 1144 Codex
848 1089 877 1142 et
897 1084 935 1143 oi
957 1085 1045 1143 initio
1065 1089 1095 1142 et
1115 1084 1146 1142 in
1172 1085 1235 1156 fine
1261 1085 1415 1144 mutilatus
1443 1086 1514 1145 olim
1536 1085 1661 1145 ilaria-

359 1186 455 1246 censis
477 1184 561 1245 Petri
580 1184 731 1259 Danielis,
754 1186 842 1245 cinus
862 1200 955 1245 manu
976 1185 1070 1244 malm
1091 1186 1124 1244 in
1145 1185 1335 1260 marginibus
1357 1187 1475 1262 scripta
1495 1191 1575 1259 sunt,
1598 1194 1660 1247 tum

360 1286 528 1360 Bonparsii
543 1284 625 1360 suit,
648 1287 735 1346 cuius
755 1301 862 1382 nomen
883 1287 916 1346 in
935 1287 1038 1362 primo
1052 1294 1082 1346 et
1097 1288 1128 1346 in
1150 1288 1257 1347 ultima
1273 1288 1394 1362 popina
1416 1289 1539 1361 lepitur.
1578 1285 1658 1359 Qua·

359 1389 525 1448 ternionum
546 1389 636 1462 siena
657 1389 844 1462 regulariter
860 1390 964 1462 posito
981 1396 1050 1447 sant
1070 1389 1141 1447 inde
1155 1405 1176 1448 o
1192 1386 1222 1459 s.
1239 1383 1274 1446 8⁶
1289 1383 1357 1470 (II)
1373 1389 1525 1463 usquead
1540 1386 1570 1460 s.
1588 1385 1660 1448 128⁵

360 1485 490 1569 (XVII)
509 1491 623 1565 passim
639 1488 805 1566 putredine
826 1488 940 1558 deleto,
962 1489 1017 1549 seri
1036 1491 1202 1550 maximam
1219 1495 1343 1565 partem
1365 1495 1534 1565 temporum
1555 1490 1658 1565 uepri-

359 1597 420 1650 tote
445 1597 638 1651 conseruato.
683 1591 818 1651 Primm
845 1592 941 1665 igitur
967 1591 1068 1666 operis
1095 1593 1324 1666 quaternionem
1352 1592 1539 1652 intercidisse
1562 1597 1657 1667 patet,

358 1693 444 1752 cuius
465 1700 673 1767 orpunemum
695 1700 796 1754 utrum
817 1692 862 1751 ad
880 1694 976 1753 solam
996 1708 1081 1768 eam,
1105 1707 1125 1751 a
1146 1709 1207 1767 qua
1229 1691 1306 1751 liner
1327 1693 1451 1769 incipit,
1475 1699 1570 1752 artem
1588 1709 1659 1768 per·

359 1796 498 1862 tinuerit,
520 1811 560 1854 on
584 1795 649 1855 olio
670 1811 788 1870 quoquc
807 1796 925 1870 scrt‘pto
946 1796 1128 1870 conplexum
1147 1793 1255 1867 suerit,
1279 1792 1408 1866 dit'ficile
1421 1799 1466 1854 est
1480 1794 1658 1862 diiudicata

359 1896 413 1955 seri
426 1912 494 1956 oiim
509 1911 545 1953 ea
559 1913 626 1964 ors,
649 1912 711 1970 quo
726 1910 807 1956 nunc
820 1895 950 1956 liabetur
959 1893 1084 1972 formo,
1106 1897 1168 1955 iam
1191 1912 1211 1954 o
1232 1897 1340 1956 litteris
1360 1896 1520 1957 exordium
1542 1898 1658 1973 capiat,

360 1997 551 2057 uerisimilius
572 2003 615 2057 est
636 1998 699 2056 atio
720 2012 838 2072 quoqne
859 1997 1062 2057 antecessisse.

443 2097 551 2172 Itaque
569 2096 596 2172 s.
616 2103 650 2155 1·
666 2131 706 2140 -
718 2097 748 2171 s.
766 2093 834 2156 31⁸:
857 2098 1056 2159 Clementis
1069 2096 1189 2172 Scoti,
1214 2100 1268 2175 oui
1288 2106 1427 2171 uocatur,
1451 2115 1505 2159 ors
1519 2100 1658 2159 extotolr

358 2201 444 2260 initio
463 2201 583 2261 mutila:
614 2205 660 2259 est
682 2195 728 2278 ap'
751 2199 874 2259 latinum
899 2197 989 2277 (corr.
1013 2197 1078 2277 -osj
1108 2198 1187 2260 unde
1216 2198 1345 2259 latinitas
1373 2205 1438 2260 orta
1467 2207 1521 2260 cst.
1566 2199 1660 2261 Maior

359 2300 486 2380 populus
509 2309 538 2361 et
559 2301 651 2378 magis
674 2300 802 2379 egregiis
823 2299 937 2362 artibus
958 2299 1075 2380 pollens
1096 2302 1173 2361 tusci
1196 2300 1316 2362 fuerunt
1339 2303 1392 2378 qui
1415 2299 1453 2360 de
1474 2309 1578 2362 natura
1601 2300 1657 2362 lin·

358 2419 435 2480 guae
457 2420 529 2464 suae
550 2421 573 2463 s.
598 2399 726 2464 litteram
749 2419 818 2463 raro
841 2408 1024 2482 expremant.
1048 2389 1104 2478 hec
1126 2420 1176 2463 res
1198 2420 1262 2463 eam
1279 2403 1350 2464 iecit
1371 2400 1483 2464 habere
1505 2401 1658 2480 liquidam.

444 2503 508 2565 Hoc
529 2503 682 2565 sciendum
706 2502 784 2582 quod
807 2505 863 2565 ista
884 2502 997 2564 ¹¹littera
1019 2502 1135 2564 -Est
1157 2506 1246 2565 etiam
1270 2502 1446 2582 abnegatioa
1468 2512 1500 2565 ut
1522 2522 1657 2567 securus.

359 2604 500 2668 Proterea
515 2595 625 2668 seorsit
645 2604 822 2668 aducrbium
838 2625 897 2667 ase
914 2617 946 2666 ut
961 2623 977 2665 a
993 2605 1030 2666 de
1047 2605 1187 2666 deorsum
1205 2614 1236 2666 ct
1251 2624 1266 2666 a
1282 2622 1372 2685 super
1387 2623 1514 2667 sursum.
1552 2605 1657 2668 FlNlT

359 2707 401 2779 ae
424 2707 729 2778 unurosmioum:
774 2709 871 2769 Manu
902 2710 1068 2769 recentiori
1097 2710 1236 2783 quamuis
1274 2710 1350 2768 sotis
1387 2709 1514 2784 antiqua
1545 2725 1658 2785 super-

356 2814 568 2887 scriptumest
589 2790 654 2870 Lffi
674 2810 722 2871 DE
746 2807 891 2886 saurim
915 2789 1092 2869 ouillum
1101 2816 1132 2868 et
1151 2826 1243 2885 super
1264 2810 1322 2870 loc
1341 2825 1449 2883 manu,
1472 2817 1506 2871 ut
1524 2810 1657 2888 eidam,

357 2916 446 2974 etiam
469 2915 632 2972 recentiori
652 2908 864 2971 CLEMENTlS
887 2907 1010 2973 scoti.
1033 2908 1078 2982 cs.
1097 2912 1193 2971 Keilii
1209 2910 1315 2987 praef.
1331 2910 1375 2969 od
1392 2910 1510 2972 Oloris.
1524 2928 1656 2987 pramm.

357 3015 459 3074 Latin.
482 3016 544 3073 ool.
568 3013 637 3088 lp.
662 3011 744 3072 XIX
770 3019 799 3071 et
820 3012 859 3071 de
881 3010 1038 3071 Clementis
1059 3011 1145 3072 Scoti
1164 3015 1285 3074 nomine
1305 3013 1376 3073 eiiii.
1395 3030 1430 3089 p.
1453 3014 1519 3079 XX
1539 3022 1601 3076 not.
1625 3023 1656 3075 et

354 3131 543 3192 propromm.
561 3115 689 3189 Erlanp.
708 3118 784 3173 1868
801 3131 836 3189 p.
855 3119 899 3173 tt.
944 3110 1162 3187 Excerpsimus
1175 3129 1217 3175 eae
1230 3115 1291 3174 ltac
1305 3121 1373 3175 arte
1388 3118 1534 3176 nonnulla
1544 3115 1654 3193 praef.

352 3215 457 3294 partis
479 3214 590 3276 tertiae
610 3222 679 3275 scot.
705 3215 756 3292 ll,
780 3214 848 3288 ΙΙΙ,
872 3215 906 3282 V,
936 3216 990 3293 VI,
1014 3215 1056 3288 X,
1081 3216 1140 3275 XI.

444 3319 517 3384 Tum
539 3320 674 3392 sequitur
694 3317 780 3376 nullo
798 3319 958 3393 proposui
979 3319 1174 3391 inscriptione
1187 3334 1241 3378 ars
1262 3320 1447 3393 quaedam
1469 3333 1656 3397 anonymo

354 3420 382 3492 f.
406 3418 458 3479 31ὁ
472 3419 553 3492 -s.
572 3425 638 3487 53⁸,
661 3436 740 3494 quoe
761 3418 862 3478 uerbis
884 3421 915 3478 in
934 3420 996 3490 fine
1012 3421 1135 3494 positis:
1157 3417 1218 3479 Nec
1235 3416 1303 3496 (lep.
1320 3419 1406 3497 hanc)
1428 3437 1516 3500 quam
1540 3419 1656 3481 breuis·

356 3522 431 3583 sime
464 3520 575 3583 nostris
608 3521 709 3599 pueris
742 3517 836 3597 legem
871 3520 1112 3598 interrogationis
1140 3537 1176 3580 ex
1206 3519 1311 3582 Donati
1345 3529 1409 3582 arte
1435 3523 1654 3600 promulgatam

356 3622 588 3702 conscripsimus
609 3625 677 3697 ipsa
703 3622 742 3680 de
763 3639 795 3681 se
819 3623 1001 3698 praedicat,
1032 3638 1146 3682 merum
1168 3638 1224 3682 nos
1245 3623 1396 3685 Ilonutam
1418 3624 1468 3684 liic
1489 3625 1553 3684 illic
1573 3624 1654 3684 ‹lila-

355 3731 449 3786 tatum
475 3725 703 3801 expositumque
728 3724 867 3784 manibus
893 3732 1005 3785 tenere.
1051 3725 1148 3801 Atque
1176 3724 1233 3785 lioc
1259 3727 1358 3801 ipsum
1380 3727 1455 3787 locis
1475 3725 1654 3801 quiimdam

355 3829 484 3887 conlatis
497 3826 713 3902 conprobatur.
746 3827 814 3886 Iam
832 3828 936 3901 prima
951 3829 1029 3886 ortis
1043 3827 1137 3886 uerba
1152 3828 1266 3887 Donati
1279 3829 1357 3886 artis
1378 3829 1503 3887 maioris
1524 3829 1653 3900 uestigia

355 3928 434 3988 adeo
450 3936 609 4003 premunt,
631 3936 665 3988 ut
684 3935 810 4003 praeter
831 3929 1047 4001 interrogandi
1066 3935 1095 3986 et
1115 3928 1320 4003 respondendi
1335 3926 1472 3999 sormam
1490 3930 1536 3988 nil
1554 3944 1654 4004 poene

356 4030 430 4090 noui
450 4030 601 4091 addatur:

440 4144 448 4230 [Ι
465 4150 483 4206 l.
500 4144 559 4208 31¹³
574 4144 582 4227 Η
604 4149 672 4218 Quid
696 4160 738 4208 cst
760 4152 831 4208 uoil
867 4155 920 4207 Aer
942 4153 1012 4209 ictus
1035 4150 1173 4209 sensibilis
1195 4161 1327 4226 quantum
1352 4152 1377 4207 in
1401 4154 1461 4227 ipso
1483 4160 1534 4210 est.
1579 4150 1653 4219 Quot

356 4233 450 4310 (quoi)
478 4236 628 4292 diuisiones
657 4236 755 4293 italici?
799 4237 867 4292 lluas
895 4236 1068 4311 principales.
1114 4234 1204 4304 Quasl
1241 4235 1416 4294 articulatam
1446 4245 1474 4293 ct
1499 4237 1651 4294 confusam.

355 4320 428 4388 Quae
450 4329 494 4377 est
515 4319 676 4377 articulata?
712 4318 787 4387 Quae
808 4321 891 4378 scribi
913 4330 1016 4396 potest.
1059 4319 1133 4388 Quae
1155 4320 1287 4378 coniusal
1309 4320 1383 4389 Quae
1405 4321 1488 4379 scribi
1511 4339 1565 4378 nou
1588 4331 1651 4396 pot·

355 4417 406 4460 est.
450 4406 540 4462 Litora
570 4406 633 4480 quiri
663 4405 724 4461 est?
768 4406 832 4462 Pars
860 4405 968 4463 minima
997 4407 1074 4462 uocis
1102 4406 1269 4465 articulatae.
1313 4404 1385 4473 Quot
1413 4415 1477 4463 suut
1499 4406 1650 4464 diuisiones

355 4492 525 4548 litterarum?
552 4491 622 4546 ltuae
638 4490 809 4564 principales.
840 4489 933 4559 Quasi
957 4491 1068 4547 vocales
1083 4500 1109 4546 ct
1125 4500 1317 4548 consonantes.
1356 4489 1428 4558 Quot
1442 4500 1506 4547 sunt
1523 4491 1650 4549 trocalesl

355 4576 488 4651 Quinque.
519 4574 610 4642 Quae?
633 4579 652 4630 Α
670 4577 707 4631 ei
725 4592 784 4632 ou.
821 4574 893 4642 Quot
908 4592 939 4631 ex
955 4575 997 4632 liis
1021 4584 1164 4632 transeunt
1186 4577 1212 4632 lu
1235 4575 1444 4634 consonantium
1466 4576 1650 4651 potestatem?

355 4661 433 4717 ltuae.
477 4659 568 4729 Quae?
606 4659 664 4715 let
687 4677 713 4716 u.
756 4657 868 4727 Quando
898 4669 1039 4717 transeunt
1066 4662 1094 4716 in
1122 4661 1329 4734 supradictam
1358 4661 1539 4734 potestatem?
1582 4663 1649 4718 tium

355 4746 427 4800 inter
454 4763 484 4801 se
511 4746 698 4820 geminantur,
728 4755 775 4801 aut
803 4762 863 4801 cum
892 4744 951 4801 aliis
979 4743 1120 4802 uocalibus
1149 4747 1308 4820 iunguntur.
1352 4745 1386 4801 [la
1409 4746 1539 4820 exempla.
1582 4746 1650 4803 luam

356 4837 432 4886 troies
455 4839 518 4903 eta,
539 4830 580 4903 cf.
602 4829 712 4886 Donati
731 4838 786 4888 ort.
809 4829 846 4886 ΙΙ
863 4847 892 4903 p.
916 4828 984 4901 367,
1009 4835 1118 4886 5-tt.
