3382 5476
695 394 907 448 BERNENSIS.
1409 395 1449 458 Ti

152 584 320 645 Donatus
346 582 434 643 dixit:
460 581 667 662 Aliquando
690 585 786 644 enim
808 583 997 662 positinns
1019 583 1155 660 gradus
1177 590 1321 645 tantum
1344 585 1448 644 inne·

150 687 269 754 nitur,
299 692 337 745 ut
365 684 583 754 mediocris,
613 683 815 762 aliquando
844 691 964 746 autem
992 686 1185 763 positiuus
1207 692 1242 745 et
1265 702 1448 764 conpara·

151 789 267 857 tiuus,
298 795 336 847 ut
361 806 475 849 senex
503 788 643 848 senior.
689 785 761 848 Nam
791 787 963 848 senissimus
991 787 1050 848 dici
1077 795 1181 848 natura
1202 786 1373 864 tragilitatis
1394 787 1447 848 hu·

151 907 255 950 manae
279 908 337 950 non
361 891 513 969 permittit.
559 887 749 949 Interdum
777 889 970 966 positiuus
993 894 1030 946 et
1051 884 1312 965 superlatinus
1335 893 1448 971 tantm

123 991 311 1061 sinuenitur,
336 997 377 1051 ut
398 992 481 1069 pius
504 991 708 1069 piissimus.
745 987 819 1050 Nam
841 990 920 1068 piior
944 987 1003 1048 dici
1024 1006 1086 1048 non
1108 995 1215 1068 potest.
1251 987 1355 1051 Nullus
1369 989 1447 1049 enim

149 1095 360 1172 conparatiuns
382 1095 392 1152 i
415 1090 561 1171 duplicem
585 1089 675 1151 lrabet
696 1100 765 1152 ante
786 1108 831 1158 or,
856 1088 908 1149 sed
931 1104 987 1166 pro
1010 1090 1203 1167 conparatiuo
1226 1090 1320 1168 magis
1341 1088 1448 1151 aduer-

150 1194 230 1256 bium
260 1196 397 1273 ponitur,
428 1203 460 1254 ut
488 1195 593 1270 ‘magis
623 1195 689 1272 pius
717 1193 767 1253 hic
789 1208 878 1269 quam
901 1189 975 1251 ille’.
1019 1191 1111 1269 idagis
1133 1207 1251 1270 quoque
1273 1188 1446 1252 aduerbium

150 1314 209 1356 non
237 1295 332 1356 solum
361 1296 503 1375 positino,
533 1293 584 1356 sed
614 1296 703 1355 etiam
731 1295 924 1373 conparatiuo
949 1292 1082 1370 iungitur
1105 1298 1135 1352 et
1156 1293 1252 1354 uicem
1276 1291 1448 1372 superlatiui

149 1395 286 1476 conplet,
310 1404 342 1455 ut
365 1397 471 1473 ‘magis
493 1394 620 1455 doctior'
643 1413 698 1473 pro
721 1393 925 1463 doctissimus;
949 1392 1152 1473 aliquando
1174 1395 1448 1473 conparatiuus

112 1507 186 1558 roet
222 1497 483 1577 superlatiuus
521 1504 634 1558 tantum
667 1498 835 1567 inuenitur,
872 1504 910 1556 ut
946 1495 1108 1556 ulterior
1145 1494 1309 1556 ultimus.
1369 1493 1448 1557 tti-

149 1598 295 1678 quando
318 1597 582 1676 superlatiuus
606 1606 760 1667 tanturn,
790 1605 828 1658 ut
849 1598 1088 1659 nouissimus.
1134 1597 1217 1658 Scias
1238 1605 1353 1666 autem,
1376 1614 1447 1657 con·

148 1701 336 1761 suetudinem
366 1702 475 1760 trinam
503 1718 568 1761 esse
590 1701 621 1760 in
644 1701 868 1780 conparatione:
897 1707 967 1759 sunt
989 1699 1067 1759 enim
1089 1697 1146 1758 alia
1168 1700 1301 1768 nomina,
1330 1701 1361 1759 ia
1383 1700 1448 1776 qui·

150 1800 205 1862 bus
228 1820 286 1861 uox
310 1819 443 1880 congrue
461 1800 622 1880 respondet
637 1801 783 1881 qualitati,
807 1808 841 1862 ut
855 1799 960 1861 doctus
974 1798 1090 1861 doctior
1106 1799 1306 1872 doctissimus,
1330 1802 1449 1880 sapiens

148 1905 310 1983 sapientior
334 1901 589 1983 sapientissimus,
618 1902 703 1965 tortis
731 1903 836 1964 fortior
864 1903 1056 1970 fortissimum
1086 1910 1115 1961 et
1145 1910 1214 1962 suot
1239 1900 1294 1962 alia
1317 1903 1448 1971 nomina,

111 2025 137 2065 15
149 2006 180 2065 in
208 2003 315 2082 quibus
344 2022 401 2065 uox
429 2003 562 2065 dissonat
588 2023 604 2065 a
632 2003 787 2082 qualitate,
823 2013 855 2066 ut
882 2021 1008 2083 magnus
1036 2006 1130 2064 maior
1157 2005 1317 2075 maximus,
1352 2002 1448 2067 bonus

107 2109 111 2116 '
149 2093 255 2167 melior
277 2108 421 2185 optimus,
446 2105 540 2167 malus
562 2108 647 2186 peior
668 2107 831 2186 pessimus,
855 2105 991 2166 modicus
1013 2107 1110 2169 minor
1132 2107 1287 2174 minimum
1310 2104 1449 2184 exigebat

148 2211 228 2269 enirn
251 2208 390 2288 qualitas,
415 2228 520 2269 uocem
543 2206 697 2289 aequalem
719 2225 784 2270 esse
807 2215 837 2268 et
859 2209 1102 2277 conuenientem,
1126 2216 1298 2285 utmagnus
1313 2209 1448 2285 magnior

151 2306 233 2391 magii
251 2306 535 2392 contineamus,
558 2310 656 2370 bonus
679 2308 785 2370 bonior
810 2308 1006 2377 benissimus,
1031 2307 1124 2370 malus
1140 2308 1245 2371 malior
1260 2307 1446 2380 malissimus,

150 2411 282 2474 modicus
305 2412 448 2472 modicior
474 2412 706 2481 modicissimus,
736 2411 788 2471 sed
809 2410 867 2471 lroc
889 2429 937 2471 ars
959 2427 1019 2470 non
1041 2411 1194 2489 permittit.
1239 2409 1311 2472 llam
1335 2411 1447 2490 eupho-

109 2514 215 2575 eoniae
243 2514 319 2574 ratio
346 2510 585 2591 inaequalitatem
614 2512 756 2592 deposcit.
805 2511 881 2572 Sunt
908 2511 965 2572 alia
992 2514 1128 2581 nomina,
1157 2515 1188 2571 t'n
1216 2511 1325 2590 quibus
1353 2515 1446 2576 inter·

149 2615 219 2676 dum
249 2614 375 2695 qualitas
404 2615 518 2684 deficit,
549 2623 581 2675 ut
608 2615 777 2676 mediocris.
828 2614 901 2675 liam
930 2613 1109 2674 mediocrior
1139 2622 1169 2673 et
1195 2613 1447 2676 mediocrissimus

149 2717 210 2779 diei
237 2736 297 2778 non
326 2725 465 2795 possunt,
496 2719 579 2796 quia,
609 2716 727 2796 qnando
750 2715 859 2775 dicitur
881 2714 1055 2786 mediocris,
1084 2713 1191 2795 plenus
1212 2723 1257 2775 est
1278 2714 1447 2777 intellectus

150 2819 376 2885 mediocritatis;
400 2819 430 2878 in
446 2817 510 2879 aliis
528 2826 627 2879 autem
650 2816 823 2879 nominibus
844 2836 901 2878 uox
926 2817 1039 2893 delicit,
1063 2823 1095 2876 ut
1110 2818 1176 2896 pius
1191 2818 1354 2897 piissimus:
1378 2835 1445 2880 nam
1467 2831 1469 2834 ⁴

144 2921 227 2999 .piior
256 2922 314 2980 dici
343 2938 402 2979 non
430 2927 535 2998 potest.
582 2919 685 2981 Omnis
713 2921 790 2980 enim
820 2921 1031 2998 conparatiuus
1060 2937 1075 2979 a
1104 2920 1243 2996 genetiuo
1271 2921 1393 2999 positiui
1415 2922 1447 2981 tit

110 3043 137 3084 m
150 3021 263 3083 adiecta
286 3041 321 3082 or
341 3020 468 3101 syllaba,
493 3031 525 3082 nt
546 3021 649 3082 doctus
672 3020 751 3081 docti
773 3020 904 3091 doctior;
934 3022 958 3081 si
981 3030 1079 3083 autern
1103 3020 1184 3082 dicas
1206 3024 1275 3101 pius
1295 3024 1342 3108 pii
1359 3024 1446 3103 piior,

149 3122 295 3204 duplicata
310 3126 320 3184 i
335 3123 432 3184 littera
456 3133 524 3184 ante
546 3142 580 3184 or
603 3123 674 3183 lerri
696 3140 755 3183 non
778 3131 889 3203 potest,
913 3125 979 3203 quia
1003 3123 1086 3184 dnoi
1108 3124 1138 3182 in
1162 3126 1356 3202 conparatiuo
1378 3133 1447 3186 ante

149 3243 183 3287 or
210 3234 289 3286 stare
321 3244 380 3286 non
408 3233 542 3304 possunt.
588 3225 664 3286 Sunt
686 3225 742 3286 alia
765 3228 900 3295 nomina,
929 3242 1004 3303 quae
1026 3227 1261 3303 grammatici
1284 3225 1447 3305 probibent

148 3330 320 3408 conparari,
344 3336 377 3389 ut
399 3327 509 3395 tidelis;
533 3346 600 3388 nam
626 3326 741 3388 fidelior
757 3326 805 3388 uel
820 3325 1008 3387 fidelissimus
1023 3326 1082 3387 dici
1096 3345 1202 3388 sensus
1218 3344 1277 3386 nou
1290 3328 1447 3405 permittit,

148 3430 218 3509 quia
247 3428 352 3508 plenus
380 3437 426 3490 est
452 3427 620 3490 intellectus
647 3427 796 3489 fidelitatis
823 3431 855 3489 in
878 3428 944 3496 illo;
973 3429 998 3489 si
1021 3430 1100 3489 enim
1123 3428 1238 3490 dicatur
1258 3427 1373 3490 fidelior
1397 3428 1446 3490 uel

111 3553 137 3593 ao
150 3530 354 3600 fidelissimus,
377 3529 441 3601 ille,
466 3533 517 3608 qui
539 3532 594 3592 luit
615 3530 726 3599 fidelis,
749 3529 875 3592 inlidelis
890 3538 944 3590 cst.
982 3529 1133 3592 Positiuus
1155 3547 1227 3609 erqo
1248 3531 1280 3590 in
1302 3548 1446 3610 conpara·

148 3636 231 3694 tione
254 3633 404 3712 perlectus
427 3642 456 3693 et
477 3632 630 3694 absolutus
651 3640 696 3693 est
717 3651 733 3692 a
756 3633 909 3693 seruitute.
947 3632 1160 3711 Conparatiuus
1175 3639 1274 3693 autem
1288 3630 1446 3712 aliqnando

148 3736 241 3796 seruit
269 3737 465 3804 nominatiuo,
494 3737 668 3815 interposita
696 3752 799 3814 quam,
828 3742 860 3794 ut
883 3734 1011 3795 ‘doctior
1031 3733 1080 3795 hic
1103 3751 1190 3812 quam
1213 3732 1286 3805 ille',
1315 3744 1346 3796 et
1366 3734 1445 3798 abla-

149 3840 212 3899 tiuo
240 3854 307 3898 cnm
337 3840 572 3918 praepositione,
603 3844 633 3898 ut
662 3833 779 3897 ddctior
806 3835 844 3896 ab
872 3836 932 3897 illo.
976 3836 1050 3897 ltem
1078 3839 1297 3916 conparatiuus·
1316 3836 1446 3899 ablatiuo

148 3938 292 4018 singulari
314 3941 379 4001 sine
401 3942 635 4020 praepositione,
659 3948 693 4000 ut
713 3939 829 4001 doctior
850 3937 911 3999 illo.
955 3937 1028 4000 lnde
1050 3937 1213 3999 Donatus
1235 3938 1323 3999 dixit:
1353 3939 1446 4001 Con·

111 4044 343 4122 mparatinus
372 4042 508 4120 gradus
536 4045 597 4103 cui
624 4043 726 4102 casui
755 4042 896 4102 seruit?
940 4038 1113 4102 Ablatiuo
1141 4042 1223 4101 sine
1248 4042 1445 4120 praeposi·

149 4146 267 4205 tione:
302 4144 459 4205 dicimus
492 4147 589 4205 enim
624 4143 790 4205 ‘doctior
823 4141 917 4205 illo'.
966 4140 1080 4202 Tamen
1109 4140 1330 4203 Priscianus
1358 4140 1444 4203 dixit:

219 4397 378 4467 llionatns]
397 4391 426 4465 p]
445 4403 508 4466 374,
527 4403 559 4450 19
628 4401 772 4452 3lrumane
839 4392 1015 4465 linterdum]
1036 4396 1131 4450 domi
1147 4396 1227 4451 urdo
1243 4403 1301 4451 runt
1319 4399 1337 4453 i.
1355 4400 1372 4451 i.
1429 4397 1446 4450 6
1527 4389 1531 4395 ’

148 4481 197 4532 pro
215 4470 364 4533 conparatio
434 4466 618 4534 deliquando]
638 4471 736 4520 Donati
751 4468 889 4520 cerdati.
959 4469 991 4518 10
1010 4467 1084 4517 ultim
1140 4471 1171 4519 12
1190 4469 1289 4518 trimam
1341 4469 1446 4531 quibem,

148 4551 196 4585 on·
215 4536 241 4584 in
311 4539 343 4587 15
360 4536 470 4586 desonat
486 4540 588 4603 magnis
650 4539 682 4588 16
698 4534 776 4601 meliill
827 4536 929 4585 exiebat
998 4536 1028 4586 17
1047 4536 1162 4599 equalem
1214 4538 1247 4587 m
1265 4534 1320 4588 lttrs
1373 4535 1444 4601 Nulli!

149 4603 279 4684 euphonia
296 4605 396 4654 ratione
413 4604 561 4684 qualitatem
598 4674 603 4685 ¹
644 4608 679 4655 20
696 4617 757 4654 sunt
773 4603 807 4653 ali
825 4604 928 4683 pontina
946 4603 1043 4684 quibus
1125 4607 1157 4655 21
1181 4616 1208 4654 nt
1225 4605 1445 4685 mediocrissimus

149 4671 301 4806 ppoeppqcspm
319 4675 532 4804 1ι1ΞΑιειΒιιῑμιειιιι26
550 4673 632 4792 nerlii
649 4675 897 4790 dtlclitllllldllllem
917 4671 1372 4821 cnop]pqpplpppppnppmhgospppqtprfi
1386 4675 1446 4791 sila}

147 4820 345 4940 prapppsppopp
363 4811 450 4864 seruit,
486 4809 545 4859 inde
567 4810 677 4859 donatus
764 4805 1089 4874 Donatus]p.355,12
1191 4810 1224 4859 36
1245 4808 1445 4877 Prrsemntts]1
