3382 5476
707 394 745 444 IN
765 392 974 444 EVTYCHEM.

278 582 425 656 Sequitur
445 583 546 642 breuis
569 587 721 642 tractatus
741 584 779 640 cte
800 584 887 658 cyclo
904 584 1065 658 pusrlrali:

279 705 435 760 Termitrurn
458 705 593 777 pascalem
616 721 639 758 a.
664 703 716 758 Xll.
742 702 792 757 kal.
817 703 896 776 april.
919 721 1005 777 usque
1028 704 1060 758 ad
1083 702 1148 758 ΧΙΙΙΙ
1172 702 1222 758 tat.
1247 705 1317 760 maii.
1340 703 1404 759 xlttl
1428 704 1490 759 luna

191 791 372 845 demonstrat.
408 790 564 844 Terminum
588 806 655 845 uero
680 788 884 861 quadragesime
907 788 1065 844 uiuidus
1089 788 1216 843 februarii
1240 790 1380 862 usquead
1404 806 1491 845 nonus

192 883 270 930 mort.
294 875 325 929 ll.
349 875 411 930 lune
434 874 558 946 designat
576 905 612 914 -
635 882 698 947 post
720 876 948 929 resurrectionem
972 873 1015 929 uel
1038 874 1225 929 ascensionem
1248 874 1350 930 dommi
1373 873 1491 948 apostoli

192 960 330 1032 quomodo
353 960 451 1033 pascha
474 959 606 1015 deberent
627 958 774 1014 obseruare
797 957 863 1013 nihil
888 959 1012 1014 orrIInarc
1035 965 1202 1031 potuerunt,
1226 960 1288 1032 qula
1311 976 1360 1033 per
1383 962 1491 1015 uniuer-

192 1062 253 1100 sum
281 1044 412 1100 mundum
443 1045 561 1119 dispersi
589 1044 621 1099 ud
651 1042 844 1117 predicandum
873 1045 980 1099 luerunt
1009 1046 1151 1117 occupari,
1179 1043 1226 1100 sed
1255 1060 1427 1118 quacumque
1448 1045 1491 1100 die
1588 1069 1594 1081 ·

194 1128 259 1184 xttli
283 1128 348 1184 luna
371 1145 464 1186 mense
487 1130 585 1185 martio
609 1129 706 1185 luisset
729 1129 828 1202 pascha
852 1127 1032 1184 celebrabant.

277 1263 375 1322 Huius
407 1264 503 1337 ipitur
534 1263 619 1338 libri,
656 1264 743 1322 carius
769 1269 799 1321 et
826 1270 940 1337 tempus
968 1271 997 1321 et
1023 1265 1108 1322 locus
1140 1263 1287 1323 tractemus
1318 1266 1490 1337 ipuoratur‚

193 1368 381 1425 arietaritate
403 1365 526 1423 adiutus
549 1365 635 1423 liautl
650 1381 770 1440 paucos
791 1366 873 1424 locos
895 1363 1028 1439 exempli
1053 1363 1225 1425 Turiceusis
1245 1373 1406 1440 corruptos
1426 1382 1491 1425 cor·

193 1467 264 1527 6666
292 1475 383 1541 utque
410 1468 609 1526 correxissent
633 1464 783 1538 sortassc'
794 1469 916 1542 plures,
944 1469 973 1526 si
994 1469 1084 1541 prius
1110 1465 1188 1526 milii
1215 1469 1406 1535 irinotuissct;
1440 1468 1495 1526 sert

193 1587 259 1630 cum
283 1571 364 1627 iuter
391 1570 574 1635 amoueutlos
602 1569 718 1629 derisum
747 1570 921 1646 typothetae
947 1584 1070 1626 errores
1097 1571 1161 1643 eius
1188 1566 1236 1628 rei
1256 1571 1370 1628 certior
1386 1567 1493 1640 suctus

193 1687 300 1743 essem,
334 1672 404 1728 tium
433 1669 578 1744 temporis
607 1668 758 1745 (arrpustiis
781 1677 957 1746 premeret
979 1669 1157 1743 bibliopolae
1183 1671 1383 1729 beniuolentia
1410 1671 1495 1730 abuti

194 1775 277 1844 uolo,
303 1773 449 1830 uoirurtltu
467 1775 676 1846 praetermisi,
700 1791 779 1847 6666
793 1775 977 1831 lecturorum
998 1774 1152 1845 supacitas
1166 1789 1233 1832 cum
1248 1769 1490 1847 deprehenderit,

190 1874 290 1946 facile
311 1876 454 1947 corripet.
501 1874 669 1932 Praeterea
687 1892 721 1950 p.
747 1883 780 1947 t,
809 1880 843 1931 13
865 1891 928 1950 pro
951 1870 1051 1932 ‘dies’
1080 1871 1198 1933 ‘dices'
1226 1872 1381 1947 corripias,
1413 1876 1496 1948 picoti

194 1977 367 2051 typothetae
389 1976 493 2034 uitium
516 1983 576 2043 est;
601 1993 634 2050 p.
659 1984 695 2053 t,
722 1983 758 2034 tt
781 1977 874 2035 uerba
896 1973 993 2034 ‘cuius
1009 1976 1082 2050 pcr’
1104 1973 1215 2035 litteris
1236 1974 1399 2037 rect-inuris
1419 1978 1493 2035 scri-

194 2080 311 2146 iemta;
331 2096 364 2153 p.
390 2086 417 2150 5,
446 2085 481 2135 16
503 2078 551 2137 ‘iu
572 2076 700 2152 primis'
717 2095 780 2153 pro
803 2077 976 2152 ‘inprimis’
999 2077 1206 2145 scriturarum
1226 2077 1255 2150 s.
1282 2085 1326 2152 13,
1352 2085 1370 2136 8
1395 2078 1495 2136 Boetii

194 2197 273 2257 6666
295 2182 483 2254 proponitur
510 2188 643 2238 naturae
670 2177 805 2250 definitio
833 2182 863 2237 iu
885 2177 1060 2253 libelloqui
1081 2187 1124 2238 est
1145 2186 1256 2238 contra
1278 2180 1444 2256 Eutpclem
1465 2187 1494 2237 et

195 2282 362 2341 ri'estorium
377 2298 447 2356 cap.
461 2281 513 2340 IV
519 2282 651 2354 tepula,
676 2298 735 2355 quo
757 2282 876 2355 quartem
897 2283 965 2341 locu
987 2283 1018 2341 ia
1042 2289 1157 2341 6616616
1178 2279 1284 2341 codice
1306 2277 1494 2341 Einsidleusi

196 2391 253 2442 235
271 2384 470 2456 ‘specificata’
485 2379 633 2457 scriptum
649 2389 708 2450 est;
726 2399 761 2457 p.
779 2389 827 2455 35,
847 2389 885 2441 26
900 2380 1029 2457 deraque
1043 2401 1105 2458 pro
1127 2382 1321 2455 ‘desectiuas’
1336 2383 1493 2455 tepentium

196 2484 390 2558 aefectum&

280 2588 347 2645 lam
369 2588 410 2659 si,
436 2602 515 2659 puae
535 2584 617 2645 ratio
640 2589 719 2646 iuter
740 2584 860 2647 codices
884 2585 911 2643 Τ
922 2595 951 2645 61
966 2586 996 2645 Β
1017 2589 1199 2658 intercedat,
1225 2589 1401 2660 requiritur,
1425 2588 1493 2651 ltre-

196 2691 274 2749 uiter
296 2705 344 2747 res
365 2685 411 2746 ita
433 2690 587 2762 expiticari
607 2687 721 2764 possit,
752 2696 784 2748 ut
804 2691 964 2748 coniuncto
988 2691 1143 2762 utriusque
1163 2686 1237 2747 iteri
1259 2685 1379 2747 attritio
1402 2703 1493 2762 quam

194 2787 329 2850 maxime
351 2789 434 2848 aulis
455 2807 531 2864 opus
552 2807 615 2850 esse
636 2793 781 2850 dicamus.
827 2791 906 2849 llum
933 2807 1000 2849 cum
1025 2790 1052 2850 T
1072 2788 1193 2849 omuino
1215 2791 1356 2866 pluribus
1377 2790 1494 2848 laboret

194 2889 332 2965 lucrinis,
363 2889 396 2950 iu
423 2890 530 2951 codiee
556 2892 585 2950 B
613 2891 713 2953 maior
740 2891 928 2967 siapuiorum
957 2894 1116 2952 uerborum
1145 2890 1304 2967 corruptio
1330 2899 1384 2950 est.
1433 2890 1494 2950 Seri

195 2993 295 3070 ipsum
334 2991 388 3068 qui
426 3001 554 3053 uocatur
591 2993 701 3054 librum
745 2996 940 3071 archetypum
976 2992 1101 3054 minime
1137 2992 1222 3054 uitiis
1259 3010 1386 3054 uacasse
1421 2991 1495 3053 iude

194 3113 377 3171 coprioscas,
410 3098 492 3170 quoti
507 3113 542 3170 p.
567 3102 615 3172 37,
643 3103 675 3154 tt
698 3098 792 3156 acrba
814 3096 919 3169 ‘uriam
942 3094 1116 3170 speciales',
1148 3095 1256 3171 puilia
1284 3093 1401 3155 omissis
1428 3111 1493 3154 sea-

195 3197 294 3258 tcutia
317 3205 399 3257 recte
419 3206 502 3257 stare
523 3196 640 3273 nequit,
666 3197 699 3258 iu
722 3204 849 3273 utroque
871 3199 977 3258 desunt
1000 3201 1048 3258 uel
1070 3199 1151 3274 quod
1167 3216 1202 3273 p.
1220 3204 1267 3271 38,
1295 3205 1312 3256 6
1329 3215 1392 3272 pro
1415 3197 1494 3272 ‘per’

195 3299 355 3375 utrobique
377 3298 498 3375 ‘prius'
520 3298 668 3376 scriptum
690 3308 734 3359 est
757 3298 881 3374 aliaque
902 3301 1011 3373 multa,
1037 3297 1220 3375 praesertim
1249 3316 1327 3374 puae
1356 3300 1398 3357 ati
1426 3315 1494 3358 uer·

194 3404 302 3462 borum
326 3403 512 3462 Graecorum
527 3419 563 3476 p.
590 3410 620 3462 t.
645 3410 663 3459 5
679 3399 908 3477 propositorum
930 3398 1118 3477 scripturam
1134 3399 1300 3476 pertinent.

769 3667 853 3732 Cur.
877 3667 922 3731 II.

458 3786 517 3850 DE
540 3785 726 3851 SEDVLIO
749 3785 849 3851 EIVS
872 3785 988 3850 LIBRI
1011 3785 1225 3851 Avouoliu.

283 3945 404 4017 Restat,
435 3954 467 4003 ut
494 3947 532 4003 tte
560 3938 685 4005 au'ctore'
715 3943 809 4004 libelii
841 3943 965 4019 eiusque
996 3943 1179 4004 auctoritate
1206 3960 1312 4019 pauca
1345 3941 1492 4003 dicamus.

197 4045 385 4108 Nom-inetur
406 4045 505 4120 ipitur
525 4047 641 4106 Setiul
648 4045 659 4106 i
664 4064 705 4105 us
725 4045 760 4106 in
776 4045 954 4106 Bateclteleri
976 4047 1156 4122 apopraplto
1179 4064 1275 4120 aeque
1297 4043 1419 4104 (limium
1442 4052 1494 4119 est,

197 4147 272 4225 quin
295 4151 340 4208 ad
359 4166 426 4208 eum
448 4147 545 4224 ipsum
568 4147 734 4220 reserenda
756 4146 831 4220 siat,
856 4164 935 4222 quae
957 4149 1118 4209 Ioectierus
1141 4145 1199 4227 (cs.
1223 4148 1298 4208 erc.
1316 4148 1495 4208 Muellerum

196 4269 272 4312 mars.
295 4251 391 4310 Rieu.
414 4252 481 4310 XX
499 4269 531 4325 p.
557 4246 627 4328 353)
651 4258 719 4309 tom.
744 4252 763 4309 Ι
770 4252 793 4309 V
811 4268 845 4325 p.
866 4258 925 4308 tttt
946 4249 1204 4325 commemorauit,
1228 4248 1322 4309 alium
1345 4249 1495 4324 quendam

196 4351 355 4413 Sedulirua
384 4353 506 4413 Scotum
535 4350 655 4425 eripiar
683 4370 702 4409 a
731 4350 831 4411 Caelio
858 4351 984 4412 Setlutio
1010 4361 1104 4428 poeta
1135 4350 1309 4411 Christiano
1342 4350 1495 4411 diuersum

195 4453 360 4530 scripsisse
389 4455 620 4515 ‘collectaneum
642 4452 676 4514 iu
698 4470 799 4513 omnes
825 4452 970 4529 epistolas
997 4453 1089 4515 Periti
1117 4472 1134 4513 6
1156 4453 1187 4513 S.
1216 4451 1386 4527 Patrium,
1415 4453 1497 4526 quoa

195 4559 373 4635 opusculum
389 4555 421 4616 in
437 4555 617 4616 liuliottrera
633 4557 757 4616 Petrum
773 4563 905 4631 extaret,
928 4554 998 4614 item
1015 4558 1236 4617 ‘collectaneum
1251 4553 1283 4614 iu
1298 4554 1495 4629 Matthaeum,
1562 4547 1570 4561 '

196 4657 481 4735 expositionem
516 4658 553 4718 ia
582 4656 744 4733 primum
780 4656 987 4717 editionem
1016 4657 1173 4732 Itoaati,
1206 4653 1496 4717 commentarios

196 4763 210 4824 i
217 4781 238 4822 a
260 4758 600 4838 artem-Eutychii,
632 4776 706 4833 opius
734 4760 772 4817 rte
793 4757 941 4832 repimine
959 4757 1136 4835 principum
1159 4761 1197 4817 tle
1218 4754 1386 4817 rectoribus
1409 4755 1494 4817 Cirri-

195 4861 310 4926 stiauis
332 4870 361 4922 61
382 4860 630 4923 conuenientibus
652 4859 781 4935 repetis,
807 4859 913 4936 quilius
927 4860 1100 4938 respublica
1115 4859 1175 4920 rite
1189 4859 1399 4933 puberratur',
1417 4875 1496 4934 quae
