3382 5476
276 393 408 448 CLXXVI
445 397 447 401 ’
812 377 1038 433 ΡΒῙΒΟῙΑΝΕΑ.

359 593 389 654 p.
412 544 490 643 463,
513 569 534 634 3
556 569 689 649 arcesso]
719 569 866 632 aduocare
894 569 1045 637 desidero,
1075 568 1144 645 quia
1172 565 1284 646 antiqui
1315 584 1331 625 r
1359 582 1447 644 saepe
1477 559 1570 645 (sepo)

275 675 428 757 ponebant
455 673 567 755 prod,
595 684 624 734 et
652 674 798 734 diriuatur
827 671 954 753 (antur)
983 670 1060 730 istud
1085 667 1209 729 uerbum
1233 667 1269 728 ab
1293 669 1388 741 accio,
1417 667 1496 747 quod
1524 676 1572 727 est

275 777 398 847 aduoco,
421 776 465 850 cs.
489 777 626 850 orthopr..
649 774 746 836 Bern.
769 774 855 851 111).
881 779 946 846 296,
971 779 1020 832 32.

360 898 388 959 p.
411 874 483 946 372,
510 873 549 937 14
571 875 686 954 Caper
708 873 773 936 uult
793 875 893 935 dicere
916 875 1049 933 ‘coniux’
1075 885 1104 933 et
1127 871 1222 934 Beda
1246 870 1383 932 similiter
1405 870 1464 945 (cs.
1481 871 1571 932 Beda

272 999 309 1058 p.
335 987 411 1040 2332
433 980 475 1050 P;
503 980 589 1054 apud
610 979 741 1054 Capram
769 980 831 1037 tute
853 978 965 1037 dictum
986 993 1047 1036 uon
1069 983 1168 1043 extat,
1196 973 1258 1035 nisi
1280 974 1368 1048 sorte
1389 992 1424 1049 p.
1450 979 1525 1032 2239
1546 973 1575 1032 P

270 1089 357 1158 post:
379 1081 548 1141 Thesaurus
564 1082 628 1140 sinc
643 1098 662 1139 n
678 1078 868 1140 scribendum
883 1085 913 1137 et
927 1086 1025 1137 cetera
1040 1079 1135 1137 simite
1149 1075 1225 1153 qrrid
1238 1078 1426 1136 intercidisse
1440 1082 1569 1136 statuas.

364 1203 394 1263 p.
417 1177 547 1252 31115
569 1180 661 1262 pone]
685 1188 775 1242 retro.
805 1172 1002 1262 Virgilius:
1026 1183 1162 1258 ‘superas
1184 1177 1323 1237 ueniebat
1336 1176 1373 1236 111
1389 1195 1477 1238 auras
1492 1193 1572 1256 poue

279 1286 417 1365 sequeus’
442 1285 568 1359 (Georp.
592 1284 612 1343 Ι
619 1285 652 1358 t',
679 1287 764 1359 ist).
800 1267 801 1271 ¹

292 1408 293 1412 ¹
361 1405 391 1466 p.
419 1381 498 1454 379,
521 1381 542 1446 5
570 1384 712 1464 auguror]
742 1385 898 1462 augurium
921 1401 1057 1445 exerceo.
1093 1381 1250 1443 Ouidius
1277 1383 1306 1440 iu
1330 1379 1382 1442 llll
1411 1388 1570 1441 metamor-

278 1488 410 1568 pboseon
433 1484 538 1569 (immo
557 1485 610 1548 lib.
627 1488 689 1557 ΙΙΙ,
708 1493 781 1546 utu:
804 1488 881 1547 Vana
904 1487 954 1546 diu
977 1488 1042 1546 uisa
1065 1493 1110 1545 est
1130 1483 1217 1558 etei:
1241 1484 1310 1543 ‘uua
1334 1483 1429 1544 diuisa
1452 1488 1497 1543 est
1511 1500 1571 1543 uox

278 1591 400 1668 auguris
422 1591 519 1651 esitus
541 1587 644 1649 illam'.
1136 1573 1141 1583 ⁴

362 1711 391 1772 p.
413 1687 528 1760 31111
552 1689 632 1751 solor
653 1690 731 1752 unde
753 1690 900 1751 consolor.
930 1689 1086 1750 Ouidius
1109 1688 1202 1749 Naso
1225 1689 1342 1765 (locum
1357 1704 1416 1748 nou
1432 1688 1571 1761 inueniJ:

252 1860 255 1866 ,
280 1794 433 1872 ‘Agnoscit
453 1791 624 1854 Palinurum
647 1801 677 1852 et
698 1792 741 1853 ibi
764 1791 876 1854 solatur
898 1791 1024 1852 elisam’.

363 1890 755 1974 petulantissimus]
779 1892 884 1954 uacillo
907 1893 1008 1971 (uacc-
1010 1894 1019 1971 l
1043 1891 1146 1961 titubo
1170 1891 1248 1952 unde
1272 1891 1458 2027 Virgilius
1480 1892 1571 1963 (Aen.

281 1997 326 2072 ΙΙ,
349 2001 439 2071 4921·
461 1992 565 2055 ‘Labat
586 1995 678 2055 ariete
701 1993 830 2056 erebro’.

366 2116 396 2176 p.
419 2093 492 2164 396,
517 2092 567 2157 16
577 2095 754 2176 percontor]
779 2105 904 2175 tempto·
914 2097 1078 2174 inuestig,o
1102 2094 1234 2157 undeet
1257 2096 1384 2156 contus'
1409 2094 1526 2156 dieitur.

273 2219 276 2223 ’
364 2218 392 2277 p.
415 2195 493 2268 396,
516 2195 559 2259 25
585 2196 700 2278 blusso]
724 2217 854 2268 mussas,
883 2198 939 2258 boe
961 2206 1005 2259 est
1027 2197 1145 2268 dubito,
1175 2195 1254 2259 unde
1276 2195 1459 2275 Virgilius
1481 2198 1571 2269 (Aen.

279 2300 357 2373 ΙΙΙΙ,
383 2304 473 2376 6571·
495 2298 656 2360 ‘llussabat
678 2318 730 2361 rex
752 2300 889 2370 Latinus,
911 2320 1001 2380 quem
1023 2299 1080 2361 sibi
1101 2301 1225 2379 eligeret
1247 2301 1413 2377 gonerum’.

366 2420 394 2481 p.
417 2397 490 2472 398,
516 2400 532 2460 1
556 2399 731 2483 Notescent]
756 2409 843 2477 uotae
864 2403 945 2463 llent.
978 2403 1076 2465 Litora
1092 2401 1165 2464 olari
1181 2403 1309 2462 nominis
1323 2396 1454 2480 exsilio]
1483 2399 1573 2463 Nam·
1658 2444 1672 2465 0

281 2522 338 2584 que
360 2507 386 2564 si
409 2502 516 2581 aliquis
531 2513 710 2583 praepotens
725 2513 755 2565 et
770 2504 866 2566 clarus
882 2502 1067 2583 relegaretur
1091 2505 1186 2585 (reli)
1209 2503 1312 2565 exsilio
1333 2505 1363 2563 iu
1380 2501 1444 2562 loco
1459 2502 1573 2580 ignoto,

282 2617 404 2686 propter
425 2604 506 2666 illius
527 2604 640 2667 clarum
663 2625 772 2667 nomeu
793 2607 879 2667 lieret
900 2605 949 2666 ille
972 2604 1054 2667 locus
1077 2609 1222 2685 cognitus.

364 2728 394 2789 p.
417 2705 495 2777 481,
519 2703 540 2766 9
561 2707 701 2787 Resideo]
725 2718 892 2789 praetereo.
923 2707 1099 2786 Virgilius
1121 2710 1211 2784 (Aen.
1234 2708 1297 2776 XI,
1323 2704 1414 2788 268).·
1436 2705 1571 2767 ‘licuicta

281 2812 346 2872 Asia
368 2808 501 2871 subsedit
523 2808 660 2871 adulter'.

365 2931 394 2991 p.
418 2908 495 2982 490,
519 2908 539 2972 8
566 2910 627 2990 leo]
651 2913 771 2989 antique
793 2914 946 2983 ‘morior'‚
975 2912 1055 2974 uude
1083 2921 1113 2973 et
1140 2910 1259 2973 ‘deleo’
1289 2921 1320 2973 et
1341 2909 1465 2980 ‘releo',
1495 2909 1575 2972 idest

282 3016 439 3082 remorior,
462 3012 542 3073 unde
564 3020 594 3073 et
614 3015 637 3087 †
659 3012 769 3074 bianati
792 3014 863 3074 dicti
885 3022 954 3074 suut
975 3016 1058 3092 quasi
1080 3013 1126 3075 bis
1147 3017 1267 3079 mortui.

353 3105 395 3194 'p
418 3111 490 3185 506,
516 3113 532 3174 1
556 3114 636 3175 luter
659 3124 727 3175 utor
749 3125 778 3176 et
800 3117 883 3177 lruor
905 3116 981 3176 banc
1002 3114 1197 3177 differentiam
1220 3117 1303 3196 pouit
1323 3117 1572 3194 Augustinus:

200 3281 206 3292 ,
282 3219 365 3278 ‘Vtor
387 3214 610 3297 temporalibus,
634 3216 718 3277 lruor
740 3217 932 3296 spiritalibus’
957 3219 1050 3291 (Eunt
1072 3236 1145 3297 uero
1162 3219 1369 3296 differentium
1391 3235 1452 3279 non
1474 3219 1573 3279 obser-

282 3324 368 3382 ucuit
390 3321 573 3395 Augustinus
594 3316 761 3380 Retractot.
785 3321 830 3393 ΙΙ,
858 3328 895 3378 22
909 3338 945 3397 p.
961 3328 1001 3378 50
1022 3321 1052 3380 B
1072 3323 1120 3382 ed.
1144 3322 1259 3382 Bened.
1281 3320 1573 3395 MDBLXXXIX).

367 3442 396 3503 p.
418 3418 490 3490 513,
510 3419 547 3481 ll
571 3419 735 3502 Emungor]
759 3440 873 3503 purgor
895 3430 924 3483 et
946 3430 991 3483 est
1013 3424 1143 3484 actiuum
1167 3429 1196 3484 et
1218 3422 1356 3483 dicuntur
1378 3423 1574 3492 emunctoria,

285 3524 362 3586 unde
384 3532 550 3605 purgantur
572 3521 720 3587 candelae.

368 3623 430 3687 Vol.
455 3625 480 3686 ll
502 3645 531 3705 p.
555 3622 610 3695 95,
636 3624 673 3685 11
697 3626 746 3687 ll.:
777 3628 845 3706 quia
874 3645 942 3688 nam
970 3624 1070 3708 tanti]
1105 3627 1264 3689 Seruius
1286 3627 1378 3706 ‘quia’
1408 3645 1461 3706 pro
1484 3628 1574 3697 ‘eur',

284 3727 336 3790 sed
358 3728 407 3788 bic
428 3729 521 3806 ‘quia'
546 3727 693 3806 intelligit,
717 3730 794 3790 sicut
814 3731 847 3790 iu
869 3729 1027 3809 Virgilio
1050 3731 1139 3804 (Aen.
1171 3732 1204 3800 V,
1229 3737 1295 3807 13):
1317 3729 1394 3790 ‘lieu
1411 3729 1576 3808 quianam’.

369 3849 399 3909 p.
424 3824 494 3899 108,
517 3826 559 3891 23
580 3830 747 3908 inperatiua
770 3829 864 3892 uerba
887 3838 916 3890 et
936 3840 1034 3892 cetera
1059 3832 1127 3892 talia
1151 3835 1246 3893 oratio
1269 3831 1485 3912 quodammodo
1506 3848 1575 3910 pos-

284 3939 353 3994 sunt
375 3929 525 4011 appellari,
549 3932 684 3993 sednon
705 3933 851 4012 perlecta;
881 3950 948 3993 nam
970 3943 1041 3994 sunt
1062 3933 1194 3995 eiusdem
1217 3933 1372 3995 elementa.

369 4053 398 4112 p.
423 4029 493 4102 109,
516 4029 538 4092 4
559 4031 615 4095 boc
637 4032 857 4113 contemplari}
892 4032 976 4104 Quod
1004 4037 1160 4114 superiora
1183 4054 1255 4096 uera
1277 4044 1361 4106 sunt,
1391 4035 1467 4097 idest
1495 4032 1576 4113 quod

285 4136 455 4197 affinitatem
477 4133 588 4196 babent
610 4135 728 4198 litterae
750 4136 822 4214 l-re)
846 4135 882 4196 ad
898 4134 1024 4215 syllabas
1040 4146 1069 4197 ct
1084 4135 1213 4215 syllabae
1228 4137 1265 4198 ad
1281 4138 1427 4199 dictiones
1442 4136 1576 4219 (11111111-

286 4242 348 4314 nes)
374 4246 404 4298 et
425 4236 569 4299 dictiones
591 4238 626 4299 ad
649 4240 813 4299 orationem
841 4239 1012 4317 perlectam.
1048 4236 1190 4299 Similiter
1218 4242 1371 4320 passiones
1399 4239 1576 4300 detrimenta

287 4349 317 4401 et
342 4340 556 4401 inminutiones
579 4339 810 4419 (inmunitiones)
832 4349 982 4421 tamquam
1005 4342 1158 4419 passiones
1180 4350 1263 4402 sunt:
1292 4344 1507 4404 inconcinnitas
1527 4338 1577 4401 lit·

286 4451 426 4513 terarum,
456 4451 489 4503 ut
510 4444 645 4503 ‘tonsrix’
674 4461 730 4522 pro
753 4444 916 4513 ‘tonstrix’,
946 4442 994 4504 uel
1021 4442 1219 4523 syllabarum,
1247 4452 1280 4504 ut
1301 4443 1492 4525 ‘displicina’
1521 4461 1576 4523 pro

287 4542 465 4623 ‘disciplina'
489 4543 536 4605 uel
560 4546 603 4604 eis
625 4544 834 4606 accidentium.
879 4544 1040 4606 Productio
1062 4554 1092 4606 et
1113 4548 1264 4625 correptio
1287 4547 1425 4608 accidunt
1446 4543 1575 4627 syllabis,

288 4666 363 4726 quae
383 4646 597 4727 permutandae
627 4665 686 4707 nou
715 4655 791 4708 sunt.
836 4647 901 4711 Nou
925 4648 983 4727 (no)
1007 4649 1086 4710 enim
1114 4650 1254 4710 conuenit
1276 4648 1371 4709 ‘deus’
1396 4649 1496 4728 priore
1518 4645 1576 4728 syl·

287 4749 354 4812 laba
376 4751 520 4832 producta
541 4758 571 4810 et
592 4757 728 4829 correpta
752 4753 918 4830 posteriore
941 4753 1105 4813 enuntiare.
1150 4750 1291 4813 Similiter
1313 4750 1419 4813 accidit
1434 4751 1477 4812 eis
1491 4766 1576 4812 meu·

288 4872 356 4917 sura
379 4853 553 4926 litterarum,
576 4870 664 4938 111111
687 4854 824 4936 excipere
848 4870 907 4915 nou
931 4851 1048 4915 debent.
