3382 5476
789 1134 888 1215 VI

342 1330 804 1447 QVAESTIONES
836 1328 1336 1430 GRAMMATIGAE

194 1484 564 1584 SELEOTAE
590 1484 689 1581 EX
715 1483 984 1583 CODICE
1014 1482 1400 1583 BERNENSI
1435 1486 1495 1581 83

636 1636 1044 1749 EXOERPTAE.

717 2045 814 2107 PARS
836 2045 961 2107 PlilOil.

237 2148 248 2227 b
266 2148 286 2209 i.
306 2146 340 2208 1·
365 2146 369 2229 Ι
394 2146 468 2208 illud
491 2148 569 2227 (ruod
594 2148 772 2209 Horatius
794 2151 834 2207 ait
856 2148 989 2209 ‘ruaior
1013 2147 1229 2215 Nerouuru'‚
1252 2143 1426 2207 nullatenus
1448 2155 1495 2209 est

193 2249 428 2311 subaudiendum
452 2252 581 2320 ‘aetate’‚
605 2256 635 2309 et
657 2250 767 2311 ‘minor
788 2251 925 2310 iratrum'
950 2268 1010 2309 noo
1032 2251 1072 2309 ita
1095 2246 1185 2310 debet
1200 2249 1308 2327 exponi
1322 2266 1380 2327 pro
1402 2247 1494 2311 ‘onos

193 2351 317 2413 fratrum
341 2353 391 2432 (rui
414 2352 511 2412 minor
534 2353 602 2420 est’,
635 2353 702 2431 qma
725 2353 801 2413 sicut
822 2360 940 2423 sanetus
960 2353 1193 2429 Augustinus
1215 2350 1252 2409 in
1274 2351 1370 2409 artis
1392 2348 1493 2413 libro

193 2455 456 2532 grammaticae
484 2454 695 2533 perspicaciter
722 2452 824 2522 docet.
854 2454 1074 2537 comparatiuos
1095 2452 1204 2530 gradus
1225 2450 1378 2511 interdum
1400 2466 1491 2529 geue·

193 2556 254 2617 tino
276 2556 379 2624 seruit,
403 2564 475 2616 tunc
497 2553 618 2625 seilicet,
642 2554 761 2635 quando
784 2557 944 2617 nominatis
966 2553 1138 2615 bominibus
1153 2551 1201 2613 nei
1218 2553 1379 2615 enuntiatis
1400 2552 1517 2615 rebuss

193 2656 228 2717 ad
256 2658 337 2736 ipsos
366 2655 413 2717 uel
442 2656 479 2717 ad
508 2660 588 2735 ipsas
616 2658 648 2718 lit
671 2660 868 2737 comparatio,
901 2666 944 2717 ut:
973 2656 1021 2718 ‘ad
1044 2658 1141 2735 ipsum
1164 2651 1356 2715 confluebant
1378 2654 1490 2723 ludaei.

193 2757 329 2837 eoquod
353 2764 432 2818 esset
453 2757 655 2819 honorabilior
677 2762 832 2829 omnium’,
856 2769 899 2819 et:
922 2760 1015 2837 ‘prior
1038 2758 1169 2818 omnium
1192 2762 1291 2818 creata
1314 2762 1358 2815 est
1372 2758 1490 2837 sapien·

193 2861 247 2929 tia,
276 2867 306 2920 et
328 2877 419 2937 opera
442 2877 517 2937 quae
542 2876 596 2936 ego
619 2860 707 2927 lario,
738 2864 853 2940 etipse
877 2861 965 2921 iaciat
988 2866 1017 2921 et
1038 2861 1150 2920 maiora
1173 2858 1278 2919 borram
1302 2856 1414 2927 laciet',
1444 2866 1488 2920 et:

193 2961 337 3038 ‘eripiens
359 2960 478 3038 inopom
502 2958 539 3020 de
563 2979 652 3021 mauu
675 2962 832 3023 fortiorum
855 2965 941 3033 eios',
965 2979 1024 3022 non
1048 2962 1120 3027 ‘eo’‚
1151 2967 1181 3019 et
1202 2961 1239 3019 in
1261 2958 1488 3021 blatthaeum

192 3061 451 3140 Hieronymus:
488 3065 575 3122 ‘uon
606 3064 699 3124 euim
728 3065 912 3143 sequitur,
943 3071 980 3123 ut
1007 3064 1036 3124 si
1065 3061 1130 3122 aiii
1158 3061 1318 3123 maiores
1346 3079 1388 3121 eo
1416 3080 1527 3123 nonio

192 3170 292 3237 sunt,
316 3164 397 3240 ipse
421 3162 537 3222 maior
560 3163 720 3225 aliorum
743 3166 815 3226 sit.’
861 3165 943 3225 Vnde
966 3166 1066 3225 miuus
1088 3182 1213 3243 caliaces
1234 3166 1432 3242 interpretes,
1457 3173 1489 3224 nt

192 3265 423 3342 Augustinus
456 3263 509 3332 ait,
544 3265 621 3326 male
654 3266 883 3327 transtulerunt:
918 3271 1010 3327 ‘raone
1038 3274 1136 3326 autem
1165 3272 1289 3325 ruerunt
1316 3262 1391 3324 tides
1417 3282 1489 3344 spes

192 3368 300 3428 caritas
328 3367 385 3427 tria
413 3365 500 3437 baec,
530 3369 625 3428 maior
653 3378 749 3430 autem
773 3368 820 3429 bis
842 3377 888 3430 est
909 3371 1039 3438 caritas’,
1069 3386 1135 3428 cum
1157 3367 1263 3427 ‘maior
1284 3364 1405 3427 borum'
1429 3365 1489 3427 dici

192 3468 308 3530 debeat.
354 3469 385 3528 Si
409 3469 487 3528 enim
511 3486 578 3530 eum
602 3469 659 3530 fide
683 3477 712 3531 et
734 3490 786 3551 spe
808 3471 1030 3551 praenominata
1053 3469 1162 3528 caritas
1185 3485 1244 3528 non
1266 3468 1387 3537 luisset,
1417 3476 1488 3528 tunc

192 3572 298 3631 ‘maior
320 3568 378 3629 bis’
402 3571 508 3631 caritas
530 3570 588 3631 diei
611 3570 769 3633 debuisset.
815 3573 934 3633 Fatetur
963 3571 1041 3632 idem
1066 3570 1284 3630 Priscianus
1312 3570 1486 3647 genetinum
1500 3588 1527 3628 15

192 3690 256 3732 esse
284 3690 339 3751 pro
366 3673 565 3732 nominatiuo:
596 3681 628 3733 ut
656 3675 735 3734 ‘cum
764 3676 827 3734 eius
854 3674 974 3734 aduenti
1002 3672 1074 3733 mibi
1102 3672 1183 3731 uenit
1211 3672 1240 3730 iu
1270 3675 1411 3731 mentem’
1440 3677 1486 3731 et:

192 3777 272 3832 ‘eum
306 3771 385 3832 illius
418 3775 560 3851 temporis
588 3774 659 3834 milri
689 3779 770 3837 uenit
798 3778 827 3837 iu
855 3780 997 3837 meutem’
1028 3783 1069 3835 et:
1105 3776 1164 3837 ‘iac
1191 3773 1244 3836 tibi
1272 3769 1384 3836 Aciliae
1413 3773 1488 3851 legis

191 3876 291 3935 ueniat
312 3874 343 3935 in
365 3878 507 3935 mentem'
532 3882 573 3935 et:
597 3876 677 3937 ‘oum
700 3878 773 3938 mibi
788 3878 980 3959 Tyndaritani
1002 3876 1081 3939 illius
1104 3878 1186 3937 uenit
1207 3879 1238 3937 in
1254 3883 1394 3946 mentem,
1418 3893 1485 3936 cum

192 3977 357 4054 Segestaui'
376 3983 417 4036 et:
442 3978 519 4036 ‘cum
536 3988 637 4037 uanuu
654 3977 732 4038 illius
754 3981 896 4059 temporis
918 3981 1000 4039 uouit
1021 3982 1051 4040 in
1075 3980 1217 4039 mentem'
1233 3986 1263 4039 et
1285 3986 1383 4039 cetera
1399 3976 1487 4038 huius

192 4078 285 4146 modi.
316 4078 393 4159 quod
422 4080 543 4139 omuino
572 4078 739 4141 nullalenus
768 4090 810 4140 est
838 4098 957 4150 ererum,
988 4081 1038 4141 sed
1062 4082 1186 4158 ligurate
1209 4082 1322 4141 Graeco
1345 4076 1526 4141 uidelicetso

259 4264 860 4335 Cod.Bcru.83suee.·Xs.1³-s.1⁶⁸¹.
949 4264 1113 4331 lllorutius]
1135 4266 1218 4316 Curru.
1237 4265 1286 4315 IV
1299 4267 1348 4328 14,
1367 4266 1401 4313 u
1468 4266 1485 4313 ‘2

191 4342 256 4380 etate
324 4331 531 4397 3Augustiuus]
551 4336 585 4398 ef.
598 4351 624 4397 p.
636 4337 661 4396 8,
674 4336 760 4383 27ed.
777 4334 872 4384 ld-'eber
923 4336 1084 4384 braiaubuum
1142 4337 1174 4385 to
1192 4329 1361 4399 hieronimus]
1381 4332 1439 4383 Lib.
1453 4331 1484 4381 11

191 4416 249 4464 rap.
265 4399 309 4448 xl
320 4403 352 4448 11
366 4406 424 4450 torn.
437 4399 585 4504 Vblliofmnw
598 4401 623 4449 Ε
635 4404 675 4452 ed.
691 4403 803 4451 Vellera.
858 4417 908 4451 urm
927 4404 992 4451 euim
1012 4404 1097 4453 statim
1117 4429 1147 4438 -
1167 4402 1208 4451 ille
1226 4402 1307 4451 maior
1325 4400 1433 4450 aliorum
1452 4400 1485 4449 sit

195 4518 339 4568 Volturcius
407 4519 436 4566 il
456 4520 571 4585 oblitu!
659 4523 689 4570 12
708 4517 880 4586 Augustinus]
901 4522 934 4584 rs.
951 4538 978 4586 p.
996 4526 1020 4585 9,
1039 4526 1075 4572 34
1093 4524 1132 4572 ed.
1151 4521 1258 4572 ll'eber:
1285 4521 1359 4569 cuius
1377 4518 1484 4569 rationis

192 4585 275 4635 ruimus
287 4598 394 4686 canuc?
407 4590 509 4645 (latidum
524 4590 548 4638 iu
562 4588 698 4650 aliquantis
711 4589 841 4638 codicibus
854 4591 1053 4640 eustermonat-unt
1064 4592 1158 4639 ‘maior
1170 4600 1253 4638 atatem
1266 4588 1307 4637 bis
1320 4597 1360 4637 cst
1370 4588 1483 4636 auritus'.

329 4659 359 4687 ΓΙιΊ
386 4662 422 4687 ΜΨ

193 4706 224 4752 13
241 4691 433 4757 arraudum·
503 4704 703 4773 toletanarum]
723 4710 757 4770 es.
770 4708 803 4757 11
814 4724 839 4772 ρ.
854 4712 914 4765 352,
927 4712 958 4757 ro
969 4712 1002 4760 u.
1075 4712 1105 4759 ιτ
1122 4724 1178 4757 carm
1198 4705 1276 4772 iltius]
1295 4708 1379 4756 Prisc.
1393 4708 1409 4755 r.
1423 4707 1439 4759 r.
1453 4706 1484 4753 re

193 4769 224 4820 18
241 4786 298 4820 cuna
316 4773 390 4843 mihi]
411 4775 492 4825 Prisc.
505 4777 521 4824 l.
534 4778 551 4829 l.
565 4778 606 4827 20.
644 4776 736 4826 Cetera
754 4780 871 4842 exemplu
887 4779 989 4829 aliunde
1006 4781 1112 4827 collecta
1128 4783 1194 4827 suut.
1249 4774 1395 4824 tindaritaui
