3382 5476
766 1140 909 1220 VII.

307 1318 382 1399 nn
404 1318 647 1401 rvnmno
670 1319 969 1403 normanno
992 1293 1376 1404 eduumumoo

194 1453 314 1536 evm
344 1453 649 1538 nudemus
681 1456 756 1538 nx
791 1457 916 1566 nnus
949 1457 1131 1540 ornan
1161 1456 1484 1541 nondumne

713 1592 973 1676 nunnius.

278 1935 327 1993 En
356 1935 470 1994 aodicr's
497 1935 660 1995 Beruensis
694 1942 751 1994 207
784 1953 851 2013 ars,
885 1953 963 2010 qliae
985 1936 1045 2008 sol.
1079 1933 1130 1994 18⁶
1153 1937 1259 2012 incipit
1286 1933 1488 2014 (melrlvur

196 2034 342 2097 PARTES
364 2035 530 2096 malumus
555 2035 701 2097 uenam.
747 2037 848 2097 Partes
876 2037 1016 2097 orationis
1043 2044 1116 2116 quot
1144 2037 1228 2097 sunl?
1254 2034 1306 2100 3(
1328 2036 1412 2098 Octo.
1456 2035 1488 2099 Δ

194 2137 294 2208 eraol
330 2134 382 2257 Ji(
396 2136 510 2198 Nomen
527 2156 689 2218 pronomen
706 2148 761 2199 etc.
798 2138 995 2210 AQnomodo
1010 2138 1283 2219 partesorationisl
1319 2136 1489 2202 XPnrtes

195 2256 389 2340 oloculiones.
434 2256 465 2319 Δ
481 2256 634 2328 Quomodo
656 2260 748 2320 oratio
771 2258 878 2319 dieitur
900 2258 1036 2336 elocutio.
1081 2256 1133 2322 J(
1154 2257 1307 2318 ldestoris
1327 2257 1488 2337 ratioquia

195 2360 335 2439 quicquid
352 2361 501 2438 loquimur
517 2379 570 2440 per
586 2359 639 2421 has
655 2370 721 2421 octo
736 2368 835 2441 partes
850 2363 991 2421 orationis
1005 2360 1161 2438 loquimur,
1178 2368 1207 2420 et
1220 2361 1252 2420 in
1266 2378 1366 2436 mara.
1381 2362 1489 2422 eadem

192 2480 301 2522 maura:
324 2458 337 2543 Η
361 2472 412 2524 ant
427 2481 534 2523 nomen
557 2471 607 2523 aut
630 2464 793 2543 pronomen
817 2471 865 2523 aut
880 2461 1042 2542 quamlibet
1058 2462 1094 2520 de
1110 2462 1174 2521 istis
1191 2460 1253 2521 Vlll
1268 2460 1404 2541 partibus
1419 2460 1487 2540 elo.)

192 2582 335 2626 summam
350 2567 569 2627 similitudinem
584 2571 743 2628 contraxit
755 2584 822 2627 aum
839 2575 906 2626 arte
916 2567 1041 2644 Iuliani,
1057 2567 1142 2626 euius
1156 2565 1354 2639 cucuriali.
1368 2563 1489 2626 Kallias

193 2669 253 2728 uol.
269 2668 301 2738 V,
311 2686 345 2744 p.
363 2674 417 2727 317
432 2687 493 2742 seq.
517 2686 557 2728 ex
572 2669 856 2742 editioneiionmna,
878 2685 955 2742 quae
974 2684 1037 2727 nna
1056 2673 1142 2728 extat
1158 2682 1238 2726 anno
1252 2664 1492 2727 Maeciam!

187 2787 248 2845 per
263 2771 462 2830 Francisaum
485 2771 675 2830 cardinalem
697 2773 735 2830 de
749 2771 932 2830 lorenzana
954 2775 1064 2829 curata
1086 2776 1115 2829 el
1130 2770 1262 2829 auctarii
1275 2769 1344 2828 laco
1358 2767 1489 2828 Patriam

198 2869 408 2931 Toletanorum
431 2870 578 2932 uolumini
596 2872 637 2931 ΙΙ
655 2873 785 2947 adiecta,
807 2873 958 2948 repetiuit.
1010 2872 1096 2931 Vnde
1113 2874 1159 2944 fit,
1184 2878 1219 2931 ut·
1237 2871 1390 2945 corruentis
1413 2884 1486 2930 non·

192 2970 285 3031 nullis
307 2973 424 3032 Iuliani
442 2974 518 3033 locis
539 2976 655 3033 medela
676 2972 844 3034 certissima
866 2973 1008 3032 adhiberi
1020 2975 1127 3048 possit.
1173 2973 1214 3032 Id
1233 2973 1332 3032 instar
1353 2973 1486 3032 omnium

193 3075 317 3133 deloco
336 3091 369 3150 p.
395 3081 461 3149 323,
488 3082 521 3133 lt
542 3077 728 3152 praedicari
741 3082 854 3152 potest,
884 3077 938 3150 qui
957 3077 1044 3151 apud
1064 3076 1195 3135 Keilimn
1217 3076 1330 3134 lacuna
1351 3071 1487 3144 insectus

192 3181 245 3234 est.
292 3174 370 3235 Num
393 3178 469 3236 llaec
490 3177 582 3237 nubes
603 3179 634 3236 in
654 3179 759 3239 codiee
780 3176 947 3237 Beruensi:

278 3277 367 3338 Cuius
389 3277 541 3338 diuisionis
564 3280 625 3338 esti
669 3280 795 3360 nequae.
840 3277 1010 3349 Quomodo?
1047 3280 1129 3339 drsis
1152 3275 1240 3338 habet
1261 3276 1320 3336 duo
1343 3283 1487 3355 tempora,

193 3377 286 3440 thesis
319 3379 385 3440 dno.
446 3380 527 3441 Vnde
561 3381 650 3441 habet
690 3379 893 3462 etymologiam
934 3379 1079 3458 (ethim-ll
1134 3378 1338 3458 dnap(a)eslus
1377 3377 1487 3446 dictus,

194 3482 260 3560 quia
283 3479 361 3542 ludis
384 3490 414 3542 et
435 3482 643 3544 remissoribus
659 3504 712 3564 pes
733 3485 796 3564 ipse
811 3483 925 3545 dicatus
940 3490 993 3543 esl.
1032 3481 1086 3552 Qui
1104 3499 1155 3560 pos
1171 3489 1215 3540 est
1231 3480 1279 3540 isti
1299 3480 1488 3539 contrarius?

195 3582 341 3662 [lactylus.
387 3584 427 3644 Ex
451 3585 559 3661 quibus
581 3585 700 3666 syllabis
723 3586 854 3647 constat?
898 3585 940 3646 Ex
963 3583 1049 3661 longa
1066 3592 1095 3643 et
1110 3581 1223 3643 duabus
1239 3580 1383 3642 breuibus
1395 3622 1414 3631 -
1432 3612 1451 3630 ν
1468 3611 1488 3630 ν

194 3693 225 3744 ut
247 3685 379 3746 candida.
425 3685 503 3756 Quot
534 3696 666 3768 tempora
696 3686 803 3747 habet?
836 3687 897 3748 llll.
947 3687 1037 3748 Cuius
1065 3685 1222 3746 diuisionis
1250 3683 1313 3743 esti
1354 3687 1485 3759 nequae.

194 3785 366 3856 Quomodo?
403 3787 496 3847 Tanta
531 3798 663 3870 tempora
698 3789 788 3850 hahet
820 3790 892 3850 arsis
927 3788 1013 3867 (lna-J,
1049 3796 1157 3866 quanta
1193 3792 1222 3845 et
1253 3783 1352 3844 thesis.
1403 3783 1487 3844 Vnde

194 3886 282 3948 habet
305 3886 528 3968 etymologiam?
574 3891 710 3972 [laatylus
732 3891 826 3951 dictus
849 3899 892 3951 est
915 3900 1004 3968 aputu
1027 3890 1096 3949 dion
1119 3887 1246 3948 dactilon
1270 3895 1326 3963 ete.

278 3991 363 4079 liaeo
384 4012 458 4053 uero
479 3997 640 4055 similitudo
662 3997 705 4054 ita
727 4000 897 4070 conparata
919 4000 973 4065 est,
999 3999 1031 4051 ut
1052 3994 1101 4051 uel
1121 3995 1151 4051 iu
1173 3993 1246 4067 ipsis
1261 3989 1416 4050 uocabulis
1438 3992 1488 4049 uel

193 4095 225 4152 in
247 4093 399 4155 sententiis
420 4094 547 4172 sinqulis
575 4098 725 4156 interdurn
752 4098 993 4170 interrumpatur
1036 4101 1125 4167 atque
1166 4095 1210 4152 itu
1236 4094 1489 4166 interrumpatur,

194 4204 226 4255 ut
248 4199 337 4270 quasi
357 4198 434 4258 duas
462 4206 543 4258 artes
570 4199 709 4258 munibus
736 4207 836 4257 tenere
864 4198 1032 4257 uideamur.
1080 4194 1163 4265 (luae
1189 4195 1269 4252 ratio
1296 4210 1353 4267 quo
1380 4194 1488 4252 melius

193 4300 396 4373 intellegantur,
430 4301 523 4361 Keilii
548 4309 695 4376 excerpta
722 4317 789 4359 curn
816 4299 920 4360 codice
946 4297 1097 4356 Beruensi
1121 4295 1326 4372 conferemus]
1359 4295 1485 4367 omissis,

193 4417 270 4476 quae
292 4417 375 4460 mern
395 4403 589 4462 librariorum
612 4401 688 4462 uitia
710 4419 772 4462 esse
793 4401 1016 4462 iudicabuntur.

278 4504 315 4562 F.
334 4510 398 4577 317,
417 4510 435 4560 3
449 4537 491 4548 -
506 4509 572 4580 315,
589 4514 607 4562 5
629 4506 733 4564 eadem
751 4505 823 4576 sere
845 4499 1003 4577 utrobique
1024 4503 1191 4562 labentur:

279 4625 307 4684 p.
331 4601 402 4673 317,
426 4602 447 4665 5
469 4615 555 4685 putes
577 4607 602 4665 si
624 4605 776 4667 adsumam
841 4602 1014 4665 ddiuidam
1043 4603 1124 4664 illum
1154 4621 1208 4682 per
1236 4597 1355 4662 sillabas
1383 4596 1487 4661 sillaba

196 4724 270 4783 quae
293 4708 469 4767 remanserit
491 4705 620 4767 diuidam
644 4707 722 4767 illam
746 4725 800 4786 per
821 4704 945 4780 litteras,
970 4705 1071 4768 ultima
1095 4705 1190 4765 littera
1207 4721 1282 4779 quae
1298 4703 1487 4774 remanserit,

193 4812 356 4885 praeclare
419 4805 439 4871 8
462 4809 614 4870 inchoauit
635 4829 651 4868 a
675 4811 793 4870 nomine
817 4818 847 4868 el
870 4826 928 4868 non
951 4827 967 4870 a
990 4807 1096 4869 littera.
1121 4808 1237 4867 Ileinde
1260 4806 1291 4865 in
1305 4806 1373 4865 cod.
1390 4806 1487 4867 Bern.
