3382 5476
265 402 425 450 CLXXVIII
530 346 533 353 Ι
802 386 1026 440 Pulscttnun.

347 596 375 656 p.
402 573 472 647 162,
497 573 535 637 16
556 579 579 638 Α
603 575 659 656 (ad)
683 575 896 656 communipi]
921 585 954 637 ut
975 579 1115 655 iungatur
1137 575 1329 654 sequentibus
1351 579 1407 638 ita:
1436 577 1557 657 ‘phare-

262 688 307 740 tra
336 680 518 740 succinctam
548 678 731 758 (succintamt
758 678 949 765 et·‘,·o'tamore
977 686 1163 758 prementem
1185 696 1305 740 cursum
1329 677 1423 758 IyncIs
1446 677 1556 760 (tineis)

262 781 393 858 tegmine
421 780 587 841 maculosae
616 780 688 860 (se)
718 773 775 854 ,au't
801 781 866 860 apri
900 778 985 860 i—ris)
1019 782 1206 858 spumantis'.
1257 780 1369 842 Cursus
1400 787 1498 841 auteur
1527 789 1559 841 et

261 880 355 962 Ipneis
379 880 484 962 (tineis)
509 892 538 942 et
559 883 624 961 apri
644 882 740 960 accipi
763 888 863 960 potest
885 879 1001 962 (poest).

347 1171 436 1231 Tales
469 1169 627 1237 Prisciani
653 1170 773 1231 codices
804 1169 912 1245 plessis
948 1169 1171 1246 marpinotibos
1203 1169 1345 1232 instructi
1377 1188 1453 1232 eum.
1477 1169 1556 1232 olibi

260 1270 362 1346 multi,
391 1280 453 1332 tum
480 1254 604 1332 Bernoe
629 1289 747 1348 quoque
775 1271 892 1347 aliquot
913 1271 1129 1347 inueniuntur,
1155 1289 1280 1348 quorum
1301 1289 1342 1331 ex
1362 1288 1487 1334 nmero
1507 1269 1558 1331 in·

255 1371 371 1450 primis
391 1371 515 1434 nomino
536 1372 671 1436 codicem
695 1373 880 1434 Beruensem
905 1381 973 1448 109,
1003 1392 1064 1450 quo
1085 1373 1230 1435 Hertzius
1259 1391 1376 1450 quoque
1403 1392 1474 1435 usus
1501 1381 1555 1448 est,

261 1475 306 1548 es.
330 1477 350 1536 I
368 1474 474 1552 precs.
492 1493 528 1552 p.
552 1476 682 1536 XVIII.
727 1477 765 1536 In
787 1492 822 1535 eo
844 1473 942 1551 ipitrrr
963 1476 1039 1537 boec
1060 1477 1153 1537 bobes
1173 1474 1255 1536 inter
1276 1475 1358 1536 alic:

345 1578 365 1636 t.
390 1573 430 1638 6⁸
452 1604 493 1627 =
516 1576 545 1645 1,
568 1596 596 1656 p.
624 1575 676 1647 17,
703 1573 754 1636 14:
786 1567 1030 1639 ΚΕΡΟΛΑΦΟ(
1052 1579 1143 1638 erinis
1165 1580 1196 1637 in
1220 1579 1347 1638 circuitu
1370 1576 1438 1638 cotti
1461 1575 1557 1656 (suin

263 1676 357 1758 coIIIs)
384 1675 506 1741 ΚΕΡΟ(
527 1696 621 1739 cornu
643 1675 779 1741 ΛΟΦΟ(
800 1681 902 1740 crinIs.

347 1779 367 1838 t.
392 1776 489 1840 8·=
511 1779 523 1839 I
546 1800 574 1859 p.
597 1776 656 1857 24,
680 1777 713 1839 9:
742 1782 846 1859 pitisso
875 1780 945 1841 bibo
968 1783 1050 1858 quasi
1073 1783 1185 1860 potisso
1207 1801 1224 1843 a
1247 1780 1340 1843 uerbo
1362 1789 1448 1858 poto,
1476 1779 1558 1841 unde

261 1880 483 1942 Terentius:
506 1880 575 1941 'Iria
600 1879 683 1941 dotes
707 1883 768 1942 uini
792 1884 962 1961 pitissautes
984 1892 1241 1963 consumpserunt.

189 1977 190 1980 '
349 2001 379 2061 p.
401 1978 452 2051 53,
475 1979 518 2042 20
540 2001 601 2061 seq.
627 1984 694 2052 ,Ara
717 1979 856 2063 deorum]
890 1984 961 2044 ‘bra
984 1983 1048 2045 deis
1070 1992 1182 2045 sacrata
1205 1993 1316 2054 manet,
1342 1983 1412 2043 bara
1435 1980 1556 2044 sordida

200 2098 203 2102 ’
265 2085 387 2164 porcis'.
432 2084 514 2144 Act
544 2103 573 2163 p.
597 2080 652 2153 79,
677 2080 696 2145 8
725 2085 883 2146 Canusium
907 2083 1072 2146 Canusinus
1098 2089 1203 2146 eodem
1224 2089 1382 2162 tepenter,
1411 2102 1490 2162 quae
1515 2102 1557 2145 ex

264 2185 371 2249 codiee
392 2184 657 2247 Helberstodiensi
678 2184 833 2262 excerpsit
853 2185 999 2248 Hertzius
1008 2205 1042 2263 p.
1059 2190 1080 2247 t.
1097 2195 1159 2248 not.
1184 2187 1227 2265 (ut
1247 2187 1400 2248 hostendit
1421 2186 1557 2248 boratIus

263 2291 294 2349 iu
317 2290 468 2368 principio
490 2295 615 2365 quartae
636 2295 786 2367 satyre-
801 2290 846 2348 sie
868 2287 917 2348 alii
939 2286 1081 2349 candidus
1096 2290 1282 2368 -oppidurn
1305 2291 1386 2351 iuxta
1409 2286 1555 2350 tiburtum

262 2398 292 2451 et
314 2399 452 2470 preneste
474 2423 516 2433 —
539 2388 678 2451 salustius
701 2424 739 2434 —-
764 2389 915 2471 supiitium
938 2391 1059 2471 iustum)

345 2493 430 2568 Item,
455 2494 538 2570 quod
557 2511 598 2554 ex
618 2491 724 2554 codice
751 2490 989 2554 Karolimcbensi
1008 2511 1043 2569 p.
1076 2500 1146 2567 122,
1178 2502 1195 2553 d
1224 2491 1328 2554 attolit
1349 2490 1496 2553 Hertzircs
1521 2490 1556 2553 in

261 2593 460 2656 adnotatione
488 2592 649 2668 scholium,
680 2593 731 2655 bic
754 2611 869 2670 quoquc
891 2603 991 2656 extat:
1020 2612 1113 2672 genus
1141 2594 1204 2655 uitii
1226 2613 1285 2674 quo
1308 2594 1397 2654 culmi
1419 2603 1555 2674 pereunt,

262 2697 314 2758 sed
338 2696 461 2757 abusiue
484 2695 601 2756 dicitur.
647 2695 720 2756 Nam
744 2695 850 2773 rubigo
872 2704 917 2757 est
939 2697 1045 2757 uitium
1062 2695 1191 2758 obscene
1205 2694 1338 2756 libidinis
1361 2693 1410 2755 uel
1433 2693 1556 2755 obsceni

261 2797 373 2867 liuorIs,
398 2807 429 2857 ut
452 2798 568 2857 Varro
592 2799 640 2864 ait,
664 2796 741 2875 quod
765 2795 849 2857 uicos
872 2805 1005 2863 uocatur,
1028 2796 1072 2870 cs.
1096 2798 1183 2857 Seru.
1208 2798 1252 2856 od
1273 2799 1381 2872 Georp.
1404 2798 1432 2870 I,
1460 2804 1513 2854 to!

346 2901 515 2973 itemquae
531 2917 566 2973 p.
591 2904 662 2969 149,
688 2906 722 2956 tt
744 2916 785 2959 ex
806 2896 963 2960 codicibus
986 2898 1072 2960 GLK
1090 2896 1289 2975 deprompsit,
1314 2916 1354 2960 ex
1369 2905 1478 2975 porte,
1501 2900 1558 2959 sed

260 3001 322 3062 ito:
352 3000 408 3060 Lar
431 2999 547 3076 quando
568 3045 702 3059 .......
724 2989 974 3088 ΚΑῘΟΙΚΔΙΟΝ
998 2999 1076 3061 idest
1098 2998 1297 3061 babitaculum
1321 2998 1459 3067 dearum,
1484 2997 1556 3060 iaris

262 3121 331 3180 iacit
353 3119 443 3196 genit.
480 3117 532 3177 Sio
555 3125 653 3178 autem
676 3119 885 3195 imperatorem
909 3093 1103 3203 ueientorum
1134 3096 1171 3161 2-
1202 3127 1231 3178 et
1260 3121 1342 3179 testis
1371 3126 1416 3178 est
1437 3116 1557 3178 ouidius

261 3223 304 3282 sio
326 3220 441 3281 dicens:
466 3219 552 3279 Lente
577 3220 659 3279 teror
682 3236 768 3279 cesus
791 3237 893 3279 cossus
921 3222 1018 3297 opIma
1049 3218 1124 3279 tulit.
1169 3218 1226 3280 Lar
1255 3218 1361 3280 domus
1384 3219 1553 3287 mulierum,

260 3321 339 3402 quod
362 3322 438 3399 ignis
459 3323 490 3381 in
514 3340 549 3381 ea
570 3337 689 3399 semper
711 3319 943 3385 custodiebatur.
989 3322 1061 3382 Nam
1090 3320 1134 3380 Iar
1161 3321 1239 3399 ignis
1261 3339 1276 3380 a
1300 3337 1391 3399 greco
1413 3319 1437 3401 †
1457 3337 1554 3382 κατο-

261 3423 318 3485 Iieo
341 3423 418 3485 idest
440 3440 505 3486 uro.

345 3511 468 3606 p.'179‚
495 3520 534 3584 12
557 3524 673 3584 Lucifer
696 3523 744 3585 uel
767 3544 834 3586 cum
857 3522 1037 3606 participiis]
1067 3523 1223 3596 Quaeritur
1247 3523 1304 3593 bic,
1327 3542 1381 3584 cur
1403 3543 1439 3584 er
1461 3522 1554 3602 piuri-

261 3627 316 3689 bus
338 3625 472 3707 partibus
495 3635 728 3707 componuntur,
757 3645 824 3688 cunr
854 3627 1004 3704 quidam
1034 3635 1166 3688 auctor
1190 3644 1349 3687 narrans
1372 3626 1414 3685 de
1436 3643 1553 3704 gram·

261 3732 393 3791 metica
417 3727 503 3798 dicit,
532 3729 610 3807 quod
634 3727 849 3808 prouidendum
874 3740 932 3797 est,
960 3748 997 3789 ne
1020 3747 1054 3789 ea
1078 3732 1197 3789 nomina
1220 3745 1449 3808 componamus,
1478 3745 1555 3806 quoe

261 3840 312 3892 aut
334 3832 498 3910 composita
522 3838 591 3891 sunt
613 3838 663 3889 aut
686 3832 822 3910 componi
839 3834 959 3892 omnino
975 3848 1033 3891 uon
1050 3839 1175 3908 possunt
1190 3829 1249 3903 (es.
1264 3831 1341 3891 lion.
1355 3847 1387 3905 p.
1404 3834 1473 3906 377,
1492 3834 1553 3904 13).

265 3933 314 3993 Sic
335 3931 567 4009 intellegendum
592 3940 652 4000 est,
684 3932 762 4010 quod
792 3934 846 3991 ‘in’
871 3940 901 3991 et
921 3933 1000 4010 ‘per’
1023 3930 1070 3990 uei
1094 3933 1153 3989 ‘ex'
1183 3939 1211 3990 et
1234 3930 1339 3990 simiiia
1362 3930 1554 3990 inueniuntur

263 4039 295 4096 in
318 4053 406 4096 unam
429 4036 674 4114 compositionem
698 4043 727 4094 et
749 4042 874 4114 possunt
889 4034 1035 4111 componi,
1059 4032 1153 4092 donec
1176 4039 1291 4093 mutant
1312 4049 1442 4101 sensum,
1466 4031 1552 4093 uerbi

262 4139 355 4217 gratia
378 4134 608 4216 ‘expugnabilis'
632 4153 691 4196 non
714 4143 808 4194 mutat
830 4153 965 4205 sensum,
993 4132 1255 4214 ‘inexpugnabilis’
1277 4143 1379 4195 mutat.
1417 4132 1554 4195 Obicitur

262 4248 361 4301 tamen
383 4236 466 4311 illud,
491 4238 569 4318 quod
593 4256 646 4299 cur
664 4237 853 4317 componitur
869 4234 1038 4305 nonnullus,
1063 4235 1180 4314 quando
1197 4244 1291 4297 mutat
1306 4253 1428 4297 sensum
1442 4235 1553 4305 uultus,

262 4340 340 4417 quod
364 4338 422 4400 duo
445 4357 505 4400 non
527 4341 652 4400 ueniunt
672 4340 703 4399 in
726 4356 814 4400 unam
837 4339 1092 4418 compositionem.

348 4458 375 4518 p.
400 4437 449 4509 75,
475 4437 514 4500 12
537 4437 811 4521 armamentarium]
836 4442 997 4501 armarium
1021 4448 1066 4500 est
1080 4438 1163 4499 Iocus
1179 4440 1228 4499 ubi
1244 4441 1428 4518 quarumque
1444 4441 1553 4501 artium

261 4547 457 4604 instrumento
481 4544 631 4620 ponimus,
665 4543 923 4603 armamentarium
952 4541 988 4601 ab
1012 4543 1103 4602 armis
1128 4539 1174 4601 uel
1197 4540 1342 4616 brachiis,
1371 4542 1480 4621 quibus
1502 4561 1553 4602 ex·

262 4653 410 4706 creentur.
607 4629 613 4642 ’
873 4622 879 4641 ⁸

346 4763 374 4822 p.
394 4743 463 4815 149,
480 4743 515 4806 t:
541 4745 619 4806 tit-eu
638 4746 700 4826 (sic)
726 4764 778 4825 per
802 4746 809 4803 i
832 4745 908 4805 idest
931 4746 1024 4826 spico.
1051 4746 1115 4825 lyon
1132 4755 1229 4808 autent
1247 4764 1333 4825 perp
1356 4745 1432 4806 idest
1448 4763 1551 4816 uenus,

262 4848 325 4906 rien
350 4847 492 4909 fluentum
517 4866 532 4908 a
557 4847 648 4908 uerbo
673 4849 749 4908 ‘reo’
773 4849 848 4909 idest
871 4851 938 4908 tluo.
