3382 5476
898 251 930 292 ο.

729 363 769 371 -
814 341 865 388 XII
908 363 950 373 -

196 535 271 576 usus
287 512 491 576 obseruantia
513 514 546 576 et
567 511 770 577 officiositate
792 512 938 594 remotis,
961 515 1122 596 quotquot
1143 513 1329 597 obstabant,
1351 512 1488 578 adeundi

195 607 438 687 difficultatibus
471 622 718 715 apiplissimum,
755 623 790 687 in
826 644 890 707 quo
927 622 1030 687 laetus
1064 623 1273 706 exspatiarer,
1310 623 1489 687 studiorum

196 754 344 816 campum
369 732 450 796 mihi
478 732 677 798 ostendisset.
722 733 829 816 Atque
857 730 973 797 horum
1001 733 1181 798 officiorum
1202 734 1258 818 pia
1278 735 1434 798 memoria
1454 734 1489 797 in

196 841 258 906 hoc
279 841 362 907 libro
384 844 455 927 ipso
478 843 635 908 collocata
656 845 713 908 est.

278 952 347 1017 Iam
375 975 413 1017 ex
436 953 580 1018 uirorum
602 952 769 1018 doctorum
791 974 924 1017 numero
941 951 1149 1018 Woelfflinus
1171 954 1291 1018 amicus
1313 953 1352 1018 de
1375 953 1489 1018 codici-

195 1063 254 1127 bus
275 1061 502 1128 Turicensibus
530 1062 556 1128 0
582 1063 623 1128 37
652 1066 685 1126 et
712 1062 753 1128 58
781 1066 927 1128 accurate
954 1063 1034 1127 mihi
1063 1063 1244 1148 respondit,
1272 1062 1488 1129 Buechelerus

194 1173 325 1238 altanus
352 1172 484 1257 codicis,
512 1174 568 1258 qui
590 1171 755 1239 Sedulium
783 1172 943 1256 continet,
971 1172 1144 1238 adhibendi
1165 1174 1256 1239 nullo
1277 1195 1350 1239 meo
1371 1178 1488 1259 rogatu

194 1283 320 1367 copiam
353 1283 444 1366 fecit,
478 1283 603 1348 Keilius
636 1282 761 1366 aliquot
789 1283 945 1348 librorum
978 1260 1213 1348 rarissimorum
1239 1284 1389 1349 notitiam
1416 1285 1488 1348 sub-

66 1462 73 1471 ,
194 1393 406 1476 ministiauit,
434 1393 598 1459 Vsenerus
631 1392 768 1477 denique
801 1392 840 1457 de
874 1393 968 1459 rebus
996 1393 1254 1479 orthographicis
1282 1397 1487 1478 quaerentem

194 1504 334 1588 benigne
356 1503 481 1569 adiuuit
501 1503 702 1586 transmissa,
725 1525 822 1586 quam
844 1503 922 1568 olim
944 1508 1089 1569 accurate
1111 1503 1245 1587 fecerat,
1271 1503 1390 1569 codicis
1412 1502 1488 1568 Ber·
1559 1515 1565 1533 ¹

193 1614 304 1678 nensis
321 1615 360 1679 16
375 1614 598 1678 lemmatorum
614 1613 937 1699 orthographicorum
951 1614 992 1679 ad
1011 1613 1275 1700 orthographiam
1291 1613 1488 1678 Beruensem

194 1725 331 1808 primam
353 1725 585 1808 pertinentium
608 1724 806 1789 collectione.
851 1723 914 1790 Sed
936 1724 975 1788 iis
997 1746 1125 1809 quoque
1147 1725 1225 1790 uiris
1232 1775 1242 1808 ,
1269 1724 1325 1808 qui
1353 1724 1489 1788 auctori-

193 1837 259 1898 tate
287 1837 384 1917 atque
412 1832 558 1917 hortatu,
587 1833 663 1898 dum
691 1833 742 1898 his
769 1833 1008 1918 incumbebam,
1036 1835 1164 1900 fortiter
1184 1857 1236 1899 mc
1257 1838 1488 1916 sustentarunt,

193 1965 333 2008 summas
348 1964 409 2028 ago
426 1943 555 2028 gratias.
592 1942 682 2008 Inter
703 1964 784 2027 quos
798 1942 999 2009 Hanricus
1013 1943 1174 2010 Keilius
1196 1945 1247 2009 uir
1268 1945 1488 2027 amicissima,

193 2076 266 2118 cum
287 2053 367 2117 haec
389 2054 431 2118 ob
454 2053 602 2118 eximiam
625 2054 866 2119 uenerationem
888 2053 950 2118 sibi
972 2054 1047 2119 data
1074 2054 1241 2140 dicataque
1268 2054 1429 2139 perleget,
1460 2056 1486 2118 si

192 2185 297 2248 nequo
312 2167 431 2227 temore
445 2185 550 2247 neque
565 2163 685 2228 fuistin
699 2164 785 2229 hunc
799 2164 943 2228 laborem
957 2168 1140 2248 susceptum
1155 2187 1223 2230 esse
1239 2165 1402 2247 iudicabit,
1418 2166 1485 2229 uoti
1552 2238 1555 2243 Δ

192 2296 314 2358 conpos
336 2295 400 2338 cro.

276 2578 401 2643 Dabam
424 2578 549 2645 Bernae
572 2603 600 2644 a.
623 2580 653 2644 d.
676 2579 788 2646 XVIII
811 2580 883 2646 Kal.
906 2581 994 2665 Sept.
1017 2583 1094 2646 anni
1117 2579 1412 2648 GIOIOCOCLXX.
