3382 5476
609 364 756 417 contem
774 363 979 417 BERNENSIS
997 365 1039 418 83.
1151 412 1154 417 ,
1412 364 1472 428 183

177 550 338 631 antiphona
367 549 456 613 dehet
483 554 565 613 cani:
595 558 726 632 ‘caput
747 551 928 614 draconis
950 551 1127 614 Saluator
1149 553 1368 621 conteruit',
1393 553 1470 631 quod

176 654 207 713 in
229 652 280 713 illo
303 654 442 713 nimirum
465 652 609 732 probatur
632 672 718 724 uero,
742 653 822 734 quod
844 656 875 714 in
898 655 957 716 line
979 655 1113 734 ponitur:
1149 651 1211 714 ‘ab
1240 653 1321 714 eiua
1344 660 1470 733 potes·

177 760 251 814 tate
274 771 401 812 omncs
424 755 595 833 eripuit'.

261 953 274 1037 ll
291 957 310 1016 i.
330 953 388 1018 15¹¹
405 953 418 1038 ll
444 957 661 1036 ‘Saroolagum’
685 958 856 1036 frequenter
870 961 900 1018 in
917 958 1167 1039 antepaeuultima
1190 957 1309 1039 quidam
1332 967 1469 1029 accuunt.

149 1057 226 1117 used
250 1060 370 1118 suauius
393 1068 438 1120 est
459 1058 670 1138 paenultimam
693 1060 768 1120 acui.
807 1059 947 1122 Ceterum
969 1078 1210 1140 unumquemque
1233 1061 1350 1120 aurium
1371 1061 1471 1140 potins

174 1167 293 1238 oportet
315 1158 476 1220 mulcedini
499 1163 647 1235 inseruire
669 1160 832 1222 secundum
855 1160 942 1233 iliud,
975 1162 1053 1242 qnod
1076 1156 1210 1225 Cicero
1232 1161 1257 1222 T
1265 1161 1380 1222 ullius
1402 1180 1469 1242 per·

173 1259 269 1321 hibet:
302 1262 546 1341 ‘imperatum
571 1269 626 1323 ost
648 1280 663 1322 a
687 1265 848 1339 ratione,
877 1270 916 1324 ut
943 1281 1101 1343 peccare
1129 1264 1333 1324 suauitatis
1361 1281 1469 1325 causa

174 1361 341 1423 liceret’.

261 1561 421 1647 ils-16³ii
444 1568 616 1646 antiquitus
639 1568 832 1646 ‘paupertas'
861 1586 877 1628 a
900 1567 1076 1646 qrrihusdam
1100 1568 1253 1649 pluraliter
1275 1566 1388 1648 prolata
1413 1577 1468 1638 est,

135 1665 225 1726 rosecl
249 1683 329 1727 nunc
353 1676 464 1729 tantum
488 1667 678 1750 singulariter
701 1670 879 1749 proterenda
903 1679 957 1730 est.

724 1959 926 1967 ———

682 2092 778 2154 PARS
800 2092 958 2154 ALTERA.

259 2206 270 2286 l‘
288 2209 307 2267 l.
322 2204 378 2269 63·
396 2208 408 2285 ξξ
434 2209 542 2286 Figura
566 2209 680 2272 heroici
704 2230 811 2272 uersus
833 2209 962 2271 hahetV
985 2208 1115 2290 dactylos
1137 2218 1167 2271 ct
1189 2219 1234 2271 cst
1255 2210 1349 2288 prima
1373 2209 1465 2286 figura

171 2316 201 2369 et
224 2327 315 2370 unum
337 2313 515 2385 spondeum,
541 2318 586 2371 nt:

324 2412 568 2491 Omnipotens
591 2412 761 2474 dominns
785 2414 853 2474 tihi
875 2416 924 2474 sit
946 2413 1035 2474 dens
1058 2416 1139 2493 ipse
1163 2412 1357 2491 benignus.

171 2512 222 2573 Sic
244 2519 273 2573 et
295 2512 360 2581 ille,
385 2514 436 2591 qui
457 2512 605 2591 spondeos
628 2513 716 2575 hahet
737 2517 884 2594 quinque.
909 2523 952 2576 ut:

132 2632 159 2673 ra
327 2614 402 2674 hex
426 2633 553 2692 rogum
576 2623 769 2677 aeternam
792 2614 967 2677 Christus
990 2615 1104 2686 donet
1127 2615 1195 2675 tihi
1219 2617 1330 2676 uitam

171 2723 259 2792 atquc
281 2717 312 2777 in
334 2715 415 2776 hunc
438 2714 557 2775 modum
582 2724 697 2777 ceteras
719 2719 852 2778 continet
873 2719 982 2796 liguros
1004 2724 1061 2778 etc.

260 2953 271 3036 l
288 2949 386 3013 r.·63b
448 2999 454 3012 .
480 2999 486 3011 .
509 2999 515 3011 .
538 2959 613 3011 .aut
639 2951 813 3031 spiritaliter
842 2962 886 3013 est
914 2952 951 3013 de
980 2951 1123 3014 memhris
1158 2954 1309 3013 interioris
1338 2951 1466 3012 hominia

171 3051 416 3130 intellegendum.
453 3052 548 3113 llahet
571 3056 649 3115 enim
673 3055 902 3134 uniuscuiusque
926 3063 1060 3116 nostrum
1084 3056 1180 3114 anima
1197 3050 1211 3135 ll
1227 3054 1248 3114 i.
1263 3051 1325 3116 64ΙΙ
1342 3050 1353 3130 ll
1372 3071 1463 3113 mem-

173 3153 239 3220 hra,
263 3165 296 3214 ut
317 3153 479 3215 ‘inlumina
502 3154 606 3216 oculos
628 3161 722 3216 meos'
746 3164 817 3223 etr.;
842 3163 872 3216 et
893 3166 1008 3225 cetera,
1037 3155 1074 3216 de
1102 3155 1210 3233 quihus
1232 3157 1338 3217 aliatim
1362 3164 1463 3216 sancta

131 3255 247 3318 aodixit
278 3259 411 3333 Agnes.
447 3256 525 3317 unde
559 3275 617 3317 non
647 3256 723 3317 hene
751 3258 882 3318 canitur:
917 3263 964 3317 ‘et
991 3256 1112 3334 sanguis
1139 3258 1203 3318 eius
1231 3258 1350 3318 ornauit
1370 3273 1465 3334 genus.

173 3360 283 3418 meum'
306 3376 361 3436 pro
383 3361 485 3433 ‘genas
508 3362 611 3419 meas’.

256 3559 427 3621 ‘Cathedra'
441 3560 625 3640 producitur,
642 3563 720 3628 sicut
735 3562 879 3631 ‘exedra’‚
898 3569 929 3621 ut
945 3564 974 3622 in
992 3560 1128 3640 exemplo
1143 3557 1279 3620 Bedae:
1297 3558 1461 3619 ‘nostrae

171 3661 346 3723 cathedra
370 3665 525 3724 terrae’.
550 3697 588 3707 -

256 3867 267 3944 ι
286 3861 410 3948 [64¹²ss
440 3866 532 3946 Caput
561 3865 722 3948 draconis].
772 3866 805 3928 ln
834 3865 995 3928 multorum
1023 3872 1140 3945 patrum
1168 3864 1279 3925 dictatu
1310 3863 1462 3940 reperitur

130 3991 159 4033 ‚a
174 3968 344 4027 ‘conteruit’
367 3977 396 4028 et
418 3975 451 4028 ut
472 3967 520 4028 hic
542 3968 654 4029 dictum
677 3969 747 4038 luit,
771 3966 849 4046 quod
871 3975 901 4029 ei
915 3965 1164 4029 Cassiodorus
1186 3966 1358 4042 frequenter
1380 3960 1459 4030 dicit,

172 4065 240 4128 licet
262 4077 294 4129 nt
315 4068 396 4129 ‘terit
418 4071 523 4139 triuit’,
546 4073 587 4130 ita
611 4072 762 4131 ‘conterit'
784 4069 854 4130 lacit
876 4070 964 4128 etiam
987 4067 1183 4142 ‘contritum’.

256 4270 268 4351 ll
286 4272 306 4332 l.
323 4268 380 4334 65·
398 4269 410 4352 ll
436 4273 548 4334 Ancilla
573 4274 646 4334 dixit
667 4219 769 4334 Petro:
794 4291 861 4333 nam
885 4217 914 4330 et
935 4266 1062 4347 loquella
1084 4265 1157 4348 tua].
1197 4262 1363 4341 ‘Loquella’
1387 4281 1461 4341 que·

171 4440 394 4451 ῃ..

240 4559 352 4624 icapud
411 4560 470 4608 lin
489 4560 712 4625 antepenultimam
782 4557 860 4608 osen
878 4556 900 4604 ai
918 4554 1025 4604 suanias
1093 4552 1251 4604 hinaeruire
1268 4549 1361 4599 addidi
1431 4553 1462 4602 ll

170 4622 275 4690 ligura]
294 4625 357 4676 coa.
376 4625 456 4677 Bern.
472 4630 508 4678 83
525 4644 593 4678 racc.
612 4627 638 4676 X
654 4629 675 4690 s.
692 4629 742 4677 63·
761 4625 831 4687 -f,
850 4626 897 4672 u·
975 4624 1006 4672 ta
1024 4632 1048 4670 et
1066 4636 1144 4670 unum
1161 4611 1317 4685 spondeum]
1339 4628 1366 4664 ut
1385 4618 1464 4668 nnius

170 4693 202 4742 1⁷
220 4703 264 4757 aut
280 4692 439 4760 spiritaliter]
460 4695 499 4744 ne
517 4696 564 4746 hoc
581 4699 636 4745 loco
654 4695 688 4756 es.
705 4694 791 4758 praefi
805 4693 889 4757 partis
900 4689 935 4739 11
946 4706 1005 4755 cap.
1018 4689 1073 4739 VI:
1093 4689 1181 4754 opiter
1198 4687 1229 4737 de
1248 4685 1355 4734 rhemos
1372 4700 1465 4737 mm

169 4762 331 4824 expositione
347 4765 485 4828 noritiplici.
569 4766 601 4812 2¹2
621 4774 723 4810 nostrae
743 4759 875 4823 cathegeta
942 4759 977 4807 24
995 4756 1077 4822 Gapnt
1094 4749 1225 4817 draconis]
1249 4752 1289 4813 Cf.
1308 4766 1392 4815 supra
1410 4757 1464 4804 hl

168 4829 203 4879 25
222 4829 371 4879 casiodorus
