3382 5476
194 381 305 429 nxxvl
635 366 870 421 COMMENTVM
891 368 1042 423 SEDVLII

191 553 309 632 scripto
331 554 447 633 Lipsiis
468 573 549 618 onrto
573 550 646 617 1619
669 558 907 630 [6666661666
935 557 1019 620 edito
1046 567 1160 629 essent,·
1188 557 1319 636 deniqtu
1344 559 1490 638 epistolas

192 660 235 719 66
249 657 401 733 diuersos,
427 660 659 734 annemundum
676 658 795 737 publicu¹
816 659 896 722 iuris
913 661 1022 734 factae
1043 670 1148 723 essent.
1186 664 1230 723 De
1244 664 1349 723 eodem
1364 664 1490 727 Sedulio

191 759 256 838 epit
278 759 416 822 Beiltrius
436 759 507 822 hist.
529 759 588 822 litt.
605 761 691 822 Ilom.
708 766 808 840 suppl.
832 764 890 825 III
902 782 938 840 p.
956 771 1025 824 365.
1043 772 1102 825 366
1120 763 1180 839 ita,
1205 772 1238 825 nt
1259 766 1490 828 commentarios

190 862 224 924 in
247 872 343 924 artem
366 861 513 940 Eutpcbii
533 871 563 923 et
582 864 813 926 commentarios
834 864 868 926 in
885 864 1021 943 primam
1049 869 1099 926 uel
1124 868 1288 928 secundom
1310 876 1407 929 ortem
1430 871 1489 930 116

191 964 258 1026 nati
278 972 308 1025 et
329 963 363 1025 in
384 963 485 1026 maius
505 969 645 1027 uolumen
667 966 783 1028 Donati
804 985 824 1027 a
846 965 992 1030 Fabricio
1014 967 1084 1030 bibl.
1108 968 1185 1029 med.
1208 977 1238 1030 et
1259 967 1321 1043 ins.
1345 970 1415 1031 Lot.
1445 973 1493 1032 VI

186 1085 221 1143 p.
247 1075 304 1126 158
325 1067 556 1130 commemorari
576 1085 673 1144 66666
695 1077 794 1130 tomen
815 1069 914 1147 ipsos,
943 1073 1049 1146 quales
1070 1079 1180 1149 essent,
1210 1074 1381 1134 ullomodo
1403 1072 1489 1134 nobis

191 1168 359 1231 innotuisse
385 1169 517 1246 diceret,
547 1168 634 1232 cuius
661 1170 709 1232 rei
734 1171 797 1233 iam
826 1171 1012 1234 Arntzenius
1043 1179 1117 1232 1761
1148 1171 1326 1234 mentionem
1355 1174 1487 1247 fecerat.

192 1273 378 1333 Arntzenius
407 1289 481 1333 uero
507 1271 738 1335 commentarios
769 1273 803 1335 in
830 1277 993 1336 secundam
1023 1273 1185 1336 editionem
1216 1275 1332 1337 Donati
1358 1275 1488 1353 scriptos

192 1373 283 1451 dicit,
306 1375 468 1436 Ioeclterus
487 1373 617 1451 primam
640 1375 845 1452 amplectitur.
882 1377 971 1469 Iloua
993 1374 1067 1439 buia
1088 1375 1259 1453 quaestioni
1280 1376 1488 1451 difficillimae

191 1479 247 1537 166
274 1468 413 1552 quamuis
435 1494 541 1553 parua
569 1477 686 1554 offttlsit
713 1480 811 1555 nuper
836 1477 969 1540 luciani
995 1478 1140 1540 Muelleri
1172 1483 1210 1540 de
1236 1478 1374 1547 muribus
1403 1478 1489 1541 Scoti

101 1622 104 1630 ,
192 1577 351 1640 cuittsdom
374 1581 412 1640 de
433 1582 593 1656 alphabeto
613 1579 732 1657 scripto
753 1579 1060 1643 commentatiuncula
1081 1599 1156 1643 mus.
1174 1582 1270 1642 Illten.
1294 1582 1360 1641 XX
1376 1600 1411 1658 p.
1428 1590 1486 1641 357

191 1687 310 1754 -371,
336 1679 389 1756 qui
406 1701 441 1758 p.
465 1690 521 1742 ³59
543 1681 792 1744 ‘commentarios
812 1683 847 1744 in
867 1682 966 1745 mains
987 1686 1126 1745 uolumen
1148 1681 1322 1745 Prmmuni’
1344 1683 1488 1759 16611661

193 1783 384 1844 Batauorum
406 1792 515 1845 extare
536 1784 634 1858 refert
655 1787 721 1847 cod.
747 1785 790 1846 M.
814 1787 847 1847 t.
871 1789 906 1848 V.
930 1789 961 1846 F
980 1794 1028 1846 61.
1043 1782 1075 1866 *)
1121 1787 1211 1858 11666
1233 1785 1358 1861 librum,
1383 1804 1486 1862 quam-

192 1903 281 1961 quam
305 1887 468 1947 Muellerus
490 1886 681 1947 Bondomum
703 1896 822 1949 secutus
842 1891 928 1949 baud
947 1906 1021 1950 sane
1041 1886 1148 1964 mapni
1168 1886 1308 1948 momenti
1328 1905 1392 1948 esse
1404 1886 1487 1949 iudi

192 1985 291 2062 cauit,
317 1995 430 2062 tamen,
455 1987 624 2064 66666666
645 1991 699 2050 Itos
719 1989 840 2052 Sedalii
861 1989 894 2050 in
919 1991 1080 2066 Eurycliam
1103 1988 1332 2051 commentarios
1349 1992 1486 2066 6661666-

193 2090 272 2165 rint,
303 2089 498 2165 aequioribus
521 2090 658 2164 fortusse
685 2091 780 2153 oculis
802 2091 998 2153 intuebuntur
1015 2094 1140 2168 fietque,
1171 2100 1204 2153 ut
1226 2091 1346 2154 Sedulii
1367 2091 1487 2153 nomine

193 2201 355 2254 commotus
376 2191 455 2254 illud
475 2212 592 2269 666666
605 2196 779 2270 opusculum
794 2193 908 2271 aliquis
923 2193 993 2255 olim
1009 2203 1064 2255 aut
1078 2202 1171 2256 totum
1194 2194 1226 2255 in
1248 2197 1344 2256 lucem
1361 2201 1487 2271 promat

193 2304 246 2356 661
274 2313 352 2371 6666
377 2294 458 2357 scitu
484 2295 584 2371 dipna
611 2294 795 2358 uidebuntur
821 2304 968 2374 excerpat
993 2314 1119 2372 cumque
1147 2295 1224 2357 uiris
1252 2296 1350 2358 doctis
1376 2298 1485 2357 hurum

193 2415 293 2458 rerum
324 2396 467 2460 studiosis
499 2397 707 2465 eommunicet,
753 2399 856 2474 Neque
881 2402 936 2460 boc
963 2402 1029 2460 loco
1052 2397 1369 2475 praetermittendum,
1405 2398 1489 2474 6666

194 2503 395 2562 nuecneleras
420 2499 454 2562 in
487 2500 591 2562 rodim
618 2502 648 2560 B
669 2499 801 2562 eiusdem
829 2499 948 2562 Sedulii
974 2500 1007 2561 in
1037 2499 1229 2561 Prisciauum
1257 2499 1488 2561 commentarios

192 2602 323 2676 infuisse
344 2601 421 2664 milti
441 2602 610 2679 indicarat,
638 2622 677 2664 ex
705 2602 812 2678 ortibus
834 2603 970 2677 sortasse
997 2610 1145 2680 excerpta
1172 2612 1256 2676 6661,
1286 2620 1365 2678 6666
1390 2619 1487 2680 supro

192 2704 330 2768 tractaui
348 2723 379 2783 p.
404 2706 542 2768 LXXIV
564 2709 640 2766 med.
668 2714 772 2766 1-16.

277 2810 386 2883 116666
405 2811 435 2868 si
454 2809 599 2869 Ioecltero
618 2810 708 2881 fidem
730 2809 908 2881 habeamus,
938 2815 1130 2867 commentum
1158 2809 1189 2866 in
1217 2805 1362 2884 Eutychis
1390 2814 1487 2867 ortem

193 2913 274 2987 qttoti
294 2912 343 2970 bic
359 2912 559 2987 proponimus
581 2913 642 2969 lam
665 2912 734 2969 olim
757 2927 837 2969 anuo
860 2917 934 2969 lo'ttl
955 2909 1065 2984 Lipsit's
1086 2911 1197 2969 editum
1215 2909 1330 2982 fertur,
1354 2910 1488 2983 6661161

193 3015 332 3086 credam,
357 3013 431 3071 milti
445 3012 636 3087 persuadere
657 3015 776 3071 minime
792 3027 923 3087 possum.
960 3011 1039 3070 Nom
1062 3020 1095 3071 ut
1116 3014 1262 3084 omittam,
1287 3013 1401 3072 nullum
1423 3014 1488 3072 cius

193 3116 332 3174 editionis
360 3130 484 3187 166666
512 3116 668 3188 uestipium
696 3123 851 3189 apparere
878 3131 973 3195 66666
993 3130 1056 3172 esse
1077 3131 1253 3188 ommatium
1276 3120 1329 3173 aut
1351 3120 1486 3173 ueterum

193 3223 246 3276 aut
273 3223 394 3276 nostroe
421 3219 528 3275 aetatis
555 3217 718 3289 bominum,
749 3217 803 3288 qui
829 3219 858 3276 tn
880 3233 950 3276 sums
971 3233 1079 3276 monus
1100 3232 1165 3275 eam
1189 3219 1304 3275 uenisse
1323 3217 1484 3290 61666166,

262 3467 293 3535 *)
312 3469 350 3521 01.
369 3471 470 3520 Martini
490 3470 583 3519 Hertzii
602 3470 684 3536 praei.
701 3471 780 3525 Prisc.
799 3486 826 3535 p.
847 3470 982 3532 XXVIIII,
1002 3480 1053 3519 not.
1074 3471 1135 3533 110,
1163 3470 1207 3531 qui
1229 3469 1333 3519 eosdem
1352 3469 1377 3517 in
1397 3483 1487 3518 monn·

194 3540 264 3588 nterii
283 3538 458 3605 Sangallensis
477 3538 628 3587 bibliotheca
647 3539 704 3588 clim
724 3538 824 3588 habitos
843 3555 900 3588 esse
919 3539 1041 3600 ostendit;
1059 3537 1150 3587 librum
1169 3536 1318 3587 Leidensem
1336 3538 1387 3586 iam
1407 3535 1488 3585 0661-

194 3623 242 3657 666
262 3609 349 3673 script.
368 3608 428 3656 eccl.
448 3607 468 3655 II
487 3622 513 3671 p.
533 3608 565 3656 te
583 3608 735 3656 memorauit
751 3607 820 3669 (cod.
840 3608 917 3657 Voss.
936 3606 992 3660 Lat.
1011 3609 1043 3656 21
1062 3621 1131 3658 rrum.
1149 3607 1186 3668 3).
1220 3605 1257 3654 De
1275 3605 1362 3654 codice
1380 3604 1487 3670 Sangal-

194 3676 272 3735 lensi,
291 3676 335 3740 qni
354 3691 421 3724 nnnc
438 3675 523 3723 Turici
540 3687 580 3723 est
598 3674 617 3725 C
635 3679 666 3726 31
685 3676 758 3737 (280)
777 3676 913 3738 inquirenti
933 3675 1068 3724 Eduardns
1087 3673 1236 3723 Wbliliinus
1255 3675 1352 3723 anneus
1370 3683 1487 3722 accurate

194 3745 339 3809 rescripsit,
363 3744 389 3792 in
413 3744 468 3792 iibri
491 3753 638 3807 tegumento
660 3744 845 3809 adglutinatam
872 3743 1017 3793 schedulam
1044 3742 1262 3792 membranaceum
1284 3743 1346 3791 haec
1366 3741 1488 3807 praehere

193 3826 271 3861 mann
288 3826 356 3861 suec.
375 3811 445 3861 XIIII
463 3810 572 3876 scripta:

345 3878 556 3930 Gbmentnrinlum
575 3879 665 3928 sedulii
682 3878 686 3943 Ι
702 3882 766 3929 scoti
785 3881 809 3929 in
828 3880 936 3942 quadum
956 3879 1022 3928 dicta
1038 3878 1042 3944 Ι
1058 3879 1176 3944 pristiani
1195 3879 1336 3943 gramatici.

194 3950 282 4014 Ipsum
302 3963 362 3997 nero
381 3948 494 3998 codicem
512 3947 573 3997 nihil
591 3949 720 3998 continere
739 3949 788 3998 nisi
806 3948 929 3997 Prisciani
953 3958 1031 3996 artent
1055 3962 1121 3997 saec.
1140 3947 1177 3996 Xl
1195 3948 1331 4012 scriptum:
1366 3944 1486 3996 INCIPIT

195 4033 260 4084 aas
278 4031 477 4083 nasascrnm
496 4045 543 4085 uc.
563 4031 632 4083 cvn
652 4015 735 4083 66ῑέ
749 4029 987 4091 6666666666
1006 4013 1317 4082 aesernini-omnm
1332 4029 1485 4091 616666

194 4116 372 4169 Panscmn’t
390 4116 883 4169 GRAMMATICI·XVIll·LIBER·DE
895 4115 1167 4169 CONSTRUCTIONE
1181 4117 1333 4169 EXPLICIT
1346 4114 1486 4166 FELICIT-

194 4184 288 4238 AhlEN
307 4215 338 4222 -
357 4186 448 4236 deinde
466 4186 517 4235 alin
534 4202 611 4236 nranu
629 4201 695 4236 saec.
714 4186 762 4235 XI:
799 4186 889 4235 ‘Omni
909 4197 932 4235 te
950 4185 1088 4236 simmache
1107 4185 1245 4235 nobilitatis
1268 4185 1405 4251 splendore
1423 4185 1488 4235 cele-

194 4257 292 4306 bratum
305 4270 320 4303 6
333 4252 449 4304 cbmune'
459 4281 492 4291 —
503 4271 569 4318 qnae
587 4266 647 4305 sunt
658 4255 741 4320 prima
753 4253 877 4303 Prisciani
895 4255 927 4303 de
939 4254 1029 4319 ilgnris
1048 4268 1210 4303 numerorum
1229 4254 1307 4302 uerba
1325 4269 1350 4320 p.
1360 4255 1420 4311 405,
1430 4255 1446 4303 2
1456 4254 1486 4304 tl.

193 4324 246 4390 Ipsi
268 4322 333 4372 libro
357 4324 504 4373 manasterii
522 4323 698 4388 sangallensis
721 4322 833 4388 sigillum
851 4323 996 4387 inpressum
1015 4335 1061 4373 est.
1097 4323 1189 4388 Igitur,
1212 4323 1273 4385 quia
1295 4317 1320 4370 in
1339 4321 1381 4371 illo
1400 4322 1489 4372 codice

194 4391 369 4443 commentarii
388 4391 518 4441 Sednlinni
543 4406 590 4440 nec
614 4392 751 4455 uestigium
775 4406 820 4440 nec
844 4391 903 4439 nola
925 4391 1001 4439 hodie
1024 4391 1131 4440 inueniri
1150 4400 1235 4457 potest
1252 4405 1334 4455 neque
1352 4388 1486 4439 Wnttnino

194 4469 298 4512 6661616
316 4460 365 4507 6116
384 4461 480 4509 codicis
498 4475 558 4524 pars
577 4470 679 4508 exsecta
697 4475 754 4509 esse
773 4459 886 4524 uidetur,
909 4459 1022 4509 scandent
1047 4460 1132 4509 nescio
1155 4474 1231 4521 quam
1254 4459 1347 4507 iactam
1365 4473 1422 4507 esse
1440 4457 1487 4508 Se-

195 4529 257 4579 dulii
275 4540 418 4577 commento
437 4527 554 4588 arbitror,
572 4543 638 4590 quae
657 4539 684 4576 nt
702 4530 870 4593 obtegeretur,
889 4527 921 4576 ad
940 4527 1056 4577 ficticinnn
1075 4527 1267 4594 inscriptionem
1285 4527 1420 4576 decursum
1439 4538 1486 4577 est.

195 4597 246 4647 Sed
264 4595 375 4646 sortasse
398 4611 473 4645 uerus
496 4594 592 4645 Scdnlii
615 4595 676 4644 liber
699 4596 763 4646 ialsn
786 4596 952 4661 inscriptione
974 4597 1078 4645 indutus
1101 4598 1126 4644 in
1150 4595 1312 4660 Sangallensi
1330 4596 1485 4644 monasterio

195 4665 278 4715 adhuc
296 4664 364 4716 latet.
389 4663 462 4723 Nam,
481 4678 539 4711 cnm
557 4666 703 4714 66661112
722 4663 887 4714 bibliothecae
900 4662 1074 4730 Sangallensis
1093 4664 1227 4714 thesauros
1240 4664 1390 4714 Turicenses
1409 4673 1487 4724 utque

195 4735 335 4783 Beruenses
358 4734 423 4783 inter
445 4748 473 4781 se
491 4732 633 4781 diuiderent
650 4734 725 4795 qnasi
748 4733 869 4797 praedem
891 4734 958 4782 iusta
981 4735 1079 4783 ratione
1101 4743 1214 4799 captam,
1238 4731 1418 4798 Sarrgnllenses
1442 4731 1485 4781 ilio

194 4800 275 4850 salsae
292 4801 467 4867 inscriptionis
486 4799 647 4865 inponendae
665 4800 769 4849 artificio
789 4816 850 4850 usos
869 4815 953 4849 rarum
973 4801 1070 4851 Sednlii
1088 4800 1177 4850 librum
1197 4800 1385 4866 praedabundis
1404 4799 1486 4849 nicto·

195 4884 250 4918 rum
269 4870 386 4919 manibus
406 4870 566 4935 subripuisse
584 4884 707 4934 perquam
726 4869 863 4918 uerisimile
880 4881 928 4924 est.
