3382 5476
696 381 906 433 sannausrs.
1404 378 1442 442 91

154 569 261 631 idesta
279 588 294 629 ε
317 570 327 629 i
349 587 411 629 ou.
449 568 603 639 Quomodo
627 587 698 646 ergo
721 570 886 630 formantur
908 571 1038 649 genetini
1060 572 1192 651 quinque
1215 568 1445 631 declinationum

152 670 189 731 ab
212 671 258 731 bis
280 672 410 749 quinque
433 670 603 731 uocalibnst
640 672 688 731 Sic
710 671 885 732 formantur.
924 672 1041 732 Primae
1063 672 1268 732 declinationis
1289 672 1447 747 genetiuns

152 775 182 833 in
205 791 240 832 ae
263 772 466 851 diphthongon
490 772 607 842 desinit,
631 782 664 833 ut
678 772 726 832 hic
748 782 835 851 poeta
858 773 946 834 huius
968 782 1088 852 poetae;
1112 774 1260 834 secundae
1276 772 1447 833 declinatio·

152 877 198 935 nis
212 882 357 952 genetuus
380 876 410 933 in
432 875 441 932 i
465 873 638 951 productam
663 876 847 943 terminatur,
871 882 904 934 ut
919 873 966 934 hic
988 875 1093 937 doctus
1115 874 1203 937 huius
1225 876 1318 942 docti;
1342 875 1446 934 tertiae

126 975 359 1036 sdeclinationis
373 978 532 1054 genetiuus
554 978 626 1036 inis
647 984 825 1054 correptam,
848 984 882 1035 ut
905 975 953 1036 hic
975 988 1059 1056 pater
1082 977 1168 1037 huius
1190 977 1297 1055 patris;
1321 983 1444 1052 quartae

78 1136 82 1140 .
149 1078 357 1138 declinationis
384 1079 538 1154 genetiuns
566 1124 682 1138 .....
708 1078 738 1137 in
761 1079 788 1139 ei
809 1077 921 1138 diuisas
946 1076 1072 1159 syllabas
1094 1079 1285 1146 terminatur,
1309 1085 1342 1138 ut
1370 1076 1443 1137 baec

151 1179 217 1242 dics
239 1179 328 1240 huius
350 1179 418 1239 diei.
465 1179 496 1238 ln
520 1178 575 1239 bac
598 1187 696 1239 autem
720 1179 896 1240 formatione
918 1179 1149 1240 declinationum
1172 1199 1187 1239 a
1211 1178 1365 1240 uocalibus
1387 1179 1443 1238 tria

150 1280 349 1358 intellegenda
366 1290 449 1349 sunt,
474 1280 530 1340 boc
546 1289 590 1341 est
604 1283 810 1342 transmutatio
826 1281 941 1342 ordinis
957 1289 986 1341 et
1000 1280 1159 1360 duplicatio
1174 1290 1262 1360 atque
1278 1280 1445 1342 transilitio.

151 1383 377 1444 'transmutatur
393 1383 472 1443 enim
489 1403 510 1441 e
522 1428 653 1442 ......
671 1384 739 1463 quia
757 1381 835 1443 nulla
859 1381 1017 1444 declinatio
1039 1383 1076 1443 ab
1100 1402 1133 1443 ea
1157 1381 1324 1461 regulatur:
1348 1380 1447 1442 nullus
1527 1432 1533 1442 .

111 1498 137 1537 1⁰
151 1485 230 1544 enim
246 1485 404 1562 genetibus
420 1483 542 1544 Latinus
558 1502 575 1543 o
591 1481 688 1545 littera
711 1485 898 1544 terminatur.
935 1483 1007 1545 item
1023 1478 1268 1561 interrogandum
1285 1493 1338 1553 cst,
1354 1503 1447 1563 quare

149 1604 211 1647 non
226 1604 247 1645 u
269 1587 451 1647 nominatius
473 1583 529 1644 bae
551 1584 765 1646 declinationes
787 1586 968 1662 regulantur,
992 1587 1043 1646 sed
1060 1605 1075 1646 a
1091 1589 1240 1664 genetiuo.
1272 1587 1445 1665 Propterea,

149 1690 218 1766 quia
242 1688 440 1748 nominatiuus
463 1687 571 1748 multas
593 1688 815 1748 terminationes
837 1686 926 1747 habet
948 1696 978 1748 et
999 1687 1119 1749 dilticile
1142 1697 1201 1759 est,
1226 1697 1257 1748 ut
1278 1687 1315 1749 ab
1338 1706 1373 1748 eo
1396 1706 1446 1747 co·

147 1799 308 1868 gnoscatur
331 1789 499 1849 declinatio.
542 1788 614 1849 inde
637 1789 862 1851 Consentius
884 1790 969 1859 dicit,
993 1791 1062 1870 quia
1084 1791 1285 1851 nominatiuus
1313 1791 1447 1851 infinitus

149 1901 178 1951 et
201 1892 409 1952 interminatus
437 1898 490 1950 est.
536 1890 601 1951 Non
623 1889 716 1951 babes
744 1892 822 1951 enim
845 1899 957 1953 certam
981 1892 1113 1968 regulam
1136 1892 1173 1953 ab
1197 1911 1248 1960 eo,
1278 1909 1336 1970 qua
1358 1890 1447 1951 cadas

111 2007 137 2048 rs
151 1996 183 2053 in
205 1995 392 2070 genetiuum,
425 1992 518 2071 (pund,
547 1994 571 2051 si
595 1992 696 2052 uideas
719 1994 932 2055 nominatiuum
963 2012 995 2053 es
1016 1995 1148 2062 linitum,
1176 2013 1237 2054 non
1259 1994 1394 2072 seqnitur
1415 1994 1446 2053 in

149 2095 347 2155 declinatione
369 2112 447 2155 unus
469 2094 638 2171 genetibus,
667 2103 702 2153 nt
722 2095 865 2155 Anchises
887 2093 1041 2165 Anchisae,
1064 2096 1150 2157 miles
1166 2095 1281 2164 militis,
1297 2095 1361 2156 dies
1376 2094 1444 2163 diei,

150 2204 179 2256 et
201 2199 226 2256 si
250 2197 280 2256 in
311 2215 345 2255 us
372 2198 463 2263 exiet,
494 2214 552 2255 non
581 2195 667 2255 unius
695 2197 752 2256 erit
780 2195 1001 2267 declinationis,
1031 2206 1063 2257 nt
1089 2217 1195 2259 seruus
1222 2199 1319 2267 serui,
1349 2198 1446 2257 uirtus

150 2299 284 2366 uirtutis,
313 2291 403 2358 sotus
419 2296 524 2366 solius,
553 2298 661 2357 iluctus
688 2297 795 2359 linctus
823 2307 853 2358 et
880 2306 993 2367 cetera,
1021 2299 1101 2378 quod
1127 2301 1158 2359 in
1186 2298 1286 2359 uerbis
1311 2296 1446 2359 similiter

149 2395 329 2466 ostenditur;
359 2418 427 2459 nam
458 2418 516 2458 non
546 2417 562 2458 a
591 2400 684 2477 prima
713 2418 838 2478 persona
867 2402 1034 2478 coniugatio
1062 2401 1247 2480 exploratur,
1275 2399 1327 2461 sed
1356 2421 1372 2461 a
1400 2419 1445 2460 se-

109 2502 245 2562 socnnda
280 2519 407 2580 persona
440 2500 674 2569 demonstratur,
710 2508 743 2561 ut
770 2520 836 2561 amo
869 2519 963 2572 amas,
998 2502 1091 2563 doceo
1123 2501 1228 2571 doces,
1264 2502 1329 2579 lego
1362 2500 1445 2579 legis,

149 2604 237 2664 audio
271 2603 362 2664 audis.
409 2603 525 2662 Primae
558 2600 764 2663 declinationis
795 2621 871 2683 quae
904 2611 949 2664 est
981 2605 1110 2682 agnitio?
1155 2604 1234 2664 llaec
1264 2611 1323 2663 cst:
1362 2604 1448 2662 cuius

150 2707 349 2766 nominatiuus
372 2704 486 2765 duabus
507 2701 621 2777 litteris
637 2706 811 2765 terminatur
840 2723 855 2765 a
879 2713 908 2764 et
931 2725 945 2765 s
968 2713 997 2764 ει
1018 2705 1113 2766 tribus
1141 2703 1402 2787 terminationibus
1429 2723 1444 2764 a

150 2826 182 2868 as
205 2826 245 2867 es.
290 2807 361 2867 inde
384 2807 615 2867 Priscianus
638 2805 722 2867 dicit:
752 2806 872 2867 Habet
895 2825 982 2885 ergo
1010 2808 1150 2885 primae
1173 2806 1446 2867 declinationis

150 2911 404 2969 nominatiuus
432 2907 585 2969 litteras
613 2907 763 2987 quidem
793 2908 1014 2970 terminales
1043 2908 1132 2970 duas
1160 2928 1175 2967 a
1200 2917 1235 2968 et
1256 2927 1286 2977 s,
1316 2909 1445 2968 termi-

109 3013 322 3073 esnationes
346 3028 435 3070 uero
458 3018 534 3070 tres
556 3028 680 3070 aascs
702 3011 931 3090 productam,
956 3029 972 3070 a
994 3018 1034 3071 ut
1056 3009 1146 3070 hacc
1169 3007 1313 3089 syllaba
1337 3008 1446 3069 huius

148 3111 332 3192 syllabae,
362 3131 399 3172 as
422 3119 459 3171 ut
481 3110 534 3170 hic
561 3113 703 3173 Aeneas
731 3112 839 3173 huius
862 3115 1020 3182 Aeneae,
1051 3130 1092 3172 es
1120 3119 1156 3172 ut
1179 3112 1240 3171 bic
1263 3111 1447 3172 Anchises

150 3213 258 3275 huius
285 3213 479 3274 Anchisae.
525 3213 771 3291 Interrogaudum
800 3221 844 3275 εει
873 3222 985 3283 autem,
1015 3231 1090 3290 quac
1112 3215 1151 3274 sit
1173 3213 1339 3274 differentia
1366 3214 1445 3273 inter

150 3314 335 3376 terminalem
359 3323 389 3375 et
411 3315 648 3375 terminationem
671 3317 701 3373 in
724 3316 770 3376 bis
793 3315 963 3376 nominibus
985 3317 1015 3376 in
1038 3335 1055 3375 a
1077 3315 1290 3376 desinentibus.
1328 3314 1447 3375 Scimus

150 3419 239 3487 enim,
255 3419 393 3498 quoniam
411 3414 422 3496 ΙΙ
439 3415 458 3476 l.
475 3413 536 3476 94ι
552 3414 563 3496 ΙΙ
580 3416 743 3478 terminalis
764 3435 822 3478 una
836 3417 934 3478 littera
956 3425 1002 3478 εει
1016 3435 1067 3477 seu
1084 3416 1196 3479 uocalis
1216 3415 1263 3475 uel
1279 3432 1446 3475 consonans

111 3519 202 3588 rosit,
227 3520 398 3581 terminatio
426 3524 524 3579 autem
548 3527 592 3578 est
621 3517 732 3579 uocalis
758 3520 822 3581 siue
851 3519 913 3580 sola
941 3519 990 3579 uel
1019 3519 1130 3604 uocalis
1156 3536 1225 3579 cum
1253 3523 1443 3577 consonante.

150 3619 229 3681 llaec
252 3638 324 3698 ergo
347 3630 391 3680 est
413 3619 580 3680 dillerentia
602 3622 681 3680 iuter
704 3620 888 3682 terminalem
912 3629 942 3682 et
962 3623 1202 3681 terminationem
1225 3621 1255 3680 in
1270 3617 1328 3678 illis
1350 3619 1446 3679 nomi·

151 3719 239 3782 nibus
267 3723 296 3782 in
327 3742 343 3781 a
367 3721 585 3782 desinentibus:
614 3722 733 3799 thando
756 3723 835 3783 enim
864 3741 948 3784 mens
972 3731 1019 3784 tua
1048 3723 1172 3801 respicit
1199 3721 1235 3782 ad
1259 3727 1444 3801 potestatem,

150 3823 227 3883 idest
248 3823 283 3883 ad
307 3822 462 3904 syllabam,
488 3831 556 3883 tunc
573 3824 826 3893 terminationem;
850 3825 967 3904 qnando
991 3833 1089 3886 autem
1108 3824 1144 3885 ad
1160 3822 1365 3891 litteraturam,
1390 3820 1446 3881 hoc

152 3925 254 3985 estad
283 3927 497 3986 extremitatem
525 3928 607 3995 soni,
638 3944 714 4005 quae
743 3935 795 3988 aut
824 3926 919 3989 uocati
949 3936 999 3988 aut
1026 3936 1209 3987 consonante
1237 3927 1444 3992 terminantur,

110 4035 220 4088 sstunc
248 4027 411 4088 terminalis
445 4035 497 4088 εει.
551 4027 623 4087 item
651 4027 707 4088 alia
742 4030 852 4106 agnitio
888 4037 933 4089 εει
960 4033 1075 4109 primae
1103 4026 1322 4087 declinationis:
1363 4027 1447 4085 cuius

151 4131 305 4207 genetiuus
328 4137 357 4188 et
379 4128 495 4189 datiuns
518 4130 675 4205 singularis
698 4137 727 4190 et
750 4132 949 4191 nominatiuns
978 4139 1007 4189 et
1030 4130 1183 4189 uocatiuus
1204 4126 1327 4207 pluralis
1356 4130 1387 4188 in
1411 4145 1446 4187 ac

218 4314 486 4380 3inedipthongon
539 4314 612 4381 pheta
664 4316 739 4381 phete
807 4316 963 4381 Aproducte
1032 4316 1091 4366 hin
1110 4324 1251 4379 correptam
1309 4316 1447 4377 6quartne

151 4381 327 4431 declinationis
345 4385 479 4447 genetibus
498 4384 522 4432 in
542 4387 564 4433 ei
582 4385 680 4434 diuisas
733 4386 813 4434 'iteca
864 4385 880 4434 8
899 4383 1134 4446 transmutationis,
1152 4399 1220 4434 corr.
1235 4384 1412 4432 transmutatio

150 4461 334 4500 transmutatus
353 4452 418 4499 enim
438 4468 451 4499 e
469 4454 529 4514 quia
548 4452 615 4501 nulla
633 4450 693 4516 etc]
714 4453 877 4503 Exciderunt
889 4453 1013 4518 quaedam
1030 4453 1062 4502 de
1079 4453 1289 4501 transmutatione
1307 4452 1406 4501 ordinis
1422 4457 1447 4499 et

151 4519 184 4567 rie
201 4518 382 4582 duplicatione.
405 4521 497 4571 Vltima
514 4523 570 4570 ioco
581 4522 662 4582 subse
674 4522 790 4571 uidetur:
809 4520 949 4570 transilitur
967 4534 990 4581 o,
1009 4523 1051 4570 uel
1066 4521 1145 4569 eirnite
1163 4521 1231 4583 puid.
1283 4522 1298 4569 3
1316 4517 1447 4581 regulatus

152 4588 437 4647 loquarenominatiuo
491 4591 521 4637 12
534 4588 628 4637 dificile
662 4599 832 4653 cognuscetur·
884 4585 1271 4653 13cousensius]p..358,71i.
1327 4589 1358 4636 14
1370 4587 1446 4634 inter·

150 4653 252 4702 minatis
343 4658 374 4705 15
397 4658 581 4705 nominatiuum
600 4656 723 4705 el'iinitnm
744 4671 793 4705 non
811 4657 927 4718 seqnitur
944 4656 1132 4706 inclinationem
1151 4672 1216 4704 nnus
1234 4656 1346 4719 genetiui
1416 4655 1447 4704 18

151 4720 287 4772 sclusam.
340 4722 450 4773 tinctona
497 4725 639 4773 ostenditur
705 4726 739 4775 20
757 4739 815 4773 amo
833 4739 891 4772 ama
959 4726 990 4774 21
1011 4740 1096 4789 preme
1180 4726 1213 4772 33
1231 4719 1388 4785 Priscianus]
1408 4723 1448 4771 De

151 4790 309 4838 nontineetc.
327 4793 514 4854 ρ.ιι3,101ι’.
566 4795 599 4841 24
617 4791 720 4854 quidest
769 4793 802 4843 2ss
821 4793 908 4841 oenias
960 4795 1048 4842 neniae
1099 4791 1294 4842 antemnates
1346 4790 1448 4840 uocales

150 4856 288 4906 consolans
348 4862 381 4909 30
398 4858 493 4924 siueJi
547 4876 605 4910 cnm
625 4861 715 4910 addidi
781 4861 815 4910 34
832 4875 898 4924 quae
915 4871 999 4910 antem
1079 4861 1111 4911 36
1129 4857 1274 4925 singidures
1351 4922 1353 4927 Ι
