3382 5476
193 375 236 439 52
727 370 795 423 aas
813 369 943 421 aarum

192 564 296 626 eodem
320 563 407 623 modo
430 570 565 642 tempore
587 561 689 622 futuro
712 578 779 620 curu
803 558 907 620 dixero
931 566 986 618 etc.
1023 556 1173 618 lufruitiuo
1195 555 1283 616 modo
1305 555 1439 616 numeris
1460 561 1491 616 et

191 667 328 748 personis
350 675 483 744 tempore
506 664 658 745 praesenti
681 661 794 731 dicere,
818 661 981 739 praeterito
1005 658 1125 729 dixisse,
1147 659 1248 720 futuro
1270 656 1351 718 dictu
1373 658 1420 717 ire
1441 655 1491 717 uel

192 767 303 828 dictum
320 769 374 828 ire.
412 765 597 846 lupersonali
620 763 708 824 modo
731 771 867 842 tempore
889 763 1040 842 praesenti
1063 760 1182 831 dicitur,
1204 761 1368 841 praeterito
1388 760 1490 838 inper-

191 870 269 930 fecto
298 867 469 938 dicebatur,
498 868 660 947 praeterito
689 866 823 944 perfecto
851 862 962 923 dictum
991 871 1037 922 est
1059 871 1089 922 et
1111 861 1246 922 ulteriori
1268 860 1357 921 modo
1379 858 1491 921 dictum

193 971 261 1039 fuit,
295 971 458 1049 praeterito
486 967 778 1047 plusquamperfecto
806 964 918 1026 dictum
945 973 1010 1025 erat
1037 974 1067 1025 ct
1094 964 1236 1026 ulteriore
1264 963 1352 1025 modo
1380 963 1518 1024 dictumt

192 1071 306 1149 fuerat,
329 1074 430 1133 futuro
452 1071 577 1131 dicetur.
623 1069 703 1129 llaec
725 1076 795 1128 sunt
818 1067 942 1144 gerendi
966 1054 1011 1126 ue'l
1035 1068 1057 1140 †
1079 1066 1219 1144 tipieialia
1243 1064 1348 1126 uerna:
1372 1063 1491 1126 dicendi

192 1173 318 1234 diceudo
347 1170 505 1232 diceudum
532 1170 616 1230 dictu
638 1169 739 1230 dictui.
784 1169 860 1230 Sunt
882 1169 1052 1248 participia,
1082 1185 1157 1245 quae
1181 1167 1338 1228 trahuntur
1359 1184 1375 1226 a
1399 1165 1492 1229 uerlru

193 1277 290 1336 actiuo
312 1274 370 1334 duo
393 1290 534 1353 praesens
557 1280 588 1332 et
610 1274 762 1341 futurum,
786 1288 929 1349 praeseus
952 1269 1070 1338 diceus,
1093 1271 1227 1330 futurum
1250 1269 1395 1330 dicturus.

277 1376 366 1436 llicor
398 1373 524 1436 uerbum
553 1375 702 1453 passiuum
731 1372 894 1432 iudicatiuo
923 1371 1010 1433 modo
1039 1371 1152 1431 dictum
1180 1376 1315 1452 tempore
1342 1372 1492 1451 praesenti

180 1496 316 1540 numero
343 1476 486 1555 singulari
516 1479 626 1554 figurae
655 1472 797 1553 simplicis
826 1491 973 1553 personae
995 1475 1108 1552 primae
1131 1474 1350 1551 coniugatiouis
1376 1473 1491 1541 tertiae,
1505 1479 1530 1519 ¹⁰

193 1578 271 1657 quod
300 1576 498 1640 declinabitur
526 1579 583 1639 sic:
619 1576 702 1636 dicor
731 1574 838 1636 diceris
866 1575 975 1635 dicitur
1004 1583 1077 1645 etc,
1108 1575 1212 1635 eodem
1240 1574 1329 1634 modo
1355 1583 1492 1654 tempore

192 1683 355 1761 praeterito
383 1681 550 1760 inperfecto
580 1677 702 1738 dicebar
730 1685 803 1745 etc,
833 1676 938 1736 eodem
968 1676 1056 1737 modo
1080 1684 1214 1755 tempore
1238 1678 1401 1754 praeterito
1423 1694 1493 1755 per·

193 1783 270 1843 fectu
299 1783 397 1842 dictus
425 1799 490 1841 sum
519 1788 576 1840 etc.
607 1788 636 1839 et
659 1779 803 1840 ulteriore
828 1776 917 1838 modu
940 1778 1038 1839 dictus
1062 1779 1102 1838 fui
1125 1786 1182 1838 etc.
1206 1776 1279 1839 dicti
1301 1779 1423 1839 fuerunt
1445 1778 1493 1838 uel

193 1888 291 1953 luere,
316 1883 421 1942 eodem
444 1883 531 1942 modo
554 1890 690 1960 tempore
713 1882 875 1959 praeterito
898 1880 1190 1959 plusquamperfecto
1213 1879 1310 1940 dictus
1333 1897 1413 1940 eram
1435 1887 1492 1941 ete.

192 1992 224 2044 et
251 1983 393 2044 ulteriore
423 1982 511 2043 modo
534 1983 631 2042 dictus
654 1983 767 2042 fueram
791 1989 862 2048 etc..
892 1981 996 2042 eudem
1020 1982 1107 2042 modo
1130 1991 1264 2059 tempore
1288 1982 1388 2042 futuro
1410 1981 1529 2043 dicar¹⁵

194 2094 263 2154 ete,
287 2087 456 2165 inperatiuo
479 2083 566 2144 modo
589 2092 724 2162 tempore
746 2084 896 2161 praesenti
920 2081 956 2143 ad
979 2084 1140 2144 secundam
1156 2088 1187 2142 et
1201 2083 1318 2143 tertiam
1334 2101 1493 2162 personam

194 2188 294 2248 dicere
318 2187 445 2254 dicatur,
470 2185 547 2265 quod
571 2187 708 2264 primam,
734 2191 878 2263 utsupra
902 2185 1015 2246 dictum
1038 2193 1092 2253 est,
1116 2200 1274 2265 personam
1296 2185 1327 2244 iu
1350 2182 1494 2263 singulari

195 2308 319 2350 numero
342 2290 539 2368 imperatiuus
563 2285 667 2347 rnodus
690 2305 749 2347 uon
772 2288 894 2365 recipit,
919 2294 949 2346 et
963 2286 1118 2366 pluraliter
1134 2285 1239 2347 eodem
1255 2286 1343 2346 modo
1359 2293 1494 2366 tempore

194 2393 345 2469 praesenti
381 2390 416 2450 ad
452 2407 554 2449 omnes
589 2406 733 2468 personas
760 2387 894 2450 dicamur
923 2390 1061 2450 dicamini
1089 2389 1237 2457 dicautur.
1273 2387 1378 2449 eodem
1407 2387 1494 2449 modo

195 2503 328 2572 tempore
359 2495 459 2553 futuro
487 2491 599 2551 diceris
626 2490 742 2551 dicetur
768 2491 902 2551 dicemur
925 2492 1065 2553 dicemini
1088 2490 1226 2550 dicentur
1249 2488 1296 2549 uel
1320 2489 1531 2551 arcemanus

195 2594 336 2674 Optatiua
365 2593 453 2653 modu
482 2602 616 2670 tempure
645 2594 794 2670 praesenti
818 2600 848 2652 et
869 2595 1030 2671 praeterita
1053 2593 1218 2672 inperfecto
1241 2594 1355 2654 utinam
1378 2593 1495 2654 dicerer

194 2705 261 2767 etc,
287 2696 390 2756 eodeni
414 2694 502 2755 mado
527 2705 659 2771 tempore
682 2696 845 2772 praeterito
866 2696 1000 2772 perlecto
1023 2704 1052 2755 et
1072 2685 1365 2774 plusquamperfecto
1380 2696 1495 2756 utinam

194 2797 291 2857 dictus
320 2815 416 2856 essem
447 2804 503 2855 etc.
531 2803 562 2854 et
591 2794 727 2854 ulteriori
755 2795 842 2855 moda
872 2798 985 2855 utinam
1014 2797 1111 2857 dictus
1139 2796 1261 2857 fuissem
1286 2805 1359 2866 etc..
1390 2794 1495 2857 eudem

195 2897 282 2959 modo
307 2906 439 2975 tempure
464 2897 563 2956 futuro
587 2899 698 2956 utinam
723 2896 804 2957 dicar
828 2903 883 2956 etc.
922 2897 1117 2958 Coniunctiuo
1141 2896 1228 2958 modo
1252 2905 1387 2977 tempore
1409 2916 1496 2977 prae·

195 3000 272 3058 scuti
306 3016 373 3056 eum
411 2996 493 3056 dicar
523 3007 596 3065 etc,
631 2997 736 3056 eodem
765 2997 852 3057 modo
880 3006 1014 3078 tempore
1044 3001 1205 3077 praeterito
1234 2998 1400 3079 inperfecto
1428 3004 1533 3061 cum2⁵

195 3100 311 3160 dicerer
336 3108 402 3167 etc,
427 3097 531 3159 eodem
556 3098 643 3158 modo
667 3106 801 3177 tempore
825 3103 987 3175 praeterito
1008 3103 1142 3179 perfecto
1158 3118 1225 3161 cuur
1242 3101 1339 3161 dietus
1354 3103 1411 3161 sim
1428 3108 1496 3169 etc,

195 3210 224 3262 et
248 3200 390 3260 ulteriore
414 3199 502 3259 modo
526 3219 593 3260 cum
618 3198 715 3259 dictus
739 3200 845 3260 fuerim
869 3210 941 3270 ete,
967 3203 1070 3263 eodem
1094 3204 1181 3263 ruodo
1204 3212 1340 3282 tempore
1363 3210 1495 3281 praeter·

196 3305 237 3362 ito
261 3301 553 3382 plusquamperfecto
577 3320 643 3361 curu
667 3302 765 3361 dictus
788 3320 884 3361 essem
909 3313 964 3364 etc.
988 3313 1018 3364 et
1040 3303 1183 3365 ulteriore
1206 3306 1294 3367 ruodo
1316 3322 1382 3364 cum
1400 3303 1498 3363 dietus

196 3405 318 3464 fuissem
343 3412 410 3471 etc,
437 3403 541 3463 codem
565 3403 653 3463 ruodo
677 3412 810 3483 tempore
833 3404 933 3463 futuro
956 3424 1023 3464 cum
1047 3405 1144 3468 dictus
1167 3426 1219 3468 ero
1235 3414 1291 3467 etc.
1308 3412 1339 3466 et
1353 3404 1497 3466 ulteriore

197 3506 285 3567 modo
308 3525 376 3567 curn
400 3506 498 3567 dietus
520 3506 605 3567 fuero
628 3515 685 3567 etc.
721 3505 872 3566 luliuitiuo
896 3506 983 3566 niodo
1007 3511 1138 3568 numeris
1154 3518 1183 3569 et
1200 3508 1337 3587 personis
1360 3514 1496 3585 tempore
1510 3511 1534 3550 ³⁰

266 3675 386 3722 leodem
406 3673 482 3722 modo
501 3675 587 3723 om.B
639 3673 809 3723 iutiuitiuoll
878 3677 1032 3740 ipreterito
1053 3680 1075 3725 Α
1127 3678 1196 3727 dictu
1214 3679 1251 3726 ire
1270 3676 1308 3726 uel
1327 3675 1413 3728 om.B
1481 3678 1497 3725 3

197 3742 325 3807 perfecto,
344 3757 392 3789 om.
411 3741 584 3805 praeteritoB
636 3742 934 3806 bplusquamperfecto,
953 3761 999 3798 om.
1020 3744 1194 3810 praeteritoB
1254 3743 1417 3794 fidiciturss
1452 3759 1497 3808 ge-

198 3810 272 3858 rundi
292 3809 331 3856 uel
348 3809 420 3873 tipici
438 3809 488 3857 alia
507 3809 584 3857 uerba
601 3821 661 3857 suut
678 3809 810 3858 diceudiB
837 3810 899 3859 haec
917 3823 976 3861 suut
994 3814 1043 3862 alia
1063 3814 1139 3863 uerba
1157 3813 1261 3877 gerendi
1281 3812 1320 3860 uel
1338 3812 1443 3876 tipicirl
1461 3811 1498 3872 cf.

198 3879 255 3927 rod.
277 3876 357 3927 Bern.
378 3879 428 3924 207
446 3878 511 3925 artis
527 3878 706 3939 arammaticae
722 3878 769 3940 fol.
790 3880 870 3926 122⁸:
894 3877 959 3927 Sunt
977 3882 1053 3929 uerba
1072 3897 1137 3942 quae
1154 3879 1278 3944 tipicialia
1296 3880 1415 3929 dicuutur
1432 3878 1499 3928 idest

198 3945 387 4006 similitudinis,
411 3944 532 4005 quoniam
555 3944 746 3993 similitudinem
771 3946 965 4009 participiorum
988 3949 1012 3996 iu
1032 3965 1061 3997 se
1079 3950 1217 3998 ostendunt
1234 3963 1291 3997 cum
1310 3949 1361 3995 siut
1379 3946 1457 3996 uerba
1474 3956 1499 3996 et

199 4026 248 4061 uou
274 4012 416 4076 partieipia.
454 4011 512 4059 Tria
534 4012 601 4061 euim
624 4012 700 4059 uerba
723 4012 827 4060 amandi
849 4014 959 4063 amando
987 4018 1124 4066 amandum
1151 4016 1342 4065 similitudinem
1370 4014 1499 4079 participii

199 4082 320 4146 passiaae
338 4078 534 4143 significationis
553 4079 630 4130 futuri
649 4080 773 4143 temporis
787 4080 932 4143 ostendunt,
950 4097 1061 4132 amatum
1080 4087 1140 4133 u'ero
1159 4084 1351 4133 similitudinem
1369 4082 1498 4147 participii

200 4148 328 4212 praeteriti
355 4150 477 4212 temporis
504 4150 624 4212 passiuae
651 4145 847 4211 significationis
875 4160 966 4212 gestat.
1007 4152 1172 4202 scribendam
1192 4154 1307 4215 sortasse
1331 4149 1500 4214 participialia

199 4217 318 4265 dicuutur
335 4215 402 4265 idest
419 4216 513 4265 similia
531 4216 683 4283 participiis,
694 4216 728 4277 cs.
741 4232 768 4279 p.
779 4219 822 4279 57,
834 4217 868 4264 13
921 4217 1017 4267 'idiota
1030 4220 1124 4269 indicta
1143 4221 1194 4269 dato
1214 4220 1347 4285 participia
1366 4218 1500 4267 trahuntur

202 4286 369 4341 utdicturus,
388 4283 635 4334 omissiaceterirss
705 4285 881 4348 8presensA
950 4287 1117 4351 9passiuuua
1138 4288 1214 4337 estB
1285 4289 1316 4336 10
1334 4284 1499 4350 simpleeisB

199 4353 290 4400 terciae
309 4365 440 4415 correptae
455 4352 478 4400 >B
584 4353 613 4399 12
632 4351 720 4399 eoalem
741 4351 817 4399 modo
836 4362 951 4416 tempore
969 4356 1054 4405 om.B
1159 4358 1190 4406 14
1209 4355 1298 4404 eodem
1317 4354 1394 4402 modo
1413 4352 1500 4405 om.B

199 4421 336 4484 praeterito
355 4419 467 4483 perfectu
486 4428 510 4466 et
527 4419 778 4483 plusquamperfecto
797 4420 820 4466 A
891 4421 921 4468 16
940 4421 1091 4488 imperatiuo
1111 4423 1129 4472 B
1205 4426 1235 4474 17
1255 4433 1282 4471 ut
1299 4422 1383 4470 dicere
1401 4422 1501 4470 dicatur

199 4489 314 4536 dicamur
332 4485 451 4534 dicamini
469 4486 586 4534 dictantur
603 4486 688 4535 futuro
706 4486 798 4536 diceris
816 4486 915 4535 dicatur
932 4489 1047 4541 dicamur
1065 4501 1123 4554 etc,
1141 4493 1234 4542 ceteris
1251 4490 1348 4542 omneis
1366 4488 1386 4537 B
1467 4488 1500 4539 18

200 4556 357 4604 dicamussi
428 4554 573 4603 reticeres
593 4556 615 4601 Α
684 4556 717 4604 20
736 4556 889 4603 obtatiuod
943 4559 973 4607 21
994 4562 1083 4610 eodem
1101 4561 1179 4609 modo
1198 4557 1415 4624 temporeom.B
1466 4558 1499 4607 22

201 4634 225 4669 et
243 4621 364 4678 ulteriori,
383 4637 430 4669 om.
451 4622 567 4670 madon
620 4622 709 4671 eodem
728 4623 804 4672 modo
823 4632 941 4688 tempore
959 4627 1044 4679 futuro
1063 4629 1148 4680 amB
1217 4629 1250 4677 24
1268 4625 1497 4674 coniunctatiuoit

201 4690 234 4737 25
257 4690 346 4738 eodem
370 4689 447 4737 modo
471 4700 585 4754 tempore
602 4689 687 4739 omB
755 4692 789 4740 26
812 4691 900 4741 eodem
923 4698 1001 4747 modo
1024 4708 1139 4762 tempore
1161 4695 1247 4745 om.B
1297 4695 1329 4744 27
1348 4704 1374 4741 et
1390 4708 1437 4744 om.
1455 4691 1500 4742 ΑΒ

202 4755 291 4803 codem
310 4756 387 4805 niodo
406 4766 520 4821 tempore
538 4773 585 4807 cm.
605 4757 625 4806 B
677 4759 811 4822 praeterito
830 4759 943 4825 perfecto
962 4778 986 4815 et
1004 4763 1257 4831 plusquamperfecto
1277 4765 1299 4811 Α
1357 4762 1390 4810 29
1409 4760 1500 4810 eodem

202 4821 278 4870 ruodo
302 4833 417 4888 tempore
439 4842 485 4877 orn.
506 4826 525 4874 B
594 4837 619 4874 et
638 4824 756 4875 ulteriore
780 4829 856 4877 modo
880 4843 938 4877 cum
962 4836 1044 4884 dictus
1067 4832 1139 4881 fuero
1162 4837 1212 4882 etc.
1236 4832 1262 4880 in
1284 4844 1364 4892 marp.
1379 4829 1499 4893 insana
