3382 5476
556 396 632 447 CVM
649 397 855 450 uxonssrrts
872 395 1035 451 mantula
1300 413 1444 462 CCXXVII

149 582 241 643 ‘hinc'
276 584 377 653 ‘iude’,
413 586 548 663 quamuis
580 583 742 662 legerimus
776 584 954 646 ‘desursum’
989 585 1154 646 ‘desubtus’
1189 594 1218 646 et
1248 587 1381 648 ‘exinde’
1415 596 1445 649 et

149 667 307 747 ‘abusque'
331 677 359 728 et
383 668 531 737 ‘dehino’;
555 669 606 730 sed
630 669 702 730 haec
724 677 873 749 tamquam
897 689 984 732 unam
1008 679 1121 750 partem
1144 673 1286 733 orationis
1308 671 1363 734 suh
1385 690 1444 734 uno

148 763 272 814 accentu
294 754 530 831 pronuntiamus.

234 923 359 983 Nomina
380 926 532 984 ciuitatum
554 942 608 1002 per
624 924 741 1002 qualem
756 943 858 987 casum
875 927 1053 1004 proferenda
1068 928 1155 987 sunti
1192 926 1315 997 Quando
1330 929 1443 1007 primae

120 1016 179 1069 set
196 1011 301 1069 tertiae
323 1008 527 1070 declinationis
549 1011 667 1078 luerint,
691 1017 723 1070 ut
745 1023 814 1089 puta
837 1011 911 1070 haec
924 1010 1063 1081 Emerita,
1087 1011 1174 1073 huius
1189 1011 1346 1084 himethea,
1369 1013 1442 1074 haec

149 1092 299 1170 Karthago
322 1093 410 1155 huius
425 1093 623 1172 Karthaginis,
648 1114 701 1174 per
725 1094 856 1156 datiuum
878 1114 981 1156 casum
1004 1096 1181 1174 proierenda
1205 1104 1282 1167 sunt,
1306 1109 1335 1158 ut
1359 1107 1440 1177 puta,

147 1179 173 1238 si
195 1178 423 1256 interrogauerit
446 1188 475 1239 te
497 1181 575 1259 quis:
606 1179 669 1240 ‘uhi
692 1181 763 1253 θεῖ’,
794 1181 944 1258 responde
965 1200 1021 1261 per
1043 1181 1174 1242 datiuum
1198 1199 1313 1244 casum:
1343 1183 1441 1245 ‘Eme-

146 1263 222 1324 ritae
250 1266 326 1324 sum’
349 1263 536 1341 ‘Karthagini
565 1270 651 1325 sum’.
696 1264 819 1335 Quando
848 1275 944 1326 autem
974 1266 1122 1328 secundae
1153 1266 1356 1328 declinationis
1378 1267 1442 1329 iue-
1509 1292 1512 1298 ¹

147 1350 220 1415 rint,
257 1366 310 1426 per
338 1351 502 1426 genitiuum
530 1367 630 1409 casum
660 1351 836 1426 proferenda
865 1360 947 1411 sunt:
991 1352 1038 1412 hic
1067 1350 1189 1412 Toletus
1216 1352 1305 1413 huius
1333 1352 1440 1422 Toleti,

106 1455 133 1492 ιο
148 1432 313 1512 respondes
341 1452 395 1512 per
423 1436 586 1511 genitiuum
615 1453 732 1495 casum:
768 1436 877 1496 ‘Toleti
903 1439 991 1495 sum’.
1041 1436 1167 1496 Nomina
1194 1438 1347 1499 ciuitatum
1374 1456 1469 1505 cum,

145 1518 416 1597 praepositionibus
439 1518 616 1597 proierenda
638 1529 707 1580 sunt
728 1537 766 1579 an
789 1520 867 1580 noni
903 1519 978 1589 Non,
1001 1521 1067 1599 quia
1084 1523 1265 1600 praepositio
1281 1540 1341 1583 non
1355 1531 1438 1582 ante·

145 1604 281 1681 ponitur,
311 1622 387 1683 quae
415 1605 578 1681 prouinciis
605 1604 676 1664 locis
703 1603 912 1683 regionibusue
938 1604 1015 1665 adici
1036 1603 1141 1666 solent.
1186 1605 1440 1676 Quemadmodum

146 1688 263 1748 nomina
295 1691 449 1748 ciuitatum
480 1691 544 1749 sine
571 1689 840 1769 praepositionibus
868 1689 1078 1768 proieruutur,
1108 1692 1329 1768 prouinciarum
1352 1700 1440 1772 atque

145 1770 278 1833 locorum
302 1772 449 1851 quomodo
472 1772 648 1853 proterenda
672 1776 759 1835 sunt?
803 1775 875 1835 Cum
898 1775 1186 1854 praepositionibus,
1217 1784 1249 1836 ut
1271 1776 1321 1836 ‘de
1343 1777 1442 1838 Airita

105 1877 130 1918 rs
146 1859 256 1928 uenio',
286 1858 333 1919 ‘ad
357 1857 487 1919 Siciliam
510 1864 626 1937 pergo'‚
656 1862 699 1919 ‘in
722 1858 803 1921 ltalia
826 1861 915 1929 sum’,
939 1868 1063 1939 excepto
1086 1859 1217 1921 ‘domurn
1240 1861 1369 1922 consulis
1391 1864 1439 1923 eo'

146 1950 176 2003 et
198 1944 261 2002 ‘rus
284 1946 341 2013 eo’,
372 1943 451 2020 quod
474 1946 539 2004 sine
562 1945 782 2023 praepositione
804 1944 962 2006 dicendum
986 1954 1038 2005 est.
1083 1944 1207 2015 Quando
1229 1945 1265 2005 ad
1289 1948 1438 2009 ciuitatem

145 2026 277 2088 ambulat
304 2030 369 2108 quis
397 2037 428 2088 et
455 2031 656 2107 interrogatur
686 2028 806 2110 aliquis:
837 2028 900 2090 ‘uhi
922 2029 1096 2098 ambulasl',
1124 2049 1179 2109 per
1201 2030 1317 2110 qualem
1340 2050 1441 2094 casnm

145 2113 329 2192 respondere
357 2112 463 2173 debut
506 2113 564 2174 Per
591 2117 807 2184 accusatiuum,
838 2126 868 2176 nt
890 2125 975 2194 puta:
1008 2114 1155 2176 ‘Toletum
1178 2118 1282 2195 pergo’
1310 2118 1440 2180 ‘Caesar-

144 2207 297 2276 augustam
332 2196 472 2259 amhulo'.
523 2197 560 2258 Et
593 2198 711 2279 quaudo
746 2199 782 2260 de
816 2201 933 2261 ciuitate
961 2199 997 2260 ad
1027 2202 1177 2262 ciuitatem
1209 2204 1291 2261 uenit
1317 2205 1382 2280 quis
1411 2212 1441 2264 et

101 2284 361 2362 mintcrrogatur:
391 2282 484 2343 ‘unde
512 2285 751 2363 proficiscerisi’,
779 2302 834 2363 per
862 2283 977 2365 qualem
1005 2303 1105 2346 casum
1131 2285 1313 2365 respondere
1335 2285 1440 2348 dehet?

143 2367 200 2427 Per
223 2371 392 2446 septimum.
438 2368 609 2438 Quomodo‘l
654 2368 769 2430 ‘Toleto
791 2370 976 2447 proficiscor’
999 2370 1177 2431 ‘barcinona
1198 2373 1316 2450 pergo'.

606 2538 654 2599 nn
677 2503 963 2602 contrucr'rouu.

229 2704 243 2791 ΙΙ
260 2708 278 2768 i.
295 2705 353 2768 411¹
368 2706 383 2793 ll
398 2714 517 2790 ‘Atque’
540 2709 706 2786 quomodo?

293 2797 412 2873 litque
435 2803 474 2856 ut
495 2814 560 2874 pro
582 2813 635 2854 mc
657 2812 766 2855 orare
788 2793 922 2856 iuheas
944 2795 1210 2856 indesinenter
1233 2797 1392 2875 postulo.

101 2898 128 2938 ss
142 2879 206 2938 ‘Ac’
230 2881 393 2958 quomodo?

291 2969 337 3026 Ac
360 2965 463 3026 dere
486 2967 626 3026 tacitus
648 2966 752 3043 angit
773 2974 809 3026 et
830 2966 942 3027 corde
963 2967 1141 3047 requirit.

142 3053 216 3110 ‘Ast’
240 3050 407 3131 quomodo?

291 3139 355 3197 Ast
376 3135 552 3197 hominem
576 3154 648 3196 non
671 3144 773 3196 terra
795 3138 912 3216 parit,
937 3154 1007 3197 non
1030 3145 1166 3214 pontus
1189 3136 1231 3197 ab
1255 3136 1373 3200 undis.

141 3254 367 3261 w-—--.——

176 3319 188 3353 8
354 3321 394 3355 ΕΒ.

140 3320 453 3451 Sinqqqqu'nquamuis
476 3378 623 3451 legerimus
646 3380 789 3434 desursum
811 3378 937 3435 desubito
960 3387 987 3434 et
1010 3378 1105 3435 exinde
1128 3388 1156 3435 et
1182 3378 1304 3453 abusque
1326 3379 1435 3439 dehinc.

142 3461 193 3516 Sed
216 3462 282 3519 haec
307 3494 342 3502 -
367 3464 617 3537 pronuntiabimus.

223 3546 243 3602 4
266 3546 398 3604 Iulianus
417 3567 448 3620 p.
471 3552 520 3604 99.-
559 3547 671 3603 Nomina
698 3548 839 3605 ciuitatum
868 3565 917 3622 per
945 3547 1052 3623 qualern
1080 3566 1171 3605 casum
1193 3578 1235 3588 -
1257 3559 1288 3606 ut
1314 3559 1381 3624 puta
1409 3551 1433 3606 si

140 3632 327 3706 interrogatur
349 3634 412 3707 quis
435 3632 493 3690 ‘uhi
510 3631 570 3689 osl'
592 3632 741 3706 respondet
763 3649 812 3706 por
834 3632 954 3689 datiuum
977 3650 1068 3689 casum
1092 3633 1238 3691 ‘Erneritae
1261 3635 1334 3691 sum’
1356 3634 1432 3691 ‘Car-

141 3716 245 3790 thagini
274 3719 356 3773 sum’.
401 3717 542 3785 Quomodo
570 3724 675 3787 autem,
704 3719 726 3773 si
755 3717 888 3773 secundae
909 3717 1097 3775 declinationis
1121 3720 1240 3776 luerint?
1285 3719 1335 3776 Per
1356 3722 1433 3794 geni·

142 3803 227 3858 tiuum
251 3819 342 3858 casum
366 3804 528 3876 proierenda
551 3811 625 3873 suut,
648 3811 679 3881 ut
700 3809 765 3876 puta
787 3797 844 3859 ‘hic
859 3802 970 3859 Toletus
993 3803 1074 3860 huius
1089 3803 1202 3876 Toleti'‚
1224 3806 1376 3878 respondes
1395 3836 1432 3846 —

140 3886 298 3959 regionibus
326 3888 405 3944 adiici
433 3890 503 3946 solet
532 3887 757 3963 quemadmodum
782 3917 818 3928 -
843 3888 1029 3962 proteruntur.
1077 3889 1283 3947 Prouinciarum
1309 3891 1434 3948 locorum

139 3970 265 4028 uillarum
288 3982 371 4047 atque
392 3975 535 4030 domorum
559 3973 696 4047 quomodo
723 4003 757 4012 —
783 3983 896 4048 excepto
920 3973 1040 4030 ‘domum
1063 3973 1184 4031 consulis
1208 3973 1266 4045 eo’,
1293 3969 1353 4032 ‘rus
1375 3975 1432 4032 eo'.

51 4091 54 4095 ι
139 4054 203 4113 Karn
218 4053 263 4113 ‘ad
278 4059 416 4132 propriam
433 4056 554 4115 domum’
572 4076 632 4115 cum
648 4057 853 4132 praepositione
868 4058 1010 4115 dicendum
1033 4068 1076 4116 est
1090 4059 1134 4116 ‘ad
1149 4060 1258 4117 domum
1276 4077 1360 4117 meam
1377 4061 1431 4117 eo’.

140 4140 251 4210 Quando
274 4143 307 4199 ad
330 4145 468 4199 ciuitatem
493 4175 530 4184 —
556 4153 583 4200 et
606 4145 792 4216 interrogatur
813 4143 872 4199 ‘uhi
895 4143 1028 4200 ambulas’
1054 4177 1088 4188 —
1114 4154 1142 4201 et
1164 4146 1349 4220 interrogatur
1364 4142 1432 4219 ‘quo

138 4225 364 4301 proficiscertsi’,
388 4247 437 4303 per
458 4229 563 4303 qualem
587 4246 679 4285 casum
701 4229 867 4302 respondere
889 4229 988 4285 dehet?
1011 4259 1048 4271 -
1073 4231 1219 4286 Barcinona
1242 4247 1372 4305 propero.

225 4313 264 4370 23
287 4315 421 4371 Iulianus
439 4333 470 4386 p.
496 4318 565 4370 102.-
588 4318 677 4388 Atque
700 4314 856 4387 quomodo?
900 4314 1001 4389 ‘Atque
1022 4324 1054 4371 ut
1075 4332 1126 4389 pro
1149 4332 1191 4372 me
1214 4332 1292 4371 orare
1316 4316 1431 4373 iubeas!

137 4402 177 4454 ttc
199 4399 355 4471 quomodo?
399 4403 437 4457 hc
459 4401 492 4457 de
513 4430 557 4459 -,
575 4398 611 4454 ‘ab
634 4398 722 4455 undis.

138 4597 250 4632 conrcrs
269 4598 422 4633 susannam
440 4585 489 4633 aot
508 4598 655 4634 vastaris.

208 4653 220 4698 1
240 4651 374 4700 decursum
443 4663 469 4700 et
485 4652 582 4712 absque
600 4650 660 4699 hinc
677 4650 722 4699 sed
818 4653 833 4701 5
851 4651 968 4700 emeritae
985 4651 1093 4717 kartago
1110 4652 1187 4701 huius
1205 4653 1346 4718 kartaginis
1414 4653 1432 4704 8

137 4717 279 4783 kartaginis
298 4734 355 4768 snm
442 4721 474 4770 10
492 4720 651 4783 respondens
743 4719 776 4768 14
797 4718 829 4767 de
846 4719 934 4768 aurica
1019 4722 1050 4769 16
1069 4731 1093 4770 et
1110 4736 1199 4770 rursus
1219 4720 1240 4783 ΙΙΙ
1254 4721 1267 4784 Η
1286 4719 1356 4781 qnod
1374 4719 1431 4770 sine

137 4788 271 4836 dicendum
291 4797 329 4835 est
410 4788 441 4837 18
458 4797 649 4851 cesaragustam
712 4788 768 4863 Ι20
786 4800 852 4848 quae
870 4786 1039 4852 proficisceris
1128 4790 1161 4837 26
1178 4789 1217 4837 Ac
1233 4784 1275 4853 de]
1297 4788 1434 4839 Dracontir'

137 4890 254 4942 manem.
272 4892 323 4939 tit
343 4890 383 4939 ed.
406 4889 489 4939 Weitz
504 4891 568 4939 irio
620 4866 733 4952 requirit
799 4890 834 4952 28
852 4887 909 4954 Ast]
929 4890 1064 4941 Dracontii
1078 4890 1195 4941 Matrem.
1208 4893 1260 4939 217
1277 4891 1318 4941 ed.
1336 4891 1430 4947 Weitz.

1187 4972 1226 5041 p*
