3382 5476
576 405 614 460 m
634 409 718 463 ocu.
737 403 864 459 curent
883 403 1062 458 unionem
1402 398 1466 467 225

167 597 388 664 Remanent,
418 596 492 657 idest
520 605 694 677 supersunt,
724 606 851 665 restant,
880 597 994 657 scilicet
1017 595 1052 656 ad
1076 592 1300 674 disputandum,
1333 591 1410 652 idest
1432 602 1466 653 ut

167 698 206 759 de
229 701 273 759 cis
297 699 424 759 dicatur.
470 701 706 767 Admisimus,
730 701 805 759 idest
828 699 1057 776 assumpsimus,
1081 703 1112 756 ut
1128 694 1256 774 bymnus
1270 711 1351 773 gaza.
1397 692 1529 763 liu-ecs,
1544 717 1567 754 n

166 798 260 878 pler.
300 801 320 859 Z
343 818 398 880 pro
421 798 536 860 duobus
558 819 572 859 s
596 798 643 860 uel
667 817 722 878 pro
745 800 793 859 sd
816 801 937 878 ponitur
960 817 1035 878 quae
1058 804 1125 859 ante
1148 799 1210 858 eius
1233 796 1464 876 assumptionem

166 905 207 960 ita
230 899 447 970 scribebantur,
471 911 504 960 ut
531 901 651 962 ‘massa’
674 900 812 962 dicebant
835 920 890 980 pro
917 901 1023 960 ‘maia’
1046 907 1076 960 et
1097 897 1297 960 ‘blessenlius’
1321 896 1370 959 uel
1393 897 1466 958 ‘lle-

139 1002 300 1062 sdentius’
317 1011 367 1062 aut
381 1002 581 1063 ‘lledientius'
598 1021 653 1082 pro
668 1002 865 1063 ‘liezentius’.
904 1000 1003 1061 Vnde
1026 1002 1070 1062 lit
1091 1009 1129 1063 ul
1151 999 1298 1080 quidam
1322 1007 1464 1078 putant.

166 1103 290 1163 Latinae
305 1102 421 1163 litterae
438 1122 496 1164 non
518 1111 588 1165 sunt
610 1103 713 1184 plures
734 1122 823 1183 quam
839 1103 864 1163 x
881 1112 911 1163 ct
925 1101 983 1172 Vll,
1007 1104 1077 1181 quia
1100 1100 1120 1160 b
1143 1120 1203 1162 nou
1227 1110 1272 1161 est
1293 1101 1390 1162 littera
1412 1099 1464 1160 sed

166 1204 358 1282 aspirationis
380 1215 464 1276 nota,
488 1224 596 1266 suero
619 1207 754 1284 quamuis
776 1208 814 1266 sit
838 1204 959 1284 duplex,
984 1202 1137 1284 superflua
1159 1210 1217 1270 est,
1240 1212 1272 1262 ut
1295 1201 1412 1271 dicunt,
1430 1221 1465 1262 co

167 1306 246 1385 qnod
270 1303 344 1365 nibil
367 1305 444 1366 aliud
468 1307 570 1376 babet,
595 1326 684 1385 quam
707 1326 740 1367 cs
761 1307 810 1367 uel
833 1325 882 1384 gs,
913 1307 929 1366 lr
954 1315 983 1366 et
1003 1326 1021 1386 q
1044 1302 1118 1364 nibil
1141 1302 1219 1364 aliud
1242 1301 1353 1363 babent
1377 1321 1464 1381 quarn

167 1424 194 1467 c.
232 1407 346 1477 Quibus
368 1407 527 1468 subtractis
550 1417 580 1467 et
602 1408 722 1469 Graecis
752 1407 866 1469 duabus
888 1407 914 1468 x
938 1416 967 1467 et
988 1406 1037 1467 vll
1067 1413 1179 1466 tantum
1210 1414 1380 1474 remanent,
1410 1423 1465 1465 nec

76 1516 84 1523 ”
128 1524 154 1563 10
168 1510 257 1568 etiam
282 1508 359 1588 apud
382 1510 605 1588 antiquissimos
620 1510 742 1571 Latinos
767 1505 779 1592 ll
799 1505 859 1569 149
876 1506 888 1590 ll
911 1510 976 1569 siue
992 1508 1121 1569 Graecos
1144 1504 1244 1586 plures
1268 1509 1360 1577 luere,
1377 1525 1465 1586 quam

165 1608 231 1669 lllll
259 1608 408 1670 subtracta
432 1612 444 1671 l
464 1610 571 1671 littera.
616 1611 652 1670 Si
680 1610 829 1689 quidem
859 1629 900 1669 er
930 1609 985 1669 xx
1015 1617 1050 1669 et
1078 1606 1221 1696 tribus
1256 1608 1340 1668 Sicut
1366 1607 1566 1669 metiamur

167 1721 215 1772 cst
236 1710 339 1771 Latina
364 1709 462 1788 lingua
486 1713 563 1772 inter
586 1712 728 1772 Graecam
753 1721 783 1770 et
797 1710 979 1788 Hebraeum,
1003 1713 1046 1770 sic
1062 1707 1192 1768 medium
1207 1717 1290 1769 tenet
1305 1727 1462 1770 numerum

165 1814 199 1871 ln
222 1810 340 1871 litteris.
386 1814 491 1874 Graeci
515 1831 588 1872 uero
612 1812 732 1880 lillllll,
756 1812 851 1873 Latini
874 1811 982 1880 lllllll,
1006 1810 1134 1871 Hebraei
1155 1808 1234 1870 xxlt
1256 1809 1367 1872 babent
1388 1811 1465 1873 litte·
1592 1879 1593 1882 Ἴ

167 1932 225 1973 ras.
271 1912 342 1973 lnde
365 1913 445 1974 XXll
468 1912 561 1974 libros
584 1913 694 1975 babent
717 1933 752 1973 ex
775 1922 876 1974 uetere
899 1920 1084 1974 testamento.
1129 1911 1230 1978 Tria,
1246 1913 1266 1975 i.
1289 1912 1464 1973 accidentia.
1481 1923 1530 1970 ³⁶⁸·
1543 1920 1568 1959 1⁵

128 2013 330 2092 cuneusque
360 2013 396 2074 de
419 2015 525 2076 littera.
570 2016 645 2075 ilinc
674 2015 710 2075 de
740 2013 944 2076 accidentibus
972 2013 1176 2092 disputaturus
1199 2022 1257 2083 est,
1281 2012 1396 2075 scilicet
1418 2013 1466 2076 bic

167 2115 296 2175 litteram
326 2134 379 2193 pro
409 2114 556 2176 elemento
583 2119 693 2195 posuit.
743 2116 818 2177 Nam
847 2126 876 2177 et
904 2116 1050 2177 elemento
1081 2113 1221 2174 accidunt
1250 2112 1324 2175 baec
1353 2118 1408 2176 tria
1437 2125 1467 2177 et

167 2218 236 2277 eius
258 2234 347 2276 causa
370 2218 491 2277 inuenta
514 2225 592 2277 sunt.
637 2217 724 2277 Verbi
748 2220 857 2295 gratia,
881 2219 906 2278 si
923 2224 1092 2294 quaeratur,
1116 2214 1189 2293 quid
1211 2214 1308 2276 littera
1332 2225 1465 2285 uocetur,

168 2316 278 2378 accidit
301 2320 328 2377 ci
351 2315 542 2392 uocabulum,
573 2314 600 2377 i·
625 2338 733 2379 nomen
756 2338 857 2386 suum;
881 2322 906 2378 si
929 2325 1096 2397 quaeratur,
1120 2335 1177 2395 qua
1198 2319 1292 2395 figura
1315 2320 1353 2377 sit
1376 2317 1465 2388 edita,

170 2417 310 2480 uidelicet
337 2425 437 2479 utrum
466 2421 504 2479 sit
525 2431 605 2481 recta
628 2420 720 2489 linea,
749 2439 840 2480 curua
863 2438 900 2480 an
928 2417 1070 2486 rotunda,
1100 2417 1207 2479 accidit
1231 2419 1259 2477 ei
1280 2435 1333 2477 sua
1357 2419 1465 2497 dgnrm

128 2528 301 2600 sopotestas
329 2538 401 2580 uero
424 2522 488 2599 ipsa
511 2524 714 2600 pronuntiatio
738 2529 768 2580 et
789 2529 888 2582 utrum
913 2521 951 2580 sit
972 2518 1084 2581 uocalis
1106 2536 1143 2578 an
1167 2536 1348 2588 consonans,
1377 2522 1465 2580 senri-

168 2622 282 2683 uocalis
305 2640 342 2682 an
365 2631 455 2684 muta.
499 2622 583 2683 lllulti
611 2626 700 2684 etiarn
730 2630 875 2702 quaerunt
897 2600 934 2681 de
956 2621 1061 2682 ordine
1090 2619 1272 2696 litterarum,
1302 2630 1400 2683 uuum
1428 2624 1467 2682 sit

169 2741 225 2803 per
247 2743 281 2783 se
304 2722 454 2793 accidens,
485 2723 536 2783 sed
565 2742 672 2785 reuera
700 2742 768 2803 pars
796 2732 842 2784 est
869 2724 1032 2803 potcstatis.
1076 2723 1139 2784 lloc
1161 2741 1280 2804 quoque
1304 2723 1466 2784 notandum

169 2833 229 2894 est,
253 2823 333 2904 quod
357 2822 472 2885 litterae
495 2827 525 2884 in
548 2824 678 2887 allabeto
700 2842 758 2886 non
782 2835 852 2885 sunt
873 2824 1036 2885 secundum
1060 2824 1211 2895 ordinem,
1235 2826 1303 2903 quia
1327 2845 1342 2884 r
1364 2832 1467 2905 posto

168 2927 226 2987 nisi
249 2927 425 3005 interposita
448 2934 461 2985 t
482 2926 555 2986 nibil
578 2934 677 2998 sonat,
702 2929 779 2988 sicut
801 2934 902 2988 tonsor
925 2928 1074 2988 ‘tonsrix'
1097 2925 1248 2988 debuisset
1268 2928 1384 2997 lacere,
1413 2926 1466 2988 sed

128 3043 157 3084 ss
170 3028 321 3088 ‘tonstrix’
339 3027 415 3087 iacit.
453 3028 528 3089 Sunt
543 3046 614 3107 ergo
629 3028 793 3090 secundum
808 3027 949 3108 placitum
973 3046 1087 3097 eorum,
1110 3030 1161 3107 qui
1184 3046 1235 3088 eas
1258 3036 1466 3108 reppererunt

699 3248 747 3310 DE
770 3248 943 3309 SYleBA.

256 3363 393 3426 liclmitio
415 3375 461 3425 est
482 3365 624 3446 syllabae:
662 3365 805 3447 syllaba
835 3374 890 3426 cst
916 3365 1219 3445 comprehensio,
1248 3366 1273 3424 i·
1297 3369 1462 3444 conceptio,
1477 3378 1525 3423 ³⁶³,
1542 3378 1565 3417 1⁸

170 3465 350 3527 coadunatio
379 3465 553 3527 litterarum.
604 3469 639 3528 Et
671 3467 782 3529 dicitnr
814 3465 925 3547 syllaba
958 3460 1025 3525 άπὸ
1058 3466 1120 3526 τοῦ
1147 3462 1400 3544 συλλαμβάνειν
1426 3460 1467 3526 τά

169 3565 390 3649 γραμμάτων,
418 3569 443 3627 i·
473 3587 488 3627 a
517 3571 709 3647 conceptione
737 3567 913 3629 litterarum.
968 3567 1041 3628 Nam
1071 3563 1324 3646 συλλαμβάνειν
1353 3568 1466 3629 Graece

130 3665 185 3751 soll
204 3664 266 3729 150
282 3667 293 3749 ll
319 3671 473 3748 conceptio
495 3669 613 3739 Latine,
643 3663 682 3728 col
711 3670 843 3731 Graecus
869 3667 1025 3740 articulus,
1054 3664 1261 3750 γραμμάτων
1290 3667 1465 3730 litterarum.

170 3769 225 3830 llic
250 3777 348 3830 autem
370 3768 535 3830 litterarum
558 3788 613 3849 pro
636 3770 854 3832 elementorum
877 3773 975 3850 posuit
997 3770 1142 3845 bonatus,
1173 3772 1240 3849 quia
1263 3769 1373 3850 syllaba
1396 3788 1467 3830 con·

169 3872 265 3949 iungit
288 3879 318 3931 et
340 3873 472 3951 concipit
494 3871 651 3933 elementa.
682 3873 718 3935 Et
739 3873 814 3933 haec
837 3881 882 3933 est
905 3875 998 3952 prima
1014 3873 1147 3934 delinitio
1161 3871 1300 3952 syllabae.
1346 3872 1467 3933 Enun·

170 3973 293 4033 tiatio.
338 3970 436 4032 Altera
459 3978 504 4031 est
526 3972 672 4042 delinitio,
708 3976 775 4052 quia
804 3994 863 4036 uua
891 3975 1003 4035 uocalis
1030 3971 1190 4054 aliquando
1218 3971 1358 4051 syllabam
1387 3973 1466 4041 iacit,

169 4072 240 4133 licet
263 4090 323 4132 non
345 4074 482 4152 proprie,
508 4074 560 4134 sed
584 4074 722 4144 abusiue,
747 4079 824 4138 sicut
845 4077 1070 4138 ‘nominatione
1087 4075 1196 4134 dicitur
1219 4090 1305 4132 casus
1320 4082 1350 4133 et
1365 4072 1466 4132 ‘unus’

131 4187 326 4235 &numerus
370 4173 401 4234 Si
424 4177 504 4235 enim
526 4174 637 4254 syllaba
660 4170 726 4237 άπὸ
749 4172 810 4238 τοῦ
831 4167 1083 4258 συλλαμβάνειν
1097 4172 1137 4234 τά
1153 4167 1370 4254 γραμμάτων,
1391 4171 1468 4233 idest

172 4294 189 4337 a
211 4277 406 4354 conceptione
434 4275 598 4337 litterarum
627 4278 745 4349 dicitur,
776 4281 865 4340 unius
893 4277 1004 4340 uocalis
1031 4275 1193 4336 enuntiatio
1215 4271 1338 4334 abusiuc
1361 4283 1391 4334 et
1411 4274 1466 4333 irn-

171 4377 294 4456 proprie
316 4382 439 4437 uocatur
462 4374 583 4456 syllaba.
630 4379 789 4442 Sciendum
812 4388 927 4450 autem,
952 4376 1031 4457 quod
1054 4375 1165 4457 syllaba
1181 4374 1219 4436 ab
1241 4393 1298 4434 una
1321 4375 1467 4453 incipiens

239 4665 256 4714 2
274 4662 426 4713 admisimus
444 4663 510 4713 idest
527 4681 574 4716 om.
671 4668 689 4715 4
707 4666 741 4713 ita
759 4661 947 4732 scribebantur]
969 4663 999 4728 llll
1019 4664 1210 4713 ascribebantur
1300 4662 1316 4709 8
1335 4658 1410 4707 nichil
1429 4659 1467 4709 bis

171 4733 290 4798 bgrecis
359 4729 384 4778 X
402 4740 426 4779 et
443 4730 501 4780 Vlll
521 4744 616 4783 tantum
687 4735 719 4783 10
736 4747 827 4796 grecos
914 4734 945 4781 12
963 4746 1064 4795 grecam
1083 4741 1108 4780 et
1125 4731 1243 4781 hebream
1313 4729 1345 4776 13
1363 4728 1431 4790 greci

170 4799 258 4850 bebrei
294 4799 360 4854 ‚24
378 4797 454 4846 nichil
522 4802 555 4850 λβ
572 4807 735 4867 reptet-erunt
806 4802 839 4851 28
857 4811 936 4866 apotu
955 4798 1097 4862 syllabarrin
1117 4812 1142 4847 m
1160 4789 1294 4863 grammon
1363 4795 1396 4845 29
1414 4793 1466 4858 syl—

169 4866 274 4917 lebanin
343 4867 377 4916 30
394 4879 485 4930 grecus
553 4870 587 4920 35
604 4884 619 4918 ιι
637 4878 701 4934 potu
718 4867 861 4932 syllabaniu

196 4964 295 5009 dnn.
305 4974 359 5007 m.
372 4964 455 5008 floren.
1235 4949 1267 5000 lb

759 5161 774 5193 Ι
