3374 5446
711 256 920 308 BERNENSIS.
1423 253 1462 316 97

169 445 324 505 uenient
345 442 387 504 ad
410 443 543 523 pocula
566 443 737 505 dammae.
768 443 841 504 ltem
864 443 1040 510 Horatius
1062 444 1204 505 lentinine
1227 442 1314 505 dixit:
1344 443 1386 504 Et
1408 459 1466 502 su·

169 546 343 625 perlecto
366 543 523 623 pauidae
545 553 725 607 natarunt
747 563 909 623 aequore
932 544 1104 607 dammae.
1142 544 1216 606 Item
1232 545 1467 606 omnianomina

169 647 201 707 in
217 663 249 707 as
264 640 431 708 desinentia
447 646 523 727 apud
540 647 668 708 Graecos
685 645 696 729 ll
712 649 732 708 l.
750 643 814 708 96¹>
830 643 842 728 ΙΙ
858 665 934 726 quae
950 648 1120 726 genetiuum
1141 648 1171 707 in
1192 666 1234 708 ov
1251 644 1298 707 uel
1320 647 1350 706 in
1370 666 1390 706 or
1406 654 1468 706 ter-

169 749 292 818 minant,
305 749 382 828 apud
394 748 514 810 Latinos
528 750 559 810 in
575 766 610 809 ae
625 747 829 827 diphthongon
845 749 875 808 iu
891 750 1030 828 genetiuo
1048 759 1078 811 et
1092 749 1190 810 datiuo
1206 748 1346 809 desinunt
1361 756 1391 808 et
1406 749 1467 828 pri·

144 864 236 911 amae
259 857 328 910 sunt
344 849 559 921 declinationis,
575 859 608 913 ut
623 850 671 910 hic
686 850 789 930 Lysias
801 846 892 912 huius
906 850 1027 930 Lysiae;
1049 852 1093 911 sic
1107 849 1157 910 hic
1172 852 1295 919 Aeneas,
1311 849 1398 910 huius
1412 851 1467 910 Ae·

166 969 259 1026 neae,
285 951 354 1012 huic
374 952 507 1022 Aeneae,
531 952 611 1013 bunc
633 955 761 1014 Aeneam
785 953 833 1014 uel
852 954 985 1023 Aenean,
1009 971 1026 1013 o
1048 954 1145 1013 Aenea
1168 949 1216 1010 uel
1239 971 1256 1011 o
1278 955 1408 1019 Aeneas,
1432 949 1468 1010 ab

170 1050 227 1113 boc
249 1055 358 1114 Aenea.
401 1053 481 1115 Haec
504 1061 576 1133 ergo
598 1055 710 1116 Graeca
741 1057 861 1116 nomina
891 1071 967 1132 quae
995 1054 1071 1134 apud
1095 1054 1214 1114 Latinos
1240 1055 1270 1114 in
1294 1073 1325 1116 as
1348 1059 1467 1125 exeunt,

171 1163 232 1216 tres
254 1157 371 1234 speeies
386 1153 511 1217 habent:
534 1157 628 1235 prima
652 1162 698 1216 est
712 1155 760 1216 illa
776 1157 906 1225 nomina,
930 1174 1005 1236 quae
1027 1157 1121 1216 iante
1143 1173 1178 1215 as
1194 1153 1306 1216 babent
1327 1163 1358 1215 et
1378 1172 1468 1232 gene·

171 1257 265 1317 tiuum
288 1258 317 1316 in
341 1255 581 1328 disterminant,
605 1264 636 1318 ut
651 1255 801 1337 Olympias
824 1256 954 1338 Pythias:
979 1275 1046 1318 uam
1064 1256 1246 1336 Olympiadis
1268 1264 1298 1315 et
1319 1255 1470 1334 Pythiadis

133 1369 159 1408 1⁰
172 1356 293 1418 iaciunt
332 1357 467 1419 Secunda
490 1359 607 1438 species
629 1366 675 1419 est
696 1359 830 1429 nomina,
854 1376 930 1438 quae
946 1377 964 1419 n
981 1359 1109 1420 litteram
1132 1360 1162 1421 in
1185 1360 1325 1434 genetiuo
1348 1357 1468 1427 addunt,

171 1467 205 1520 ut
226 1457 323 1519 Pallas
344 1458 500 1530 Pallantis,
530 1459 629 1521 Thoas
651 1459 808 1531 Thoantis,
837 1459 939 1521 Athlas
960 1459 1117 1521 Athlantis.
1162 1460 1262 1520 Tertia
1286 1460 1403 1538 species
1425 1465 1471 1520 est

171 1561 201 1620 in
230 1560 278 1621 bis
306 1560 477 1622 nominibus
505 1562 627 1623 Graecis
659 1563 774 1642 primae
809 1560 1030 1630 declinationis,
1065 1580 1140 1642 quae
1174 1561 1345 1639 genetiuum
1377 1560 1407 1620 ln
1434 1578 1469 1620 ae

171 1659 376 1743 diphthongon
398 1663 569 1732 terminant,
594 1671 625 1723 ut
639 1665 753 1724 Aeneas
768 1665 899 1734 Aeneae,
922 1663 1103 1742 Pythagoras
1125 1662 1324 1742 Pythagorae,
1346 1661 1470 1740 Lycidas

173 1762 308 1843 Lycidae,
324 1765 434 1842 Augias
448 1764 567 1841 Augias,
592 1764 840 1842 quemadmodum
856 1764 959 1825 Latina
982 1765 1102 1824 nomina
1124 1784 1141 1826 a
1157 1764 1322 1831 terminata,
1345 1769 1378 1823 ut
1392 1762 1470 1825 Cati·

135 1865 242 1926 1⁵lina.
273 1866 425 1937 Quaedam
447 1875 546 1928 tamen
562 1866 674 1928 Graeca
696 1869 814 1928 nomina
839 1885 853 1928 s
875 1864 1003 1927 litteram
1027 1867 1180 1935 amittunt,
1204 1882 1271 1925 cum
1293 1866 1418 1927 ueniunt
1438 1866 1469 1924 in

173 1984 257 2028 usum
273 1966 421 2039 Latinum,
444 1977 477 2029 ut
491 1967 576 2030 Nicia
591 1967 680 2030 Mela:
707 1987 778 2048 ergo
801 1972 833 2031 in
854 1967 902 2030 his
924 1966 1094 2029 nominibus
1116 1966 1298 2028 consuetudo
1321 1965 1468 2029 seruanda

172 2077 226 2129 est.
271 2067 344 2129 ltem
367 2067 513 2130 liebraica
537 2071 657 2131 nomina
680 2071 710 2131 in
732 2089 764 2131 as
786 2070 951 2131 desinentia
974 2070 1088 2150 primae
1110 2077 1179 2130 suut
1201 2067 1413 2138 declinationis,
1438 2075 1470 2128 ut

171 2168 220 2229 hic
242 2169 321 2230 Elias
343 2169 433 2230 huius
456 2170 551 2240 Eliae,
575 2173 618 2232 sic
640 2172 749 2234 lesaias
770 2172 936 2234 Hieremias
957 2169 1099 2233 Ezechias
1121 2168 1229 2231 Abdias
1251 2169 1363 2232 blicbas
1384 2169 1470 2230 lonas

171 2270 328 2354 Zacharias
344 2270 500 2333 Malachias
515 2274 665 2334 Annauias
679 2275 799 2335 Azarias
814 2272 924 2334 'lobias
940 2273 1069 2333 Tiromas
1084 2270 1207 2348 Mathias
1226 2270 1359 2332 Andreas
1381 2269 1469 2332 ludas

132 2381 159 2422 ιο
171 2372 267 2434 Lucas
290 2380 320 2434 et
335 2381 443 2439 cetera.
482 2373 555 2435 ltem
571 2375 692 2436 nomina
708 2374 820 2435 Graeca
844 2375 957 2453 primae
980 2372 1186 2433 declinationis
1207 2374 1238 2431 in
1255 2391 1286 2432 cs
1302 2371 1468 2435 desinentia

170 2474 214 2536 sic
235 2472 437 2535 declinantur:
461 2472 509 2535 hic
531 2474 652 2536 Orestes
679 2475 806 2537 Achates
832 2474 951 2537 Atrides
974 2473 1092 2535 Pelides
1120 2473 1284 2535 Priamides
1312 2473 1469 2535 Diomedes

172 2582 203 2636 et
224 2577 325 2636 omnia
354 2577 558 2655 patronomiea
586 2578 616 2638 in
640 2595 673 2639 es
694 2576 860 2638 desinentia
888 2577 1001 2657 primae
1023 2586 1093 2636 sunt
1115 2573 1337 2644 declinationis,
1366 2584 1399 2636 ut
1421 2574 1469 2635 hic

171 2676 324 2739 Aeneades
347 2676 437 2739 buius
457 2677 621 2747 Aeneadae,
644 2679 702 2739 hoc
724 2687 771 2740 cst
791 2681 908 2740 Aeneae
929 2675 1019 2738 iilius:
1043 2679 1087 2738 sic
1109 2676 1158 2736 bic
1180 2675 1390 2747 Anchisiades,
1412 2675 1469 2736 boc

171 2787 216 2840 est
246 2777 392 2840 Anchisae
425 2778 513 2841 lilius.
558 2779 632 2840 ltem
662 2779 845 2841 Dardanides
866 2778 1064 2849 Dardanidae,
1090 2777 1234 2839 Tiresides
1261 2777 1407 2840 Thesidae
1440 2783 1471 2838 et

132 2877 279 2953 2⁶lliades
312 2879 421 2940 Iliadae
454 2889 483 2940 et
505 2888 614 2941 cetera.
658 2881 737 2942 llaec
764 2887 862 2942 autem
892 2883 1012 2943 nomina
1040 2881 1154 2942 Graeca
1186 2882 1216 2941 in
1246 2898 1278 2941 es
1305 2879 1470 2941 desinentia

171 2983 286 3062 primae
308 2980 513 3043 declinationis
535 2982 700 3044 secundum
715 2983 837 3044 Latinos
859 2985 904 3043 sic
925 2981 1126 3043 declinantur:
1150 2980 1199 3041 bic
1213 2980 1360 3043 Anchises
1382 2982 1471 3043 huius

170 3082 317 3145 Anchisae
340 3083 409 3145 huic
431 3082 576 3146 Anchisae
603 3083 683 3145 huuc
705 3084 865 3154 Anchisem
886 3083 934 3144 uel
957 3082 1119 3152 Anchisen,
1150 3102 1167 3142 o
1190 3083 1315 3145 Anchisa
1340 3083 1389 3144 uel
1411 3086 1471 3145 An-

170 3185 277 3255 chises,
303 3185 339 3246 ab
362 3184 419 3245 boc
440 3185 567 3247 Anchisa
590 3185 637 3246 uel
652 3186 790 3249 Anchise.
829 3187 878 3248 Sic
901 3184 1087 3247 declinantur
1111 3193 1140 3246 et
1161 3184 1217 3245 alia
1241 3187 1369 3254 nomina,
1393 3203 1469 3265 quae

171 3270 314 3356 diximus,
339 3288 370 3346 in
387 3305 419 3347 es
434 3286 609 3348 desinentia.
646 3286 679 3349 ln
696 3308 710 3349 a
727 3290 782 3349 tria
806 3287 1007 3367 monosyllaba
1021 3286 1124 3348 Latiua
1147 3285 1366 3348 indeclinabilia
1389 3297 1468 3356 suut,

132 3397 234 3449 outa
255 3386 291 3448 lta
314 3388 360 3448 ba.
407 3387 511 3451 Omnia
534 3396 631 3450 autem
655 3392 772 3450 nomina
797 3388 1012 3450 elementorum
1034 3390 1154 3469 propria
1179 3397 1281 3450 neutra
1304 3397 1386 3457 srmt,
1410 3397 1468 3448 tarn

171 3490 249 3570 apud
267 3507 336 3565 nos,
359 3508 446 3569 quam
469 3489 545 3569 apud
563 3489 692 3552 Graecos
705 3488 933 3552 indeclinabilia.
964 3489 1037 3551 ltem
1053 3491 1144 3564 scias,
1168 3492 1247 3566 quod
1261 3491 1292 3549 iu
1308 3488 1469 3551 mobilibus

170 3593 260 3652 trium
290 3610 433 3671 generum
465 3591 603 3653 omnibus
637 3590 965 3670 singulariaieminina
999 3598 1029 3651 et
1056 3589 1179 3671 pluralia
1208 3597 1313 3652 neutra
1346 3590 1468 3652 eandem

170 3711 277 3753 uocem
301 3693 427 3763 habent,
457 3700 490 3753 ut
517 3692 592 3753 haec
620 3693 714 3773 prima
746 3712 830 3755 sacra
859 3710 965 3771 magna
996 3700 1112 3762 sancta,
1151 3694 1193 3752 sic
1223 3695 1312 3753 etiarn
1343 3695 1468 3753 maxima

169 3795 353 3856 sanctissima
388 3796 601 3864 sacratissima,
642 3802 672 3856 et
705 3797 804 3857 omnia
837 3793 1020 3874 superlatiua
1052 3796 1095 3855 sic
1122 3794 1234 3857 laciunt
1268 3803 1297 3854 et
1327 3795 1468 3855 leminina

172 3979 398 3989 ——-.---—-

239 4110 377 4164 lu'eniant
444 4115 538 4164 domne
607 4116 702 4165 oratius
805 4116 933 4180 bpauide
953 4125 1044 4166 narunt
1062 4111 1167 4178 equore]
1187 4115 1470 4178 Exemplaomniaeoe

170 4183 305 4239 Prisciaw
324 4185 456 4248 decmnpta
472 4190 539 4235 sunt.
625 4183 805 4248 agrestinum
825 4183 849 4231 in
869 4186 892 4233 ai
912 4185 951 4233 uel
969 4186 977 4231 i
996 4183 1132 4231 terminant
1203 4184 1263 4230 tiu
1282 4199 1346 4248 ey
1316 4181 1332 4231 d
1335 4193 1467 4248 yptongon

237 4249 354 4300 desinent
439 4250 544 4301 Alisios
597 4250 663 4300 lisiai
723 4251 811 4300 ttett'tas
830 4250 905 4301 buius
924 4251 996 4299 aenie
1014 4249 1058 4298 bui
1076 4249 1148 4299 aenis
1166 4249 1316 4299 huicaenie
1334 4248 1402 4299 hunc
1420 4259 1467 4302 etc.

169 4318 243 4367 liuel
261 4320 360 4368 ueniam
380 4333 394 4368 o
413 4319 487 4368 uenia
506 4318 544 4368 uel
564 4333 579 4367 0
598 4319 669 4367 enias
738 4320 753 4368 'l
772 4317 910 4368 buluso
867 4334 910 4384 erg
913 4333 927 4368 c
946 4314 1056 4382 gimena
1110 4319 1126 4367 8
1144 4332 1210 4379 quae
1228 4316 1294 4366 lianc
1312 4331 1356 4367 eas
1375 4318 1469 4367 liuhan-

171 4396 211 4434 tur
228 4396 253 4434 et
270 4388 361 4452 gnegri
379 4386 405 4435 in
422 4386 463 4436 dis
533 4383 665 4452 epydies
719 4385 899 4451 olymphyedis
950 4384 1082 4451 phytiadis
1155 4387 1189 4437 10
1206 4386 1309 4435 nomina
1331 4387 1366 4446 qn
1437 4389 1467 4435 11

170 4452 252 4502 adisis
304 4451 450 4504 saturnus
520 4456 552 4504 12
570 4455 648 4521 gricia
700 4453 882 4519 edyptongon
963 4455 996 4504 ta
1013 4453 1100 4502 oenias
1118 4455 1191 4504 aenie
1208 4453 1385 4519 phythagoras
1402 4453 1468 4521 phy·

170 4520 294 4584 euagone
311 4521 382 4571 licias
401 4520 470 4572 litiae
488 4537 553 4586 ngas
572 4522 652 4588 agius
710 4522 741 4570 14
759 4520 872 4571 castelens
940 4520 972 4572 ld
989 4521 1067 4571 nictla
1118 4536 1179 4588 ergo
1197 4521 1237 4571 bis
1256 4522 1368 4572 nominis
1439 4523 1470 4571 tr

169 4588 271 4655 ebroica
340 4590 396 4640 18'
390 4591 452 4640 isius
504 4586 673 4640 miclesionas
742 4590 774 4640 21
792 4587 913 4640 anchetes
964 4587 1100 4640 duomides
1172 4591 1205 4642 23
1222 4589 1328 4641 aenidos
1380 4588 1471 4639 eenide

204 4655 253 4706 hoc
270 4659 358 4708 ueniae
408 4657 576 4709 anchiseades
644 4658 679 4706 et
695 4655 738 4707 nel
754 4655 886 4721 anchisem
936 4656 971 4711 28
985 4654 1095 4745 anchise
1145 4671 1172 4722 qs
1223 4658 1258 4710 29
1275 4656 1384 4709 dicimus
1436 4659 1470 4708 80

168 4726 185 4774 lr
246 4724 421 4777 climentomm
456 4728 488 4778 at
507 4725 576 4790 quod
594 4724 686 4776 addidi
747 4752 749 4757 ·

193 4823 289 4867 Βιυιιιιι.
302 4834 354 4866 aar
368 4824 450 4866 suren
