3382 5476
729 400 922 453 sonulani.
1363 414 1473 464 cmm

265 589 344 649 Sunt
359 597 526 666 proetueo
547 587 610 649 loci
631 591 776 667 nonnulli,
799 587 907 664 ombus
927 592 1033 651 eudem
1054 592 1104 651 nel
1124 591 1229 650 saltem
1249 587 1364 650 cunila'o
1385 606 1474 650 enor-

175 699 294 751 rantur
315 708 354 752 uc
374 708 453 766 quoe
474 709 494 749 n
517 688 620 751 Kcitio
640 692 701 751 nol.
725 691 745 750 I
749 691 774 751 V
795 691 879 751 edito
899 699 980 770 suu,
998 691 1029 764 s.
1053 688 1105 750 5⁸:
1138 690 1215 762 Quot
1241 697 1310 751 sunt
1334 699 1475 752 accentus

175 793 207 853 iu
234 791 337 852 Latina
358 792 477 869 linguai
514 791 602 860 Octo,
627 799 660 851 ut
682 789 864 870 Seregius
890 792 973 852 dicit:
1012 792 1087 853 Sunt
1120 811 1223 853 omnes
1250 799 1390 853 accentus
1418 791 1473 853 La·

175 894 230 955 tini
255 891 318 954 vul
340 902 396 954 ete.
419 927 460 937 -
483 891 592 971 aliquid
617 910 736 953 errores
757 892 872 954 adierat
892 923 934 945 =
956 913 985 974 p.
1008 890 1081 963 482,
1097 891 1173 962 911;
1197 893 1217 954 i.
1239 890 1296 955 6⁸:
1319 893 1474 965 Quomodo

175 995 320 1057 differunt
344 992 503 1073 (quomodo
516 1042 651 1057 .......
658 994 668 1072 )
690 996 763 1055 istae
787 1005 847 1056 tres
869 997 899 1056 iu
922 997 1068 1057 sententia
1091 995 1169 1073 apud
1192 995 1328 1057 Labros?
1364 996 1473 1057 Sere·

174 1099 261 1177 gius
293 1098 385 1174 (corr.
408 1096 539 1176 Sergius)
568 1096 654 1157 dicit:
692 1096 762 1157 ltem
795 1095 943 1157 distinctio
973 1106 1109 1177 puuctum
1139 1099 1266 1175 positum
1287 1106 1475 1178 —propter

175 1199 405 1279 respirationem
433 1226 475 1248 =
502 1216 531 1277 p.
558 1195 635 1272 484,
660 1194 700 1259 27
725 1198 764 1268 ll,
797 1201 852 1259 sed
878 1200 908 1259 in
939 1200 1008 1261 cod.
1039 1199 1191 1259 Bernerrsi
1214 1201 1236 1260 l.
1267 1206 1304 1258 28
1331 1199 1473 1260 ‘litterae’

172 1304 253 1363 dene
274 1300 414 1362 omissum
436 1308 480 1361 est
503 1298 556 1376 (cs.
579 1296 621 1361 29
643 1298 679 1360 ad
695 1300 784 1360 imam
808 1308 922 1378 partem
940 1301 1122 1379 semiplenae
1145 1301 1295 1369 orationis,
1318 1297 1361 1360 30
1382 1301 1474 1379 adpo·

175 1404 267 1464 situm
291 1403 403 1462 mediae
425 1401 598 1481 sententiae)
621 1410 651 1461 et
668 1408 703 1460 29
724 1401 917 1477 ‘semrptenne
937 1401 1118 1463 sentcntiue’
1141 1401 1285 1464 serabitur
1293 1420 1355 1478 pro
1377 1403 1474 1463 ‘semi-

170 1509 288 1582 menne
309 1502 480 1565 orationis'.
526 1503 674 1564 Secuntur
695 1501 835 1579 reliquo:
864 1504 965 1563 Vtrum
994 1504 1120 1564 eandem
1149 1504 1292 1564 rationem
1315 1501 1476 1565 obseruant

174 1609 255 1667 istae
277 1615 339 1666 tres
360 1606 390 1666 in
414 1606 563 1665 communi
587 1622 725 1665 sermone
747 1614 777 1664 et
799 1604 828 1663 iu
852 1605 966 1665 metrol
1004 1604 1184 1683 Seregius
1207 1604 1348 1665 ostendit:
1371 1606 1473 1667 Scien-

174 1707 250 1769 dum
279 1714 393 1772 autem,
422 1705 499 1785 qttod
528 1707 559 1766 in
587 1705 713 1766 lectione
742 1707 812 1766 texti
840 1740 881 1750 -
909 1725 991 1767 arma
1020 1708 1177 1787 uirumque
1204 1724 1279 1768 cano
1300 1707 1407 1768 Troiae
1432 1735 1475 1758 =

174 1828 207 1888 p.
231 1804 309 1877 484,
332 1804 375 1870 30
397 1842 434 1850 —
457 1804 536 1875 485,
561 1805 578 1868 ‘l
603 1804 642 1886 (p.
665 1804 744 1877 484,
767 1804 804 1869 31
837 1807 988 1869 sciendum
1011 1817 1110 1870 autem
1130 1804 1135 1891 Ι
1154 1809 1225 1871 texti
1245 1805 1250 1891 1
1270 1807 1447 1888 perchiodes
1468 1805 1474 1891 Ι

172 1907 220 1972 32
243 1910 423 1988 praesidium
447 1911 543 1970 tenuit
565 1907 661 1988 palatia
683 1909 756 1970 nihil
779 1908 899 1988 uigiliae
922 1908 1019 1978 urhis;
1048 1927 1077 1988 p.
1099 1907 1177 1981 485,
1202 1909 1218 1971 l
1248 1909 1379 1989 singulas
1409 1929 1475 1973 esse

171 2019 278 2093 partas
306 2023 468 2073 nascuntur
533 2008 553 2071 2
582 2018 728 2071 commota
758 2012 832 2072 idest
862 2020 942 2072 esset
969 2021 998 2072 et
1061 2007 1082 2072 3
1110 2012 1141 2071 iu
1166 2030 1255 2073 uersu
1278 2011 1357 2073 aliud
1380 2021 1411 2074 et
1431 2012 1474 2073 di·

174 2132 299 2175 uersum
323 2116 468 2193 significat
529 2108 552 2172 4
574 2111 657 2173 colus
679 2112 785 2174 dicitur
809 2120 839 2173 et
861 2112 938 2193 apud
962 2113 1112 2190 oratiuml
1138 2112 1226 2175 orbes
1289 2110 1311 2175 5
1332 2113 1408 2176 duos
1428 2112 1476 2175 uel

173 2226 242 2278 tres
263 2215 354 2296 pedes
417 2211 607 2276 horatianos
631 2223 663 2274 ut
685 2223 730 2275 est
756 2215 788 2275 in
814 2216 961 2294 principio
989 2233 1079 2276 uersu
1108 2215 1300 2277 aeneidarum
1323 2234 1404 2278 arma
1428 2218 1473 2277 ui·

172 2337 305 2399 rumque
327 2335 401 2378 cano
424 2317 537 2397 troiae).

265 2417 365 2480 Ceteri
385 2417 482 2494 igitur
503 2421 565 2479 loci
577 2416 726 2478 Seruium
741 2416 808 2479 sine
822 2415 977 2496 Seruiani,
999 2436 1074 2495 quos
1095 2420 1134 2479 ub
1156 2420 1245 2480 editis
1260 2421 1397 2480 diuersos
1410 2437 1475 2480 esse

172 2524 262 2595 dixi,
286 2530 355 2582 sunt
376 2519 463 2603 hi*):

265 2621 286 2683 1.
308 2621 349 2686 8¹³
383 2622 501 2684 Nomini
529 2621 666 2683 accidunt
694 2640 755 2681 sex.
804 2622 905 2682 Vtrum
938 2623 1109 2682 sonauimus
1142 2628 1223 2683 recte
1255 2623 1312 2683 iste
1339 2621 1473 2696 uerbum,

174 2726 259 2807 quod
288 2725 394 2786 dicitur
424 2723 615 2785 ‘accidunt'l
645 2731 744 2785 utrum
774 2722 953 2783 ‘accedunt'
976 2740 1031 2802 per
1054 2742 1086 2792 e,
1114 2741 1150 2783 an
1174 2723 1346 2785 ‘accidunt’
1371 2741 1424 2804 per
1446 2724 1475 2785 it

174 2829 455 2890 Grammaticus
478 2825 621 2896 ostendit,
651 2824 729 2903 quod
753 2843 806 2904 per
829 2825 837 2884 i
860 2822 952 2885 scribi
975 2822 1078 2893 debet,
1108 2824 1187 2901 quod
1211 2822 1269 2885 duo
1292 2824 1382 2886 uerba
1406 2826 1476 2886 sim·

173 2930 267 3012 plicia
290 2939 373 2990 sunt:
398 2927 513 2988 ‘caedo'
537 2945 590 3006 per
612 2925 818 3006 diphthongon
840 2925 877 2986 ad
900 2924 1083 2987 caedendum
1106 2929 1237 3005 pertinet
1258 2934 1288 2988 et
1310 2925 1400 2988 babet
1420 2925 1477 2989 alia

144 3031 272 3097 caterba
296 3030 391 3091 actiua
415 3050 430 3091 a
454 3049 485 3090 se
508 3031 676 3109 conposita.
707 3038 740 3089 ut
761 3026 898 3089 ‘occido’
925 3026 1086 3088 ‘concido’
1110 3027 1248 3088 ‘abscido
1258 3031 1278 3088 ’.
1322 3027 1375 3091 Est
1396 3027 1476 3090 aliud

174 3132 305 3195 uerbum
328 3131 428 3194 ‘cedo'
451 3149 505 3211 per
528 3151 553 3199 e,
577 3130 655 3191 idest
678 3130 772 3206 fugio:
797 3127 888 3189 habet
909 3128 965 3189 alia
988 3127 1080 3190 uerba
1103 3128 1248 3191 neutralia
1270 3149 1287 3190 a
1309 3148 1342 3190 se
1365 3147 1475 3209 conpo-

175 3239 250 3304 sita,
284 3245 316 3295 ιιι
344 3232 507 3296 ‘succedo’
532 3231 695 3293 ‘abscedo'
717 3230 876 3300 ‘excedo',
901 3239 931 3290 et
953 3229 990 3291 ab
1013 3251 1049 3292 eo
1073 3239 1117 3291 est
1138 3234 1325 3313 conpositum
1347 3231 1476 3293 ‘accido’

175 3339 275 3418 peri,
298 3337 355 3398 hoc
379 3345 423 3396 est
444 3334 633 3415 adproximo,
657 3331 734 3412 quod
758 3332 806 3392 hic
828 3331 955 3392 liabetur
977 3332 1055 3411 apud
1080 3333 1240 3403 Donatum,
1265 3342 1297 3395 ut
1319 3333 1391 3395 dicit
1412 3332 1477 3394 Se·

175 3441 323 3518 regius:
368 3438 460 3499 Sunt
488 3445 610 3497 autem
634 3431 765 3503 uerba,
799 3452 953 3512 quorum
987 3435 1217 3514 scripturam
1247 3437 1476 3514 praeterito·

131 3570 161 3608 ιο
176 3559 257 3602 rum
280 3537 453 3602 contudit
475 3555 596 3606 error,
626 3546 663 3596 ut
694 3534 821 3595 ‘cedo'
850 3534 1046 3596 ‘succedo’
1076 3535 1270 3597 ‘abscedo'
1300 3536 1474 3599 ‘excedo’

174 3641 379 3704 ‘discedo'z
403 3639 495 3700 haec
518 3634 708 3700 neutralia
730 3645 830 3704 sunt;
855 3638 941 3697 atsi
963 3655 1029 3716 per
1051 3639 1060 3697 i
1083 3638 1322 3708 scribantur,
1352 3641 1476 3700 actiua

175 3744 279 3805 fiunt
300 3750 459 3822 excepto
480 3739 643 3821 simplici
666 3737 796 3807 uerbo,
826 3737 921 3816 quod
951 3745 1007 3798 est
1029 3739 1172 3807 ‘cedo',
1196 3740 1290 3820 quod
1315 3749 1476 3819 utroque

176 3844 284 3906 modo
311 3863 378 3924 per
407 3862 438 3912 e;
467 3842 529 3903 sed
559 3840 683 3903 ‘cedo’
714 3839 756 3900 de
784 3839 965 3919 fugiendo
989 3839 1223 3920 diphthongo
1246 3841 1407 3917 carebit,
1432 3841 1475 3902 de

178 3946 384 4008 occidendo
407 3953 526 4007 autem
550 3944 729 4023 recipiet:
752 3943 806 4003 sio
830 3951 864 4002 et
886 3942 1091 4004 ‘concedo’
1120 3942 1388 4023 indulgentiae
1410 3961 1476 4023 per

136 4070 200 4115 rae
221 4047 407 4110 scribitur
430 4056 465 4108 et
487 4047 648 4107 actiuum
671 4044 884 4115 inuenitur,
911 4043 1001 4106 licet
1023 4064 1039 4105 a
1062 4045 1283 4124 quibusdam
1307 4045 1478 4107 neutrale

182 4159 349 4232 putatur;
377 4157 412 4209 at
440 4145 634 4207 ‘concido'
658 4144 701 4205 de
735 4147 971 4222 concisione,
1005 4147 1105 4207 idest
1135 4146 1177 4208 de
1206 4147 1479 4209 interiectione

247 4337 436 4402 dgramtticns
505 4333 694 4398 ldiptongou,
712 4347 812 4396 seraper
882 4334 912 4381 11
931 4346 961 4381 ac
979 4335 1001 4382 si
1071 4336 1103 4384 13
1121 4333 1265 4400 diptongon
1335 4297 1429 4385 161ἀῖ

179 4413 352 4492 inurtfeuone

248 4606 276 4671 ¹¹)
298 4606 479 4672 Serginuarum
502 4605 665 4668 reliquiarum
690 4606 769 4654 series
793 4615 923 4670 praeterea
946 4604 1051 4656 feliciter
1074 4605 1243 4672 locupletatur
1260 4607 1323 4655 artis
1341 4605 1478 4655 bernensis

179 4690 323 4756 anortgmae
341 4676 396 4726 loro
415 4673 638 4775 puteolaroohuins
656 4671 713 4721 libri
731 4688 759 4738 p.
779 4675 837 4729 135,
857 4674 932 4730 1-3,
951 4689 1003 4736 quo
1020 4673 1118 4724 Plinius
1136 4676 1193 4741 ipae
1211 4675 1236 4723 in
1256 4684 1343 4740 partes
1362 4684 1476 4753 uocatur,

179 4745 380 4927 :hateph
395 4742 849 4927 pptapppntau
865 4742 1008 4859 ,tarta
1027 4742 1478 4876 trun,enarratae

179 4892 264 4947 parus
321 4894 378 4944 cap.
450 4894 475 4944 p.
571 4912 579 4924 2
650 4892 705 4937 seq.

216 4980 316 5020 Gutta.
330 4988 380 5020 nar.
395 4979 476 5021 suren.
1254 4979 1270 5013 n
