3382 5476
272 385 364 437 cotan
502 432 504 435 ,
674 371 724 423 DE
743 370 953 423 manutere
972 371 1158 425 Parnetbo

273 563 417 629 nouitate,
447 561 524 639 quod
555 562 738 640 posteriores
765 569 870 639 poetae
898 578 955 620 non
979 569 1120 638 egerunt,
1150 579 1209 622 nott
1238 559 1316 639 quod
1346 561 1400 621 ista
1431 558 1563 620 delinitio

271 673 351 726 recta
373 683 434 726 non
456 672 549 733 esset,
578 661 629 723 sed
658 661 735 743 quod
766 680 872 722 uersus
895 681 964 722 suus
993 661 1132 742 liquidius
1153 660 1323 723 discurrere
1348 660 1414 722 ullis
1436 659 1561 722 salebris

272 765 440 829 noluerunt.

356 865 439 929 18·
467 867 544 940 Quid
573 885 627 948 per
655 865 859 927 definitionem
888 865 1069 926 ostenditur?
1113 864 1222 926 Natura
1252 866 1485 945 uniuscuiusque
1508 847 1562 933 rei,

272 980 304 1031 ttt
327 1017 483 1033 ........
505 969 590 1030 dicit:
615 969 752 1030 Definitio
774 968 844 1046 quid
868 969 932 1029 est?
976 967 1088 1036 Oratio,
1113 986 1188 1046 quae
1203 968 1247 1037 id,
1271 968 1308 1029 de
1323 986 1381 1047 quo
1397 969 1589 1047 quaeritura

271 1081 373 1153 aperte
395 1072 538 1132 describit
560 1080 589 1131 et
612 1070 798 1138 determinat,
823 1077 854 1130 ut
877 1078 945 1149 puta
969 1071 994 1129 si
1017 1070 1112 1130 dieas:
1143 1071 1243 1130 ‘borno
1268 1070 1339 1151 quid
1362 1070 1425 1130 est?
1454 1069 1563 1130 animal

273 1171 415 1236 rationale
438 1171 562 1234 mortale
585 1182 615 1234 et
636 1190 776 1233 sensuum
799 1175 913 1250 capax’.

341 1366 446 1426 lpoete
498 1375 548 1408 nott
568 1359 652 1408 lertutt
671 1358 803 1408 Pittccltt'tts
854 1357 974 1407 dilllnitio
994 1371 1060 1408 rectu
1078 1375 1136 1407 rsse
1196 1358 1288 1408 'zttills
1307 1358 1416 1409 salubris
1435 1359 1511 1409 nullis
1529 1386 1561 1396 ·-

221 1484 239 1533 ι
595 1495 949 1546 mn
1151 1511 1181 1544 a
1208 1423 1560 1546 aa...]

271 1516 381 1617 nieorum)
418 1532 511 1614 Petru’s
530 1565 623 1614 cantet
639 1565 671 1613 de
691 1563 801 1612 Charisii
817 1566 873 1614 loco
888 1580 915 1627 p.
937 1511 1000 1621 153,
1020 1565 1037 1612 1
1053 1563 1082 1612 K
1098 1510 1257 1628 adpradgrat
1274 1571 1300 1613 et
1317 1511 1458 1614 0ιὲιωίκίαηί
1474 1579 1562 1615 notun

268 1634 372 1684 subesse
388 1634 543 1685 coniecerat.
578 1631 688 1681 dillnitio
757 1630 907 1680 ddisrribit
942 1631 1014 1680 etde
1032 1647 1104 1682 enan.
1139 1630 1297 1688 determinat,
1316 1630 1392 1681 ueluti
1412 1633 1433 1680 si
1453 1646 1562 1697 quaeras

269 1701 437 1820 rpjurpsph‘ipuid
457 1702 491 1750 sit
508 1699 612 1762 homo’,
630 1699 805 1764 respondebo:
834 1698 943 1748 ‘animal
963 1698 1084 1749 rationale
1101 1698 1207 1748 mortale
1226 1699 1293 1749 risus
1311 1714 1392 1765 capax
1415 1698 1562 1751 Victorinus

356 1921 467 1994 Quibus
480 1939 521 1982 erc
535 1923 609 1982 iocis
622 1923 784 1995 callipitur,
810 1921 1046 1981 Maximiani
1066 1924 1184 1981 nomine
1198 1924 1415 2004 prummuticos
1432 1922 1563 1984 ‚ramme

276 2022 428 2085 Victorini
437 2040 494 2083 non
506 2025 601 2083 sulum
617 2025 655 2082 de
665 2021 785 2082 mitione
796 2030 958 2082 metrorum
969 2024 1099 2083 libellum
1115 2019 1297 2097 adhibuisse,
1310 2021 1346 2083 id
1356 2024 1438 2098 quod
1443 2022 1561 2085 Ket'lt’tts

269 2128 422 2188 contendit
443 2128 462 2185 l.
484 2128 503 2184 t.
525 2143 556 2201 p.
583 2132 619 2183 16
640 2131 715 2201 not,
737 2124 792 2184 sed
805 2132 908 2184 cetera
923 2141 1040 2199 quoque
1053 2126 1184 2184 eiusdem
1198 2127 1395 2200 prammutt'ci
1407 2127 1561 2202 oprando.

353 2225 543 2304 Peperint'
564 2226 621 2300 (cs.
644 2227 724 2286 Keil.
745 2228 766 2287 l.
790 2229 809 2290 t.
828 2234 863 2303 ρ’.
889 2234 924 2285 15
947 2233 1025 2303 not.)
1048 2234 1195 2303 excerpta
1216 2227 1293 2288 baec
1314 2234 1401 2287 sunt:

356 2330 374 2392 l.
396 2328 438 2391 5³
469 2328 541 2390 ltem
565 2327 788 2409 Peperinus:
820 2326 905 2389 Nulla
935 2346 991 2388 uox
1015 2327 1138 2388 duarum
1162 2328 1210 2389 uel
1233 2326 1361 2407 plurium
1384 2327 1560 2410 syllabarum

271 2440 359 2492 acuto
382 2451 457 2492 souo
481 2432 511 2492 iu
533 2429 636 2492 ultima
659 2431 852 2501 terminatur:
881 2431 1104 2491 circumflexum
1129 2429 1266 2490 nonalia
1289 2439 1561 2511 pars-postremum
1608 2457 1616 2471 ·

272 2532 372 2603 babet,
396 2533 451 2594 uisi
475 2550 559 2611 pars,
588 2533 671 2593 cuius
694 2534 840 2610 posterior
861 2531 971 2614 syllaba
1000 2540 1104 2594 natura
1127 2530 1212 2610 lunga
1237 2533 1382 2602 excurrit,
1410 2552 1484 2614 quae
1511 2543 1562 2595 aut
1607 2548 1612 2564 ’

270 2636 428 2698 amissione
451 2634 573 2696 ultimae
595 2632 724 2714 syllabae
753 2633 957 2695 litteraruutue
980 2643 1030 2697 aut
1053 2652 1169 2705 earum,
1197 2652 1273 2713 quae
1302 2643 1371 2695 sunt
1397 2645 1467 2696 ante
1494 2637 1561 2698 ulti-

269 2756 357 2808 mam,
381 2738 595 2816 corrumpitur,
613 2745 644 2797 ut
666 2739 775 2815 ‘pacat'
793 2735 917 2818 ‘opplet’
941 2738 1027 2800 ‘buit'
1052 2738 1163 2815 ‘agnot'
1188 2736 1291 2798 ‘audit’
1315 2735 1423 2798 ‘addic’
1442 2736 1588 2799 ‘adduc’5

269 2838 389 2901 ‘adhuc’
414 2838 562 2917 ‘posthac’
586 2837 733 2899 ‘antebac’
758 2838 849 2900 ‘audi'
874 2841 981 2917 ‘cupi’,
1008 2856 1082 2917 quae
1105 2838 1191 2917 plena
1215 2848 1244 2898 et
1266 2840 1379 2917 integra
1404 2839 1460 2901 alia
1483 2849 1560 2911 sunt,

270 2950 302 3003 ut
324 2941 464 3020 ‘parauit’
495 2939 651 3019 ‘oppleuit’
682 2942 800 3012 ‘finiuit’
832 2942 977 3018 ‘agnouit’
1008 2941 1143 3002 ‘audiuit'
1173 2940 1299 3001 ‘addice'
1330 2939 1467 3002 ‘adduce‘
1496 2942 1546 3003 ‘ad

269 3045 356 3106 buce'
381 3043 545 3122 ‘posthace'
571 3040 737 3102 ‘antebuce'
761 3040 886 3103 ‘audiui’
909 3043 1049 3122 ‘eupiui':
1078 3042 1167 3102 huius
1195 3059 1313 3122 qnoque
1343 3045 1463 3120 generis
1490 3054 1562 3105 sunt

269 3146 367 3207 ‘istoc‘
392 3143 484 3205 ‘illoc’
508 3145 604 3204 ‘istac'
629 3142 721 3204 ‘illac'
745 3144 832 3203 ‘istic’
858 3141 951 3204 ‘illic'.

352 3249 374 3306 l.
399 3242 457 3306 12·
479 3244 558 3316 Quot
579 3255 650 3307 sunt
671 3245 855 3306 dilierentiae
883 3247 1106 3327 participiorum
1136 3255 1166 3307 et
1187 3247 1360 3308 numinum?
1399 3247 1472 3308 llicit
1494 3247 1601 3308 tta-10

269 3350 426 3431 perinus
454 3347 491 3407 de
520 3347 694 3409 diliereutiis
723 3349 873 3409 nominum
904 3358 933 3409 et
961 3349 1200 3429 participiorum,
1229 3350 1298 3426 quia
1325 3358 1395 3410 sunt
1417 3349 1562 3429 quaedam

269 3442 434 3532 participia,
457 3468 534 3528 qnae
557 3451 670 3529 etipsa
694 3467 749 3529 pro
772 3451 885 3512 ratione
901 3452 1019 3512 numina
1038 3459 1116 3519 sunt,
1141 3459 1239 3511 otest
1261 3453 1401 3532 ‘sapiens'
1426 3460 1456 3512 et
1477 3452 1561 3511 ‘con-

269 3556 379 3621 stans’;
402 3551 514 3615 babent
537 3553 615 3613 enim
638 3554 782 3630 originem
805 3571 821 3612 a
845 3552 956 3622 uerbis,
981 3561 1013 3614 ut
1028 3554 1135 3634 ‘sapiu’
1159 3555 1299 3623 ‘consto’,
1323 3563 1351 3614 et
1374 3552 1477 3614 eadem
1493 3571 1561 3632 par-

269 3657 368 3737 ticipia
391 3663 475 3720 sunt,
506 3662 535 3714 et
556 3673 624 3715 eum
648 3662 716 3716 sunt
739 3655 874 3723 nomina,
905 3656 960 3715 hoc
984 3655 1121 3716 dilierunt
1142 3673 1158 3716 a
1181 3657 1359 3736 participiis,
1389 3655 1467 3734 quod
1490 3673 1560 3715 cun-

267 3764 428 3839 ponuntur,
452 3765 484 3816 ut
506 3756 671 3835 ‘insipiens’
696 3757 902 3826 ‘inconstansss
927 3767 957 3818 et
979 3758 1126 3835 recipiunt
1140 3758 1382 3837 conparationem
1406 3764 1434 3819 et
1457 3771 1600 3837 super-1⁵

269 3837 422 3928 lationem,
454 3865 486 3917 ut
512 3859 707 3937 ‘sapientior’
737 3858 943 3920 ‘constantior’
978 3858 1237 3939 ‘sapientissimus’
1267 3860 1559 3922 ‘constantissimum

268 3960 301 4022 ln
324 3959 475 4021 aduerbiis
498 3978 615 4038 quoque
638 3962 756 4020 numina
780 3968 943 4029 transeunt,
967 3971 998 4021 ut
1018 3962 1190 4040 ‘sapienter’
1214 3963 1419 4024 ‘constanter'.
1464 3961 1560 4022 Parti·

268 4063 343 4143 cipia
367 4063 445 4123 enim
469 4060 548 4143 †uec
572 4063 739 4142 conparatis
761 4080 798 4123 ex
820 4062 990 4124 nominibus
1013 4061 1202 4143 appellatiuis
1224 4064 1307 4124 lluut.

337 4269 349 4316 l
370 4268 428 4316 Hor
446 4275 595 4331 eucarpium
610 4269 707 4330 primus
725 4266 805 4317 edidit
822 4267 923 4317 Keilirrc
938 4281 1029 4332 propr.
1049 4267 1114 4316 Erlu
1151 4304 1156 4316 .
1175 4285 1202 4332 p.
1222 4270 1255 4317 15
1272 4274 1324 4318 act.
1402 4270 1418 4316 2
1437 4268 1561 4317 inllexum

267 4335 370 4400 boplrt
387 4337 440 4384 adit
458 4335 542 4383 adbuc
558 4334 629 4384 addit
646 4334 729 4383 adiuro
797 4335 888 4400 deopi
907 4337 999 4385 addidi
1065 4336 1196 4401 'lopeuit
1238 4333 1322 4384 finiuit
1339 4336 1430 4385 addidi
1463 4336 1563 4386 audiuit

267 4403 324 4451 diue
342 4404 414 4469 pariit
432 4403 520 4468 oppldt
538 4399 593 4451 linit
610 4401 688 4467 agndt
704 4401 776 4452 audit
793 4400 864 4468 cupit
881 4400 920 4451 die
938 4400 1012 4452 addio
1030 4402 1079 4453 dire
1096 4402 1179 4453 addite
1197 4403 1280 4452 adtuic
1298 4403 1405 4468 posthac
1416 4404 1561 4454 antebac-

268 4471 369 4535 parauit
387 4470 503 4536 oppleuit
519 4471 626 4534 agnouit
643 4471 742 4520 audiuit
759 4472 856 4537 ettpiuit
868 4472 924 4521 dice
935 4471 1025 4521 addire
1037 4471 1100 4521 duce
1118 4471 1216 4520 adduce
1234 4471 1332 4521 adbuce
1350 4471 1473 4536 postltace
1490 4485 1561 4522 aute-

268 4539 330 4589 haec
348 4539 454 4590 coniecit
472 4539 571 4588 Keiliua
622 4543 704 4603 agunt
721 4539 787 4589 aduc
804 4539 879 4588 addic
895 4538 979 4589 adbuc
997 4542 1054 4593 cod.
1072 4540 1246 4605 Sonpuilenstc
1264 4541 1334 4603 apud
1351 4540 1461 4590 Keilium
1530 4541 1562 4592 10

268 4607 337 4670 quod
389 4607 523 4656 dllerentia
573 4606 606 4656 de
622 4606 764 4657 dllerentiis
783 4609 914 4657 nominum
933 4608 1125 4674 participiorum
1211 4609 1243 4660 13
1264 4607 1363 4657 Verba:
1383 4607 1478 4657 lrabeat
1494 4609 1560 4657 enim

269 4677 394 4741 originem
412 4701 444 4710 -
463 4680 629 4738 constuprat
648 4675 777 4724 eteadem
801 4676 937 4742 participia
956 4687 1017 4725 sunt
1033 4678 1182 4728 collucendo
1199 4691 1255 4726 erae
1272 4677 1382 4726 uidetur.
1488 4679 1519 4727 13
1537 4690 1562 4724 er

269 4741 334 4791 idem
404 4744 437 4794 14
453 4742 564 4791 dilemtnt
634 4743 913 4795 transamundum.
933 4744 966 4794 II
1053 4747 1084 4796 18
1101 4744 1237 4810 Participia
1256 4740 1336 4810 euim]
1355 4744 1478 4793 Fortasse
1495 4746 1560 4794 reri-

268 4809 385 4861 bendum:
405 4809 541 4876 Partielpia
558 4819 641 4859 autem
661 4826 707 4859 nee
725 4821 904 4877 conponuntur
922 4827 967 4863 nee
985 4823 1157 4879 conparantur
1170 4827 1214 4862 nee
1233 4813 1257 4860 iu
1277 4812 1398 4862 aduerbia
1419 4824 1562 4874 transeunt,

268 4878 329 4941 quia
347 4893 397 4927 non
416 4895 447 4929 ex
467 4878 612 4929 nominibus
629 4878 793 4944 appellaturis
810 4879 881 4929 flunt.
