3382 5476
1009 235 1033 277 l„

606 343 716 395 CODD.
737 344 868 394 BERNN.
888 346 937 394 522
957 348 985 393 cl
1002 346 1061 394 432.
1384 358 1500 405 XXXIX

283 534 430 610 Sequitur
442 536 645 611 postl'etrurn
661 534 803 593 boriali
823 551 887 592 urs
909 535 1031 592 maior
1053 540 1088 591 et
1109 533 1373 592 barbarismus
1390 551 1425 608 p.
1443 539 1500 592 367

188 646 305 698 -102
319 640 360 699 K.
380 636 409 709 s.
428 644 483 695 o'tt‘
498 636 580 707 -f.
598 634 662 695 58⁶.

284 737 442 810 liciados.
460 737 602 810 ὅθ’-ί.
620 735 671 794 91⁶
693 740 874 813 aiauiipmi
893 744 1138 796 commeatum
1161 739 1196 795 in
1220 737 1363 795 Donati
1383 744 1501 795 artem

190 843 406 903 secundam
430 857 450 898 a
469 842 531 911 tine
552 842 737 910 meditatum,
768 840 851 913 qnod
871 846 963 898 totam
986 837 1075 909 infra
1095 841 1230 914 proponi
1249 853 1376 912 acquum
1399 841 1504 897 cerasia

191 947 232 1004 ob
250 958 362 1004 itonam
378 943 529 1017 quoddam
545 941 668 1000 dicatdi
686 957 783 1014 penus
805 942 835 999 in
858 942 912 1000 itio
933 940 1176 1015 corispicnum.*)
1221 941 1318 1000 Maon
1338 940 1504 1000 recentiora¹

191 1064 279 1108 saec.
300 1045 372 1118 sere
399 1043 507 1104 XIIII
531 1043 767 1118 superscriptam
796 1051 856 1101 est:
892 1040 924 1100 ln
953 1043 1072 1102 uoniine
1101 1047 1202 1102 sancte
1232 1039 1371 1101 trinitatis
1398 1041 1502 1119 incipit

192 1147 278 1208 liber
301 1147 394 1206 sancti
419 1142 572 1222 Stephani.
855 1153 857 1156 ⁴
964 1207 1034 1247 ΒΗ

284 1269 313 1324 ln
336 1268 445 1323 nomine
467 1273 577 1322 sanctae
601 1266 731 1320 trinitatis
753 1281 902 1339 aggressus
918 1264 1068 1336 (acneUS)
1085 1265 1220 1340 tynidam
1238 1269 1310 1322 iuxta
1328 1264 1500 1323 traditionem

193 1350 298 1427 (anm)
321 1353 573 1426 magistrorum
596 1349 628 1405 dc
650 1348 744 1405 inultis
767 1367 851 1424 panca
874 1367 1096 1408 couniuemorare.
1140 1350 1205 1406 Nam
1234 1353 1304 1407 sicut
1332 1349 1501 1407 abscondere

197 1437 313 1512 aliquod
328 1437 429 1493 bonnm
445 1435 628 1510 periculosum
644 1450 706 1491 esse
720 1451 775 1490 non
792 1435 903 1506 dubito,
927 1435 963 1491 ita
987 1436 1052 1491 mihi
1075 1437 1128 1492 hoc
1150 1436 1177 1491 in
1193 1436 1254 1493 loco
1271 1435 1501 1510 praesumtionem

195 1521 410 1599 (praesumtino)
433 1522 505 1577 iuxta
528 1520 643 1577 aliorum
666 1521 878 1576 autumatiouem
895 1538 955 1577 esse
972 1521 1099 1577 tremisco
1116 1517 1258 1594 (temiscol.
1290 1521 1388 1576 Tamen
1404 1537 1500 1594 panca,

195 1627 269 1684 quae
292 1606 367 1682 (qua)
391 1606 513 1662 ualemus
535 1605 568 1662 ad
592 1603 792 1662 adolescentem
815 1604 894 1676 (um)
918 1604 1067 1679 †parnum
1097 1605 1147 1677 (on
1169 1603 1316 1679 peritnmtl
1346 1604 1498 1660 iaciendum

197 1694 263 1764 †in
287 1687 386 1748 uonnri
409 1690 458 1761 (au
481 1689 645 1761 intimaret),
669 1689 696 1745 in
718 1691 838 1746 mlitione
861 1690 977 1746 secunda
1000 1691 1145 1746 auxiliante
1169 1689 1276 1746 Christo
1299 1689 1499 1763 aggrediamur,

284 1778 413 1833 Primitns
436 1775 574 1831 sciendum
598 1782 656 1846 cst,
685 1775 746 1849 qnia
771 1776 859 1830 oiiinis
882 1777 1031 1831 auctoritas
1053 1776 1250 1850 scripturarum
1274 1776 1300 1830 in
1325 1773 1411 1830 tribus
1434 1792 1500 1831 con-

196 1865 273 1920 sistit
292 1861 479 1936 temporibus,
502 1858 572 1916 idest
594 1861 733 1933 praeteriti
756 1855 835 1934 (piat)
857 1861 1009 1934 praesentis
1032 1854 1097 1933 (pii)
1120 1868 1147 1915 et
1168 1860 1270 1931 laturi,
1294 1859 1338 1915 nel
1361 1860 1388 1914 in
1412 1858 1499 1916 tribus

197 1949 287 2005 modis
310 1945 525 2015 commendatur,
548 1944 618 2000 idest
641 1944 717 2000 locus
742 1941 825 2020 (locui)
856 1955 963 2018 tempus
985 1953 1013 2001 et
1034 1962 1162 2019 persona.
1208 1944 1338 2001 Necnon
1361 1945 1388 1999 in
1412 1943 1499 2000 trihus

198 2032 327 2108 personis
349 2032 522 2101 terminatur,
546 2029 615 2085 idest
638 2032 684 2103 qni
708 2030 790 2101 dicit,
813 2048 828 2086 a
851 2047 907 2104 qno
930 2030 1045 2101 dicitnr,
1074 2029 1106 2086 de
1136 2046 1191 2104 qno
1213 2030 1294 2101 dicit,
1323 2029 1383 2086 sine
1412 2028 1499 2085 tribus

201 2116 391 2175 locutionibus
414 2116 625 2188 constringitur,
648 2114 719 2171 idest
741 2124 787 2171 aut
809 2114 842 2171 dc
865 2115 1002 2188 praesenti
1025 2116 1133 2172 saeculo
1156 2123 1202 2171 aut
1224 2115 1258 2171 de
1279 2114 1331 2170 deo
1353 2122 1381 2169 et
1403 2123 1499 2188 poten·

201 2206 237 2260 tia
246 2243 402 2261 ........
423 2198 515 2272 (nulio
537 2201 567 2255 in
589 2200 685 2256 codice
707 2201 814 2256 lucano
836 2199 1023 2272 conspicitur)
1039 2207 1086 2256 aut
1108 2201 1141 2256 de
1163 2200 1258 2256 lntnro
1281 2208 1309 2255 et
1331 2200 1389 2254 eius
1412 2199 1498 2272 gloria

202 2287 249 2344 nel
265 2303 352 2362 poena
369 2285 516 2358 loquimur.
552 2284 617 2340 Nam
640 2292 668 2341 et
690 2287 840 2341 auctoritas
862 2286 1058 2357 scripturaram
1082 2287 1108 2340 in
1134 2284 1220 2341 trilurs
1243 2284 1330 2341 modis
1347 2283 1500 2340 dinoscitur

202 2370 282 2448 idel:
306 2380 353 2428 ant
373 2387 404 2426 ea
421 2366 507 2425 titulis
524 2378 551 2425 et
566 2371 714 2443 prooemiis
730 2367 772 2438 (aa
788 2368 943 2444 praemiis),
968 2378 998 2424 nt
1020 2371 1196 2444 propheticos
1220 2368 1304 2425 libres
1327 2377 1355 2424 et
1377 2368 1496 2442 apostoli

199 2456 331 2532 epistolas
344 2450 358 2531 ll
371 2455 390 2511 i.
402 2447 459 2512 89b
472 2447 504 2531 i„
520 2461 566 2510 ant
581 2469 612 2508 ex
629 2453 716 2509 titulis
732 2462 845 2519 tantum,
859 2464 888 2510 nt
904 2454 1097 2525 euangelistae,
1112 2455 1155 2511 uel
1171 2472 1215 2509 ars
1231 2455 1284 2509 ista
1300 2455 1394 2510 bonati
1409 2470 1499 2527 gram·

198 2543 307 2607 matici,
330 2549 378 2598 ant
400 2558 431 2596 ex
454 2539 600 2594 traditione
622 2547 762 2610 ueterum,
786 2548 816 2596 ut
838 2539 937 2613 Moysis
962 2539 1077 2595 traditur
1093 2539 1237 2613 scripsisse
1253 2539 1274 2591 V
1289 2538 1394 2611 primos
1409 2538 1496 2594 libros

199 2628 340 2684 historiae.
383 2624 417 2680 Et
439 2623 565 2680 similiter
587 2626 693 2697 species
714 2623 860 2680 dictionum
884 2633 1016 2697 quattuor
1038 2623 1126 2679 modis
1148 2623 1301 2680 dinoscitur
1323 2621 1400 2696 (de),
1425 2622 1496 2679 idest

200 2711 345 2782 historica,
368 2709 542 2784 prophetica,
565 2706 761 2783 prouerbialis,
785 2709 947 2782 simpliciter
969 2708 1086 2779 docens,
1109 2724 1178 2781 quae
1199 2707 1312 2764 moralis
1334 2707 1440 2764 dicitnr.

282 2795 355 2852 llaec
377 2810 442 2850 nero
465 2794 549 2850 editio
572 2794 690 2850 secunda
712 2795 807 2850 bonati
829 2794 997 2865 grammatici
1020 2793 1093 2850 iuxta
1116 2793 1273 2851 historicam
1297 2789 1372 2867 (iil
1395 2792 1497 2848 doctri·

201 2898 261 2938 uam
284 2882 413 2954 primitus
435 2878 616 2952 intellegenda
639 2887 695 2949 est,
719 2878 815 2934 deinde
838 2880 865 2934 in
888 2879 1009 2935 moribus
1032 2877 1243 2950 consideranda,
1265 2885 1362 2952 postca
1384 2893 1452 2934 nero
1469 2877 1495 2932 in

200 2965 344 3023 altioribus
367 2964 449 3020 rebus
472 2962 600 3020 elenanda
624 2973 675 3019 est.
713 2963 784 3020 istae
806 2971 898 3038 partes
922 2964 1071 3035 orationis,
1095 2964 1173 3037 qnasi
1196 2963 1265 3020 elnae
1287 2965 1360 3019 inter
1381 2979 1411 3018 se
1434 2980 1495 3036 per·

198 3068 282 3108 sonae
304 3051 518 3123 conloqnantnr‚
542 3050 582 3104 sic
603 3048 762 3104 discurrunt
784 3055 812 3104 et
834 3049 918 3105 ucrha
940 3050 1044 3123 gratia,
1066 3065 1128 3105 cnm
1150 3048 1251 3105 dicitur
1274 3048 1378 3121 ‘partes
1394 3050 1495 3103 oratio·

198 3135 241 3192 ais
263 3144 332 3210 quot
360 3133 457 3190 suntl’
488 3134 567 3208 qnasi
594 3133 677 3189 humo
705 3135 874 3207 interroget,
903 3141 930 3190 et
958 3150 1018 3190 cnm
1047 3133 1148 3190 dicitnr
1175 3132 1287 3205 ‘oct0’,
1317 3134 1394 3207 qnasi
1422 3134 1492 3189 ratio

198 3219 354 3295 respondet.

283 3305 376 3361 Omnis
409 3302 498 3360 oratio
526 3302 644 3360 soluitur
672 3303 699 3358 in
727 3302 825 3372 uerba,
857 3290 952 3360 nerha'
972 3302 1120 3359 soinnntnr
1148 3304 1176 3358 in
1210 3302 1340 3377 syllabis,
1374 3299 1494 3376 syllabae

196 3390 344 3447 soluuntnr
367 3389 393 3445 in
416 3388 525 3448 litteris.
571 3388 748 3445 Grammatica
777 3403 843 3445 uero
872 3390 899 3444 in
930 3389 971 3444 his
1000 3396 1130 3463 quattuor
1157 3387 1239 3445 rebus
1268 3394 1385 3444 constat.
1428 3387 1493 3442 Nam

197 3476 224 3530 iu
247 3491 324 3532 sacra
347 3474 482 3546 scriptura
505 3474 654 3546 superbis
677 3480 808 3547 quattuor
830 3472 912 3529 rebus
934 3473 1042 3530 additur
1064 3473 1152 3529 adhuc
1173 3473 1306 3546 spiritalis
1334 3471 1494 3543 intellegen-

196 3562 242 3616 tia.
270 3558 349 3634 Apud
365 3551 377 3637 ΙΙ
392 3559 413 3614 i.
429 3559 489 3617 90⁸
505 3551 516 3634 ΙΙ
533 3560 797 3632 grammaticos,
819 3560 892 3615 sicut
914 3557 1040 3628 diximus,
1063 3557 1151 3614 oratio
1174 3557 1207 3612 dc
1230 3558 1288 3613 cris
1311 3558 1415 3613 ratione
1439 3556 1489 3612 tria

197 3653 321 3719 tempora
348 3651 437 3714 tenet,
465 3645 642 3715 praeteritum
671 3659 800 3717 praesens
822 3652 849 3698 et
871 3642 1002 3699 laturum.
1047 3642 1177 3699 Similiter
1205 3651 1233 3699 et
1262 3643 1349 3699 oratio
1377 3641 1411 3698 do
1437 3641 1489 3699 deo

197 3727 286 3785 tribus
308 3727 395 3784 modis
417 3736 540 3793 constat,
564 3728 627 3784 dum
650 3726 682 3783 de
704 3728 810 3802 adeptis
832 3729 935 3802 gratias
958 3729 1080 3802 agimus,
1102 3736 1149 3785 aut
1171 3727 1235 3784 dum
1256 3728 1391 3802 petimus,
1420 3743 1489 3800 quae

195 3815 338 3888 cupimus,
360 3821 407 3870 aut
429 3813 491 3869 dnm
514 3829 565 3886 pro
588 3812 648 3869 aliis
671 3829 809 3887 rogamus.
1276 3813 1277 3816 ’

281 3898 334 3954 Sex
355 3907 436 3970 snut,
459 3915 528 3972 quae
550 3897 663 3955 adiectis
686 3897 730 3954 nel
745 3889 781 3971 (ὖ)
796 3897 969 3973 appellatiuis
992 3897 1146 3954 nominibus
1168 3897 1309 3963 accidunt,
1332 3895 1402 3952 idest
1425 3913 1489 3969 qna·

195 3985 259 4039 litas
286 3985 453 4058 comparatio
482 3998 567 4055 genus
596 3999 727 4038 numerus
755 3983 842 4056 figura
870 4000 956 4038 mstis.
1001 3982 1065 4038 Nam
1093 3983 1205 4056 propria
1233 3982 1277 4039 uel
1306 3979 1357 4038 lixa
1380 3983 1488 4036 nomina

195 4086 251 4124 non
274 4077 467 4142 conparantur.
513 4066 633 4134 Qualitas
658 4067 746 4124 tribus
773 4068 854 4124 rebus
882 4075 1006 4138 cunstat,
1034 4067 1105 4123 idest
1127 4067 1160 4122 ah
1183 4067 1272 4124 animo
1295 4084 1309 4124 a
1335 4082 1488 4140 corporea

195 4153 315 4209 iortuna.
359 4152 399 4209 ilb
422 4153 528 4224 animo,
551 4162 582 4208 nt
603 4152 691 4209 honus
714 4153 817 4222 malus;
839 4171 854 4208 a
877 4169 1003 4225 corpore,
1028 4160 1058 4207 ut
1079 4152 1193 4225 pulcher
1215 4152 1314 4226 turpis,
1336 4151 1487 4219 alortuua,

194 4248 225 4294 nt
246 4254 351 4313 pauper
372 4237 457 4294 dines.
501 4236 644 4305 Quantitas
672 4239 741 4294 enim
771 4254 817 4294 sea
846 4237 933 4295 niudis
961 4237 1148 4311 principaliter
1174 4237 1288 4303 dicitnr,
1316 4245 1347 4293 ut
1375 4234 1487 4307 longum

194 4324 306 4379 breuem
333 4322 417 4379 latum
446 4332 592 4397 angustum
621 4339 736 4397 paruum
764 4331 811 4379 aut
839 4323 963 4380 multum.
1013 4320 1184 4396 Comparatio
1218 4339 1267 4395 per
1297 4329 1354 4378 tres
1387 4320 1487 4394 gradus

193 4409 341 4480 discurrit,
364 4406 435 4464 idest
456 4409 603 4482 posiliuus,
626 4411 690 4483 qnia
712 4409 800 4483 primo
822 4410 931 4484 positus
954 4414 1010 4478 est,
1033 4406 1141 4477 dicitur,
1165 4415 1196 4462 ut
1217 4407 1331 4478 doctus,
1353 4422 1485 4479 conpara·

262 4622 291 4687 *l
314 4624 384 4674 idem
407 4625 559 4689 opusculum
580 4627 607 4675 in
629 4623 798 4691 Neapolitano
822 4638 924 4686 quoqne
942 4624 1030 4674 codice
1048 4625 1083 4674 tv
1101 4624 1124 4674 Α
1142 4624 1176 4676 34
1193 4638 1260 4674 saec.
1280 4619 1400 4672 xi-xn
1418 4631 1489 4671 extat

191 4693 353 4761 praescripto
373 4692 458 4746 titulo:
487 4694 529 4741 ‘iu
549 4693 650 4743 nomine
669 4692 777 4744 Sanctae
795 4693 939 4742 Trinitatis:
959 4694 1050 4759 incipit
1067 4694 1116 4743 Ars
1134 4691 1302 4742 Palaemonis.
1337 4688 1486 4754 aggressus

191 4763 297 4828 quidem
315 4762 391 4810 iuxta
408 4761 587 4811 traditionem’
609 4771 655 4811 etc.
679 4761 805 4824 habetque
827 4762 852 4809 in
876 4758 926 4811 flue
943 4762 1130 4826 subscriptum:
1161 4759 1232 4809 ‘linit
1249 4775 1291 4809 ars
1309 4755 1486 4808 Palaemonis'

190 4832 302 4881 docente
320 4829 352 4881 fl.
372 4829 452 4879 licilio
471 4829 581 4880 Gramm.
601 4828 656 4884 Lat.
675 4831 699 4880 V
716 4828 811 4896 pm?
830 4827 918 4880 adnot.

1533 1347 1545 1373 Ι
