3382 5476
195 361 238 426 84
701 363 771 414 ARS
790 363 973 415 ANONYMA.

195 569 268 611 nero
296 567 392 629 genus
419 550 557 613 distantia
586 549 703 629 linguae
732 551 1009 613 consuetudinariae
1030 552 1173 619 elicitum
1201 550 1251 612 alii
1280 553 1360 612 enim
1388 551 1491 614 dicunt

194 653 243 713 laic
264 652 353 723 silex,
378 652 427 714 alii
443 671 515 714 uem
532 652 605 715 haec
621 651 694 713 silex
717 654 862 714 suauitate
885 655 1001 714 ararium
1023 671 1143 715 suarum
1167 650 1302 731 elegente
1325 653 1488 715 seeundum

193 774 279 817 usum
301 756 451 818 diuersum
475 756 706 836 prouinciarum.

279 856 426 919 Numerus
450 858 518 937 quid
543 859 605 919 esti
634 857 776 918 lndicatio
798 856 983 921 collectionis
1006 865 1049 919 est
1071 856 1255 935 singulorum
1279 876 1438 939 corporum
1459 867 1490 919 et

194 978 296 1021 rerum
318 979 373 1041 per
396 978 504 1021 nomeu
528 962 703 1038 agniturum.
747 960 808 1021 alia
832 959 965 1020 delinitio
987 968 1046 1020 est:
1090 958 1237 1021 Numerus
1263 968 1309 1022 est
1330 972 1513 1041 corporumt

195 1061 325 1124 unalium
348 1060 546 1141 pluraliumue
569 1069 598 1122 et
620 1079 720 1122 remim
743 1079 798 1140 per
820 1080 924 1122 uocem
952 1060 1105 1142 aequalem
1133 1060 1359 1140 inaequalemue
1387 1059 1488 1142 explo-

193 1167 286 1234 ratio,
322 1171 354 1225 ut
382 1166 430 1224 nir
458 1164 530 1234 uiri,
564 1162 671 1225 mulier
701 1162 855 1231 mulieres,
890 1163 1019 1242 dignitas
1046 1164 1213 1242 dignitates.
1258 1163 1335 1236 Quid
1365 1165 1491 1225 interest

192 1268 271 1327 inter
298 1284 454 1327 numerum
484 1267 613 1327 nominis
636 1274 666 1326 et
693 1267 878 1345 pronominis
900 1277 928 1326 et
950 1265 1036 1327 uerbi
1058 1275 1088 1326 et
1110 1266 1277 1345 participii?
1321 1264 1379 1327 lsta
1406 1264 1488 1326 dille·

193 1369 288 1436 rentia
313 1376 372 1428 est:
411 1367 558 1429 Numerus
582 1367 666 1428 uerbi
689 1386 833 1447 personas
854 1367 994 1428 obseruat
1022 1367 1201 1435 indiserete;
1231 1384 1376 1428 uumerus
1397 1367 1489 1447 parti·

192 1471 261 1549 cipii
277 1466 290 1553 ΙΙ
305 1470 324 1530 1.
342 1466 399 1531 90·
415 1466 429 1553 ΙΙ
443 1471 675 1547 significationes
696 1469 881 1549 temporibus
904 1471 1020 1530 iunctas
1042 1469 1186 1536 ostendit:
1215 1486 1358 1531 numerus
1380 1486 1489 1549 prono
1502 1479 1526 1519 ¹⁰

194 1574 281 1632 rninis
303 1590 446 1651 personas
469 1573 626 1632 coniuncte
650 1571 791 1640 custodit:
816 1589 958 1632 numerus
980 1589 1053 1631 uero
1076 1571 1206 1631 nominis
1221 1588 1309 1633 casus
1330 1572 1490 1633 comitatur

193 1692 300 1754 corpus
330 1683 380 1735 aut
408 1692 533 1753 corpora
557 1682 587 1734 et
609 1692 672 1734 rem
696 1679 746 1733 aul
768 1691 817 1735 res
839 1674 1047 1751 significantes.
1092 1672 1214 1734 Numeri
1242 1675 1397 1734 nominum
1419 1681 1491 1752 quot

192 1778 278 1836 saint?
323 1776 402 1845 lluo,
431 1774 588 1853 singularis
611 1784 641 1836 et
662 1773 798 1854 pluralis;
832 1775 1005 1853 singularis.
1034 1785 1067 1836 ut
1089 1774 1138 1836 hie
1160 1778 1208 1836 uir
1229 1783 1260 1835 et
1281 1774 1329 1836 laio
1356 1776 1489 1855 sapiens:

194 1876 318 1957 pluralis
333 1895 483 1945 numerus,
495 1884 528 1936 ut
540 1876 570 1935 hi
586 1879 644 1938 uiri
661 1887 690 1938 et
706 1878 737 1938 lai
752 1880 915 1957 sapientes:
932 1875 1002 1937 licet
1017 1885 1089 1956 aput
1104 1876 1199 1937 alios
1213 1878 1322 1938 tertius
1337 1875 1490 1937 inducitur

194 1997 345 2047 numerus,
369 1995 457 2055 quem
480 1976 597 2039 dualem
620 1978 737 2048 dicunt,
761 1988 793 2039 ut
813 1985 861 2039 est
884 1988 1007 2058 uterque
1030 1978 1118 2039 ambo
1142 1978 1215 2047 duo,
1246 1984 1275 2038 et
1297 1977 1411 2039 ideirco
1432 1978 1487 2037 iste
1501 1989 1525 2030 ιδ

194 2098 337 2140 numerus
360 2078 454 2139 dualis
476 2078 594 2150 dieitur,
619 2082 687 2157 quia
711 2080 747 2140 de
770 2079 885 2140 duobus
908 2089 1021 2141 tantum
1044 2080 1184 2140 dicuutur
1207 2078 1279 2141 haee
1301 2081 1437 2148 uomina,
1461 2087 1490 2138 et

193 2185 374 2244 transierunt
402 2201 417 2242 a
446 2181 648 2260 singularitate
677 2190 706 2241 et
736 2200 794 2241 non
823 2189 1026 2261 peruenerunt
1053 2182 1088 2242 ad
1118 2181 1331 2261 pluralitatem,
1361 2180 1413 2242 sed
1441 2180 1490 2240 laic

194 2303 335 2345 mimerus
365 2303 379 2344 a
411 2283 559 2363 plerisque
586 2302 645 2345 nou
674 2272 828 2363 recipitur,
857 2287 928 2362 quia
957 2301 1015 2343 non
1045 2293 1090 2344 est
1117 2286 1147 2344 in
1177 2290 1281 2344 natura
1310 2300 1412 2343 rerum
1440 2278 1490 2341 laic

196 2389 300 2448 tertius
323 2404 474 2450 numerus.
520 2386 592 2447 Nam
616 2405 690 2457 uox,
720 2403 796 2463 quae
824 2386 1040 2463 significauerit
1064 2404 1153 2446 unum
1184 2403 1292 2465 eorpus
1313 2387 1379 2446 siue
1400 2400 1489 2444 unam

193 2508 272 2558 rem,
302 2486 460 2566 singularis
490 2497 549 2558 est,
585 2496 616 2549 et
644 2505 716 2562 uox,
749 2507 825 2569 quae
853 2489 1068 2567 significauerit
1095 2487 1154 2548 duo
1182 2504 1308 2567 corpora
1336 2486 1401 2546 siue
1428 2499 1529 2552 resae

192 2591 316 2669 pluralis
345 2597 404 2659 est,
434 2599 466 2650 ut
489 2589 549 2650 duo
572 2589 659 2650 ambo
689 2597 749 2651 tres
772 2598 800 2649 et
822 2599 930 2651 cetera.
976 2589 1049 2651 Nam
1078 2608 1137 2650 non
1164 2607 1256 2649 unum
1285 2606 1409 2668 corpus,
1437 2586 1490 2648 sed

192 2693 282 2753 multa
304 2693 449 2770 significat
471 2711 605 2771 corpora.
651 2692 723 2751 ltem
753 2695 784 2751 in
812 2711 937 2753 numero
966 2692 1042 2752 scias
1070 2709 1134 2752 esse
1158 2690 1216 2750 alia
1247 2691 1383 2761 nomina,
1414 2705 1490 2768 quae

193 2797 362 2855 communia
385 2802 530 2855 uocantur
552 2795 632 2855 inter
653 2793 832 2872 singularem
857 2803 886 2854 et
907 2793 1052 2873 pluralem
1076 2810 1243 2854 numerum.
1279 2791 1350 2852 lnde
1373 2790 1490 2851 Dona·

194 2905 251 2956 tus
279 2895 367 2955 dixit:
405 2896 497 2956 Sunt
524 2897 668 2956 nonaina
698 2915 851 2956 numero
880 2896 1084 2956 communia
1114 2902 1153 2956 ut
1180 2913 1242 2955 res
1263 2895 1379 2954 nudes
1400 2892 1490 2954 dier.

192 2998 224 3057 lu
248 2997 386 3057 omnibus
409 3005 531 3076 quartae
554 3005 584 3056 et
605 2998 724 3076 quintae
747 2997 952 3058 declinationis
968 3006 1023 3066 est,
1047 3005 1080 3057 ut
1095 2995 1144 3056 hio
1160 2995 1266 3058 lluctus
1282 3003 1311 3055 et
1326 2993 1357 3054 1ιὶ
1372 2994 1488 3064 fluetus,
1503 3007 1532 3047 2⁵

194 3099 241 3158 inc
265 3116 371 3159 currus
394 3108 424 3159 et
447 3097 476 3157 hi
499 3116 622 3167 currus,
654 3097 726 3159 lraee
754 3116 859 3159 marrus
882 3107 911 3159 et
932 3099 987 3158 liae
1010 3116 1128 3168 mauras,
1157 3097 1231 3158 haee
1254 3097 1359 3157 domus
1382 3104 1413 3156 et
1434 3094 1490 3155 liae

194 3201 312 3267 domus;
336 3201 430 3260 sicin
454 3201 555 3277 quinta
577 3198 776 3260 declinatione
799 3199 846 3260 liic
869 3200 932 3261 dies
954 3207 984 3260 et
1006 3199 1034 3259 hi
1058 3200 1136 3268 dies,
1166 3199 1238 3259 laaec
1260 3196 1359 3258 clades
1382 3206 1411 3258 et
1433 3196 1489 3257 hae

193 3302 306 3372 clades,
330 3302 404 3362 liaeo
426 3303 520 3362 sames
543 3311 573 3363 et
593 3302 649 3362 liae
672 3302 779 3370 sames,
803 3302 876 3362 liaeo
899 3321 947 3363 res
963 3310 992 3363 et
1008 3300 1064 3361 liae
1086 3320 1143 3362 res
1190 3299 1266 3361 Sunt
1286 3317 1406 3379 semper
1427 3300 1488 3359 sin·

194 3404 305 3484 gularia
329 3406 448 3483 generis
471 3404 641 3475 masculini,
665 3412 697 3464 ut
718 3402 816 3481 puluis
838 3412 953 3464 stercus
968 3402 1057 3464 limus
1072 3403 1277 3473 fimuslumus
1293 3420 1397 3471 eruor;
1419 3409 1491 3462 sunt

195 3526 312 3588 semper
337 3507 459 3587 pluralia
482 3509 599 3585 generis
622 3506 793 3576 masculini,
819 3515 851 3566 ut
873 3507 973 3567 llanes
988 3505 1132 3575 Quiritem
1155 3513 1224 3565 sunt
1246 3521 1365 3583 semper
1386 3505 1488 3582 singu·
1503 3519 1532 3559 ao

192 3610 266 3672 laria
297 3611 416 3687 generis
445 3608 594 3678 feminini,
625 3618 657 3669 ut
684 3611 777 3669 larices
804 3611 867 3669 sitis
895 3609 1038 3669 memoria
1067 3625 1137 3685 spes
1157 3606 1230 3667 fides
1253 3607 1370 3665 caritas.
1414 3603 1490 3664 lnde

193 3712 460 3790 grammaticus
484 3710 570 3771 dicit:
609 3711 700 3790 Spes
723 3720 759 3772 et
781 3711 880 3770 sides
904 3719 938 3770 et
960 3710 1101 3770 caritas
1123 3706 1306 3787 pluralem
1330 3724 1402 3767 non
1425 3705 1488 3766 lra-

192 3814 282 3874 lrent
305 3827 502 3871 numerum.
548 3811 623 3871 Sunt
653 3831 771 3892 semper
800 3811 925 3891 pluralia
953 3812 1071 3889 generis
1099 3810 1248 3880 feminini,
1278 3817 1311 3869 ut
1338 3807 1488 3869 Kalendae

195 3913 349 3974 Nundinae
373 3913 465 3972 leriae
488 3911 649 3989 quadrigae
672 3915 793 3992 nuptiae
809 3912 929 3973 diuitiae
953 3914 1032 3973 iores
1054 3930 1162 3991 scopae
1184 3910 1295 3981 scalae;
1319 3917 1390 3970 sunt
1410 3927 1487 3970 sem·

262 4172 274 4216 l
294 4167 381 4232 lingue
398 4184 455 4216 cum
474 4169 648 4234 suetudiuariq
716 4167 793 4217 aelii
812 4182 872 4216 uero
892 4167 932 4216 liic
984 4181 1089 4217 suorum
1108 4167 1244 4230 elegentes,
1262 4163 1296 4228 cf.
1309 4181 1389 4230 supra
1406 4166 1488 4230 pao,

158 4270 162 4288 .
194 4238 208 4284 7
265 4237 422 4285 3dinersum
445 4239 647 4301 prooemiorum,
666 4251 734 4285 corr.
753 4237 947 4300 prouinciarum.
985 4236 1107 4285 Fortasse
1125 4235 1298 4285 scribendam:
1316 4234 1488 4283 diuersarum.

193 4305 326 4354 diauliotio
375 4316 402 4352 nt
420 4319 504 4354 rerum
556 4304 699 4366 (icqualem
719 4304 895 4365 inequalemue
964 4304 1111 4353 diraamecis
1131 4304 1199 4351 uerbi
1253 4305 1284 4352 10
1302 4303 1403 4351 iunctus
1458 4303 1488 4350 12

193 4373 261 4434 qnod
279 4388 328 4420 sun
400 4373 431 4420 14
449 4373 494 4436 nti,
512 4371 551 4421 bis
601 4381 672 4436 aput,
690 4388 759 4422 corr.
778 4371 848 4436 apud
898 4370 962 4419 alias
1033 4373 1064 4420 lo
1081 4386 1167 4434 qnam,
1185 4387 1254 4420 corr.
1267 4384 1342 4432 quem
1395 4370 1487 4418 nmbuo

193 4442 224 4489 io
243 4439 391 4489 deonotus
480 4441 511 4489 19
529 4439 584 4488 siue
603 4454 679 4488 ranam
697 4437 760 4504 rem]
782 4453 858 4488 arnam
877 4436 946 4504 uirss,
964 4456 1011 4490 om.
1030 4440 1087 4488 siue
1163 4441 1196 4488 22
1215 4440 1263 4488 lter
1331 4440 1364 4487 23
1383 4447 1489 4487 uocatur

195 4537 321 4605 Donatus]
340 4557 367 4603 p.
387 4541 494 4599 37⁶‚2t
562 4517 718 4589 24nclmero
787 4541 932 4589 communia
950 4541 1076 4591 artestiu
1096 4540 1214 4590 omnibus
1232 4550 1322 4603 quarte
1391 4541 1424 4589 25
1442 4538 1487 4601 hii,

192 4626 292 4673 semper
371 4609 404 4654 20
423 4618 448 4655 et
465 4607 527 4656 liaeo
543 4622 634 4656 uranus
687 4621 711 4658 et
729 4609 790 4658 liaeo
808 4608 899 4658 alonius
919 4620 943 4658 et
961 4610 1022 4659 haee
1039 4609 1132 4659 domus
1201 4610 1234 4658 27
1252 4618 1277 4657 et
1294 4609 1357 4657 lmec
1375 4607 1446 4656 lades
1464 4619 1489 4656 et

193 4677 255 4725 lraee
273 4677 343 4725 ludes
412 4675 445 4724 28
463 4688 487 4723 et
505 4675 568 4723 llaec
585 4676 664 4725 lomes
717 4688 741 4726 et
758 4678 821 4727 hace
838 4692 878 4726 aes
947 4680 980 4727 29
998 4677 1089 4743 pulues
1158 4679 1189 4727 31
1208 4676 1285 4726 lamis
1353 4678 1385 4726 32
1404 4689 1488 4739 gram-

193 4746 311 4803 maticus]
330 4743 390 4805 Quis
407 4744 518 4805 dicutur,
537 4745 634 4806 acacio,
652 4747 700 4795 sed
716 4747 751 4807 cs.
774 4745 853 4796 Prodi
869 4750 926 4796 last.
945 4752 994 4797 art.
1011 4763 1038 4810 p.
1056 4749 1104 4808 88,
1125 4748 1157 4794 11
1175 4760 1229 4810 aeq.
1250 4745 1277 4793 K
1281 4763 1290 4799 ,·
1319 4744 1419 4807 Asperi
1436 4749 1487 4792 ert.

192 4845 264 4895 dairas
281 4845 340 4894 libri
355 4862 381 4910 p.
392 4848 434 4911 47,
447 4849 478 4896 15
529 4848 562 4897 33
580 4822 710 4895 ngurarum
764 4847 890 4895 liniendae
909 4847 1021 4896 nundine
1038 4845 1100 4897 ferie
1117 4847 1226 4912 quadris
1277 4847 1402 4910 34scope
1419 4843 1488 4892 scale
