3382 5476
204 400 286 448 cx1v
535 387 584 438 DE
607 386 820 438 communem
839 385 1140 438 Elnsmuuastuvs

207 585 304 636 autem
328 594 381 655 per
404 594 507 636 amites
530 574 639 653 gradus
661 595 719 636 saon
744 583 859 646 exeunt,
883 576 950 652 quia
973 577 1039 654 ipse
1054 575 1183 636 Donatus
1205 575 1285 636 dicet
1299 575 1328 636 iu
1343 575 1493 652 sequenti·

202 677 272 747 hus,
296 676 373 757 quod
398 676 540 756 quaedam
563 678 682 738 uomina
704 687 787 748 sunt,
812 695 886 756 quae
910 685 1023 738 uatum
1046 675 1157 738 habent
1178 679 1338 756 positiuum
1362 685 1392 737 et
1413 694 1493 737 com·

201 780 367 857 paratiuum
392 790 424 839 ut
446 797 543 861 senex·
559 788 588 838 et
609 778 715 858 quibus
736 778 841 840 deesse
863 778 1078 858 supertatiuus,
1095 778 1151 840 alia
1167 781 1328 859 positiuum
1345 788 1373 840 et
1389 797 1493 856 super·

201 879 340 948 iatiuum,
357 880 464 960 quibus
479 881 563 942 deest
584 882 811 960 comparatiuus.
857 880 938 941 Vnde
961 880 1005 941 sb’
1021 874 1060 942 di.

286 1001 341 1061 Est
361 998 460 1075 icitur
481 1002 631 1076 quaedam
652 997 811 1061 commenti
836 999 992 1075 utriusque
1018 998 1165 1074 coenatio
1191 1016 1288 1075 neque
1315 1007 1416 1060 tamen
1444 1016 1492 1077 eu,

201 1111 242 1177 ut,
268 1100 321 1177 qui
342 1105 472 1162 atteram
494 1099 713 1179 expositionem
736 1100 955 1164 Einsidtensem
978 1099 1176 1178 conseripsit,
1205 1102 1287 1162 nunc
1313 1099 1413 1178 ipsum
1436 1101 1492 1161 Re-

199 1203 324 1280 mipium
343 1203 443 1276 faisse
464 1211 631 1280 procerte
659 1203 756 1265 annm
784 1205 965 1278 adfirmare,
992 1201 1175 1279 praesertim
1201 1220 1270 1265 cum
1297 1212 1493 1264 commentum

200 1306 355 1367 Ber-nense
376 1305 486 1381 ipsum,
511 1307 592 1382 quod
612 1304 748 1382 Bemipii
774 1322 882 1368 nomen
898 1305 1131 1383 praesefert,
1162 1314 1197 1366 ut
1224 1304 1398 1368 doctrinam
1419 1323 1494 1366 sane

198 1405 264 1468 eins
298 1405 362 1469 uiri
395 1406 532 1481 referre,
567 1406 614 1468 itu
640 1406 791 1482 integram
826 1408 986 1468 uerborum
1019 1405 1185 1482 imaginem
1216 1405 1316 1468 minus
1341 1408 1493 1484 praebere

199 1508 373 1570 Alexandri
394 1511 460 1570 loeo
481 1509 670 1585 conprobare
692 1507 843 1570 uideatur.
888 1510 1007 1585 Itaque,
1031 1527 1070 1569 ne
1089 1507 1230 1569 subtilius
1250 1506 1444 1584 inquiramus
1458 1506 1492 1569 in

196 1629 245 1672 res
271 1613 405 1672 humana
434 1609 639 1686 indapatioue
671 1610 875 1684 obscuriores,
912 1613 1008 1672 donec
1035 1610 1170 1672 certiora
1197 1608 1396 1672 inuersiantur
1423 1608 1493 1672 ueri

195 1712 337 1790 uestipia,
361 1715 418 1775 noe
439 1712 581 1774 statuisse
601 1712 677 1775 satis
699 1715 850 1787 habemus,
875 1722 936 1774 tres
956 1715 1011 1774 laos
1033 1712 1149 1774 Donati
1171 1711 1250 1775 artis
1262 1714 1415 1775 secundae
1436 1730 1489 1774 ea·-

191 1813 343 1891 positores
364 1814 589 1876 Einsidlensem
611 1825 640 1876 et
661 1817 737 1877 daos
758 1816 929 1876 Beruenses
955 1832 996 1876 ex
1016 1813 1115 1892 copiis
1136 1832 1156 1874 a
1179 1813 1321 1891 Remipio
1341 1813 1491 1891 mapistro

194 1916 429 1978 subministratis
449 1916 586 1979 nemisse
607 1916 669 1992 ita,
700 1927 733 1979 ut
755 1934 851 1992 neque
873 1918 1050 1978 recederent
1076 1915 1168 1977 nimis
1190 1934 1210 1976 a
1232 1914 1383 1978 communi
1401 1917 1491 1990 sonte

196 2028 225 2079 et
245 2036 331 2080 suam
353 2017 479 2095 qumque
501 2018 650 2080 rationem
674 2017 862 2096 peculiarem
888 2016 922 2080 in
950 2019 1115 2080 tractando
1141 2026 1347 2094 sequerentur.
1392 2020 1490 2094 Atque

195 2121 273 2181 naec
294 2130 362 2181 erat
384 2138 487 2208 caasa,
510 2139 567 2182 cur
587 2120 653 2182 eius
674 2119 885 2198 expositionis,
910 2137 989 2196 quae
1010 2121 1077 2182 eod.
1101 2119 1198 2181 Bern.
1222 2127 1281 2181 386
1301 2119 1402 2197 priam
1421 2124 1490 2183 loeo

190 2221 296 2298 posita
325 2231 382 2298 est,
415 2231 562 2300 excerpta
589 2225 736 2284 nonnutto
762 2230 927 2283 commento
961 2219 1150 2284 Einsidlensi
1178 2220 1293 2299 passim
1326 2223 1489 2284 adderem:

195 2326 278 2400 quod
298 2325 336 2384 de
358 2327 458 2385 attera
480 2342 596 2401 quoque
618 2326 725 2386 uellem
747 2322 932 2403 statuissem,
959 2326 1013 2384 sed
1039 2325 1167 2399 uroeoot
1189 2322 1333 2400 temporis
1353 2323 1490 2386 brennus

194 2434 222 2486 et
243 2427 357 2488 laboris
378 2427 441 2488 iam
464 2429 507 2488 ad
523 2431 614 2502 finem
635 2431 749 2488 certum
767 2425 960 2502 perducendi
982 2425 1126 2489 taedium.

756 2712 836 2778 cau.
865 2711 929 2779 111.

236 2829 295 2894 DE
324 2830 567 2896 COMMENTO
598 2829 819 2896 BERNENSI
848 2829 895 2894 IN
919 2828 1087 2895 DONATI
1109 2815 1442 2898 BARBARISMVM.
1534 2824 1541 2833 ’

278 2989 344 3049 Iam
367 2990 449 3063 quod
475 2990 518 3048 ad
544 2987 666 3049 tertiam
692 2995 886 3049 commentum
914 2986 1106 3049 Einsidlense
1134 2989 1216 3062 quod
1241 2996 1285 3047 est
1313 2990 1351 3048 de
1376 2989 1487 3049 barda-

192 3087 285 3149 rismo
308 3088 445 3150 mutilum
461 3087 607 3166 pertinet,
632 3107 670 3149 ne
692 3091 730 3150 de
751 3107 787 3151 eo
809 3089 929 3165 quidem
951 3089 1067 3151 certius
1087 3090 1183 3151 statui
1199 3098 1309 3166 potest,
1333 3108 1405 3151 num
1426 3092 1486 3152 Re-

192 3189 317 3265 mipium
339 3192 450 3252 lrabeat
472 3199 635 3252 auctorem.
682 3192 760 3251 Nam
781 3190 903 3252 illoram
923 3195 1044 3268 plossoe
1059 3190 1230 3253 Graecismi
1250 3194 1395 3266 locorum,
1419 3191 1486 3268 qta-

193 3293 246 3352 dus
283 3292 415 3354 Tauroto
450 3279 576 3356 auctore
607 3295 627 3352 t.
656 3296 677 3353 t.
714 3313 745 3371 p.
770 3301 813 3356 ’.10
841 3292 1048 3370 ‘Remipianoe
1074 3292 1257 3356 barbarismi
1288 3293 1487 3370 expositionis

192 3394 302 3457 mentio
323 3400 358 3468 fit
381 3395 537 3473 (Donatum
560 3398 701 3457 sineresis
724 3404 814 3456 est..
834 3395 934 3457 ‚unde
956 3395 1160 3474 Remigius:
1184 3395 1232 3456 hic
1254 3403 1340 3474 poeta
1362 3405 1486 3476 propter

195 3497 398 3558 necessitatem
427 3500 514 3559 metri
542 3516 632 3558 unam
659 3496 793 3558 sillabam
827 3497 863 3558 de
893 3496 1009 3559 duobus
1039 3495 1189 3559 uocalibus
1216 3498 1295 3562 iecit.
1328 3532 1370 3543 ·-
1402 3497 1484 3559 Idem

192 3608 274 3678 patet
289 3618 343 3678 per
359 3597 567 3678 Remigium
591 3599 738 3661 dicentem
762 3603 818 3661 sic:
842 3601 950 3662 Zeuma
974 3611 1019 3662 est
1040 3599 1194 3662 conclusio
1217 3600 1294 3662 idest
1314 3602 1485 3663 coniunctio

193 3709 223 3760 et
245 3701 354 3762 dicitur
376 3703 480 3778 figura,
505 3701 623 3779 quando
646 3702 736 3763 inuita
760 3702 939 3783 deponentia
972 3722 1030 3763 uuo
1060 3701 1153 3763 uerbo
1183 3702 1230 3763 uel
1259 3720 1317 3764 una
1338 3704 1484 3764 sententia

193 3801 379 3865 clauduntur.
397 3836 439 3850 —-
455 3802 594 3865 Preterea
618 3804 689 3865 dicit
703 3804 905 3883 Remigius:
929 3804 996 3866 ideo
1018 3806 1050 3864 iit
1072 3806 1182 3865 uiciosa
1199 3803 1275 3883 (scri.
1292 3803 1484 3884 cacosynthe-

196 3914 245 3964 ton
265 3907 378 3985 fipura)
407 3909 474 3984 quia
502 3904 614 3967 seilicet
642 3905 753 3974 littera,
784 3923 841 3983 que
869 3925 945 3986 pene
975 3924 1028 3985 pro
1057 3905 1160 3967 siliaba
1183 3907 1343 3985 accipitur,
1371 3907 1402 3966 in
1425 3907 1484 3968 tine

191 4008 311 4086 ponitur
334 4008 496 4087 dictionis),
526 4011 586 4070 duo
608 4007 707 4085 primi
729 4026 749 4066 a
771 4007 851 4069 libro
874 4007 1060 4069 Einst'dlensi
1081 4007 1260 4085 discrepant
1282 4009 1327 4084 (p.
1353 4014 1421 4082 267,
1448 4015 1484 4067 15

191 4118 220 4169 et
237 4128 272 4186 p.
299 4117 364 4184 269,
393 4115 453 4191 to),
477 4110 587 4182 tertias
606 4110 638 4171 in
660 4128 698 4169 ea
720 4128 799 4187 quoe
820 4119 943 4171 seruato
965 4118 1008 4170 est
1025 4119 1119 4186 porte
1144 4127 1205 4170 non
1227 4119 1320 4171 extat.

274 4224 314 4290 'In
335 4232 395 4290 nac
417 4248 535 4306 quoque
557 4236 651 4307 parte
677 4228 834 4291 commenti
856 4228 1022 4290 Beruenses
1050 4230 1118 4291 eod.
1143 4236 1201 4290 386
1220 4227 1339 4306 prioris
1361 4228 1483 4291 cumdio

190 4331 307 4406 aliquot
328 4332 388 4394 toci
411 4335 575 4392 inlustrari
590 4340 744 4408 poterant,
769 4334 858 4407 unde,
882 4340 915 4392 ut
935 4333 1008 4391 libri
1029 4329 1231 4393 Einsidtensis
1251 4334 1398 4393 lacunosa
1413 4349 1482 4393 con-

191 4432 274 4494 dicio
297 4433 486 4509 aliquantum
508 4443 718 4512 repararetur,
743 4435 818 4495 naec
839 4433 965 4512 insuper
986 4432 1143 4510 excerpsi:

276 4553 296 4611 i.
322 4548 380 4612 18Β
409 4553 503 4624 (Bon.
531 4571 562 4629 p.
589 4560 657 4628 392,
685 4558 717 4628 5)
747 4552 955 4615 Barbarismus
984 4553 1092 4614 dicitur
1125 4571 1141 4613 a
1171 4552 1305 4614 barbaris
1333 4552 1482 4632 gentibus

192 4654 260 4713 dum
290 4656 369 4714 enim
398 4654 522 4715 Romani
551 4663 643 4715 totum
672 4657 774 4716 orbem
803 4658 833 4715 in
861 4674 914 4716 sua
941 4654 1054 4717 ditione
1083 4666 1234 4725 tenerent,
1269 4655 1411 4737 quosdam
1444 4654 1482 4715 de

191 4752 317 4815 diuersis
345 4756 479 4835 partibus
507 4756 631 4816 Romam
661 4759 764 4816 uenire
798 4759 945 4826 iecerunt,
981 4766 1012 4819 ut
1039 4757 1081 4817 ibi
1109 4757 1294 4819 Latinitatem
1324 4756 1481 4827 discerent.

191 4858 328 4933 quatinus
350 4859 406 4938 ipsi
427 4878 494 4919 cum
518 4858 658 4918 Romanis
681 4866 711 4916 et
732 4856 857 4919 Romani
880 4878 947 4920 cum
970 4859 1031 4921 iilis
1053 4859 1134 4938 loqui
1150 4870 1281 4939 possent.
1319 4857 1364 4918 lili
1380 4868 1481 4921 autem
