3382 5476
339 391 427 438 xxvi
751 374 800 423 DE
820 373 941 425 LlBRlS
959 371 1217 424 BERNENSIBVS.

341 567 423 625 scribi
452 573 563 642 potest,
598 564 749 624 inlitterata
777 573 835 638 est,
869 581 939 639 quae
968 563 1050 623 scribi
1079 581 1133 621 non
1161 570 1263 639 potest.
1311 563 1500 632 Quaerendum
1527 572 1585 633 est,
1613 565 1636 619 si

340 660 437 727 potest
459 651 576 708 inueniri
600 648 664 723 (re)
686 667 741 708 uox
762 650 898 721 litterata,
925 666 996 724 quae
1017 649 1154 708 scribatur
1176 657 1204 706 ει
1225 665 1280 706 non
1301 646 1487 723 intellegatur.
1531 648 1637 718 Potest,

341 747 371 794 ut
402 753 499 809 croax,
528 751 596 792 scra.
641 734 674 791 Et
701 737 800 792 iterum
829 736 1013 809 quaerendum
1041 744 1099 808 est,
1128 735 1152 789 si
1181 736 1270 808 possit
1297 734 1413 790 inueniri
1437 732 1501 804 (re)
1523 750 1575 790 uox
1598 735 1637 790 in-

343 821 483 894 litterata,
517 837 587 895 quae
615 836 670 877 non
698 819 834 877 scribatur
860 829 887 876 et
917 829 1004 877 tamen
1034 818 1221 893 intellegatur:
1255 827 1286 876 ut
1313 818 1410 875 sibilus
1444 818 1581 875 bominum
1609 827 1638 875 ει

341 907 460 978 gemitus
487 913 517 962 ει
544 913 670 963 ructatus
698 905 836 980 (ruptatus
863 905 954 978 cod),
984 906 1047 981 quia
1075 912 1103 959 et
1131 920 1181 978 per
1208 902 1305 961 sibilus
1336 903 1428 962 cantio
1457 901 1637 978 intellegitur,

341 1009 391 1067 per
412 990 532 1066 gemitus
555 989 644 1062 dolor,
666 1006 716 1066 per
738 998 875 1048 ructatum
897 989 996 1064 (rupi-J
1019 991 1123 1047 uentris
1145 985 1251 1062 (uentri)
1273 990 1392 1045 emissio.

426 1153 439 1239 )Ι
456 1160 475 1216 l.
494 1153 578 1217 116¹>
595 1153 608 1238 ΙΙ
632 1159 707 1217 Scire
728 1161 869 1235 cupimus,
902 1159 1055 1235 ‘Puplipor'
1079 1158 1201 1234 (puplior
1222 1157 1295 1229 eod.)
1323 1174 1392 1232 quae
1419 1176 1482 1232 pars
1505 1158 1638 1216 orationis

341 1254 393 1303 est.
423 1246 527 1302 llomen
543 1254 593 1303 εει.
623 1243 690 1313 Quis
705 1245 820 1303 modus?
848 1244 1026 1319 Conpositum
1049 1253 1092 1301 est
1113 1251 1142 1300 et
1163 1259 1194 1300 ex
1216 1242 1323 1300 duobus
1338 1245 1506 1317 conponitur
1521 1239 1638 1318 (coupod

341 1339 455 1388 est.ex
484 1328 590 1387 duobus
621 1332 734 1403 ponitur
754 1329 837 1402 cod).
881 1330 1043 1399 Quomodo?
1086 1328 1232 1402 APuplio
1255 1337 1282 1383 ει
1305 1344 1401 1402 puero.
1445 1326 1586 1395 Quomodo
1609 1328 1639 1384 snt

341 1415 488 1488 genetiuus
511 1415 587 1471 eius?
628 1414 820 1490 ‘l‘upliporis',
842 1414 895 1473 hoc
917 1422 960 1471 est
980 1414 1069 1488 Puplii
1091 1413 1170 1488 pueri
1192 1411 1273 1487 (puer
1293 1412 1376 1484 cod).
1422 1412 1466 1470 Sic
1487 1411 1639 1470 declinatur

340 1510 368 1557 et
389 1499 541 1574 llarcipor,
569 1499 639 1556 idest
666 1499 748 1556 ldarci
776 1516 854 1573 puer.
899 1499 952 1556 Sed
976 1497 1090 1556 ‘llarci'
1115 1498 1182 1565 (mar
1203 1497 1277 1569 eod.)
1307 1498 1442 1570 integrum
1465 1507 1523 1570 est,
1551 1496 1636 1572 ‘por'

340 1593 500 1659 corruptum
523 1583 706 1658 (correptum)
730 1593 787 1656 εει,
810 1585 862 1643 hoc
884 1593 926 1641 εει
948 1600 980 1640 ex
1003 1586 1111 1658 integro
1132 1591 1161 1640 et
1175 1591 1317 1656 corrupto.
1362 1581 1458 1639 ‘bdor’
1483 1600 1553 1656 quae
1574 1600 1639 1656 pars

340 1669 474 1727 orationis
495 1670 557 1726 est?
603 1667 706 1725 Nomen
730 1677 780 1725 εει.
826 1673 922 1743 Aqua
944 1677 1022 1744 parte
1045 1669 1177 1725 orationis
1199 1666 1351 1724 diriuatnr?
1394 1666 1541 1739 Auerbo,
1564 1667 1637 1741 quod

341 1765 385 1811 est
408 1752 529 1811 ‘adoro'.
573 1751 718 1820 Quomodo
741 1753 772 1810 lit
793 1754 939 1827 genetiuus
961 1754 1040 1811 eius?
1063 1751 1197 1823 ‘Adonis',
1220 1752 1267 1808 sed
1290 1753 1317 1807 in
1341 1768 1392 1808 usu
1414 1751 1468 1822 (usi
1490 1751 1563 1824 cod.)
1585 1750 1638 1808 ire·

341 1840 436 1914 quenti
459 1846 589 1895 nonest.
634 1837 731 1895 ‘Adon’
753 1839 913 1912 productam
936 1855 953 1895 o
977 1838 1058 1895 laabet
1080 1854 1113 1894 an
1136 1838 1307 1911 correptam?
1343 1836 1515 1894 Produetam.
1550 1835 1639 1904 Quare

338 1923 518 1998 productam?
540 1920 617 1989 Quod
639 1940 655 1978 a
677 1921 763 1979 uerbo
785 1918 930 1994 dininatur,
953 1923 1026 1997 quod
1049 1922 1177 1997 producit
1199 1938 1231 1994 o,
1253 1938 1308 1980 noo
1330 1921 1423 1978 debuit
1446 1920 1535 1978 ‘ador'
1559 1922 1640 1978 aliter

340 2007 457 2080 babere,
480 2024 561 2082 qnam
584 2007 708 2079 uerbum,
730 2024 744 2063 a
768 2010 828 2080 quo‘
845 2007 991 2079 diriuatnr,
1015 2015 1046 2062 nt
1069 2006 1262 2080 Vergilius:

746 2090 873 2149 adorea
896 2091 967 2149 liba
990 2107 1051 2167 per
1074 2091 1212 2156 herbam

338 2179 420 2248 (Aen.
452 2176 512 2234 Vll
534 2180 604 2248 109,
627 2175 719 2233 erbam
741 2177 823 2249 cod).
866 2176 1016 2234 Possumus
1039 2177 1129 2234 dicere
1152 2174 1310 2251 ‘pueram’,
1333 2178 1405 2234 sicut
1426 2175 1587 2250 ‘puerum',
1611 2187 1639 2233 et

339 2260 497 2338 ‘puellum’,
521 2261 592 2318 sicut
614 2259 755 2336 ‘puellam’
780 2278 813 2319 an
837 2263 910 2320 non?
932 2264 1090 2319 Possumus.
1135 2262 1208 2319 Vnde
1230 2260 1378 2336 probabis?
1414 2261 1536 2318 liuius
1558 2261 1637 2318 dicit:

724 2390 729 2398 .
801 2347 989 2404 Puerarnm
1012 2347 1176 2403 manibus
1219 2373 1226 2390 ·
1492 2411 1499 2418 ‚

339 2429 433 2507 (libius
454 2432 529 2504 eod,
551 2431 591 2504 cf.
615 2431 709 2488 Prisc.
732 2430 750 2487 1
766 2449 798 2504 p.
825 2436 889 2498 231,
915 2436 951 2488 12
971 2432 1034 2511 Η.)
1078 2431 1223 2489 Plautus
1246 2432 1311 2488 dicit
1334 2430 1501 2488 Geminis:

661 2515 761 2574 llolet
783 2517 927 2591 puellus
950 2533 1028 2574 sese
1050 2534 1172 2574 uenum
1195 2517 1316 2582 ducier

339 2600 467 2677 (gemini,
488 2601 530 2674 cf.
554 2601 648 2659 Prisc.
671 2600 691 2656 1
704 2618 737 2675 p.
762 2605 827 2680 231,
853 2601 909 2673 22).
953 2601 1114 2659 lucilius
1136 2601 1187 2658 ait:
1217 2610 1221 2617 '

459 2688 610 2761 Cunoque
632 2687 687 2743 bic
710 2694 774 2742 tam
797 2687 975 2743 iormosus
998 2688 1095 2745 homo
1120 2695 1200 2761 apte
1222 2685 1350 2759 dignus
1372 2685 1517 2761 puellus

338 2772 386 2845 (cf.
409 2771 502 2829 Prisc.
526 2770 546 2828 1
559 2787 593 2842 p.
618 2774 684 2842 232,
710 2769 745 2841 1).
788 2771 865 2828 Scire
887 2771 1032 2843 debemus,
1055 2788 1125 2845 quae
1148 2778 1212 2827 sunt
1234 2770 1378 2828 collectiua
1401 2773 1518 2828 nomina.
1563 2770 1637 2840 Quae

337 2857 469 2931 singulari
493 2872 608 2912 numero
630 2853 831 2912 multitudinem
854 2855 1022 2929 significant,
1046 2865 1076 2913 ut
1098 2855 1218 2930 populus
1240 2854 1317 2929 plebs
1332 2873 1398 2929 grex
1413 2872 1482 2930 gens
1497 2866 1524 2912 ει
1540 2857 1636 2914 luorum

338 2940 445 2998 similia.
482 2939 556 3007 Quae
579 2948 645 2997 sunt
665 2939 765 2995 diuidia
788 2940 915 2997 nomina?
948 2940 1052 2996 llinidia
1074 2940 1212 3012 dicuntur,
1236 2957 1304 3015 quae
1327 2940 1434 2999 duobus
1457 2940 1501 2998 uel
1524 2939 1637 3016 amplio-

338 3024 416 3083 ribus
438 3024 471 3082 ad
495 3023 622 3098 singulos
644 3023 712 3096 (us)
734 3023 836 3082 habent
858 3024 1035 3096 relationem,
1058 3025 1102 3083 uel
1126 3024 1218 3100 plures
1242 3027 1268 3081 in
1291 3042 1421 3083 numeros
1444 3015 1523 3102 pares
1545 3026 1637 3083 distri·

340 3111 432 3178 butos,
455 3118 486 3166 ut
508 3117 624 3182 uterquc
646 3108 789 3182 alteruter,
812 3117 842 3167 ut
865 3109 966 3184 singuli
989 3111 1034 3168 uel
1059 3112 1127 3168 terni
1150 3111 1268 3168 centeni.
1313 3111 1437 3169 'lraotiua
1460 3112 1636 3186 quaesunt?

337 3193 411 3263 Quae
439 3196 466 3251 in
495 3193 618 3251 diuersas
640 3194 711 3266 (sis)
739 3195 845 3269 species
874 3205 992 3269 possunt
1020 3196 1121 3268 diuidi,
1151 3195 1306 3253 ut·auimal
1334 3195 1416 3253 arbor
1444 3194 1532 3268 (albor
1553 3195 1636 3268 cod).

339 3279 471 3354 specialia
500 3295 569 3353 quae
599 3280 681 3336 sunt?
724 3279 797 3348 Quae
819 3297 834 3336 a
856 3295 956 3353 genere
978 3281 1155 3354 diuiduntur,
1179 3290 1210 3339 ut
1232 3282 1314 3339 bomo
1337 3297 1424 3355 equus
1447 3281 1511 3337 uitis
1535 3281 1636 3338 lanrrrs.

337 3448 497 3506 Absolutiua
525 3465 595 3523 qnae
624 3449 707 3505 sunt?
750 3447 824 3517 Quae
852 3466 901 3524 per
929 3469 959 3508 se
981 3410 1181 3524 intelleguntur
1204 3459 1231 3508 et
1255 3458 1309 3508 non
1332 3460 1414 3524 egent
1436 3451 1550 3509 alterius
1572 3467 1637 3509 oon·

339 3535 478 3593 iunctione
499 3533 633 3606 nominis,
656 3542 686 3591 ιιι
708 3533 884 3592 ‘distractio’.
1012 3535 1015 3542 '

426 3700 640 3772 thef.117·
662 3701 700 3760 de
717 3664 909 3776 pronominis
929 3703 1007 3778 ‘epo'
1027 3666 1133 3776 sermo
1156 3711 1340 3782 tractantur,
1362 3706 1475 3780 similirr
1495 3707 1638 3779 leguntur

336 3803 422 3878 opud
442 3803 563 3862 Petrum
583 3805 814 3875 grammaticam
836 3801 926 3865 buiris
947 3802 1021 3865 libri
1037 3821 1072 3880 p.
1090 3813 1157 3877 115,
1184 3812 1233 3872 23,
1261 3806 1316 3864 sed
1336 3807 1395 3882 itu,
1424 3815 1456 3867 ut
1479 3813 1638 3882 utrumqne

337 3911 491 3964 auctorem
514 3907 595 3964 inter
614 3921 646 3963 se
668 3904 815 3976 conferre
836 3923 897 3966 non
918 3907 1033 3966 nuliius
1053 3908 1093 3966 sit
1109 3909 1218 3982 pretii:

422 4024 480 4081 lloc
501 4026 571 4081 scire
594 4025 740 4096 debemus,
763 4043 846 4101 quare
870 4023 1020 4101 Grla)ecnm
1045 4044 1211 4102 pronomen,
1234 4028 1306 4102 quod
1323 4036 1366 4084 εει
1381 4027 1469 4103 ‘ego',
1492 4029 1636 4086 adductum

310 4112 384 4188 'cst'
401 4109 428 4164 iu
451 4109 545 4166 latina
567 4110 677 4184 regula,
700 4127 761 4168 curn
783 4112 920 4189 potuisset
943 4109 1009 4168 illud
1033 4113 1151 4184 seruari,
1179 4113 1252 4187 quod
1275 4121 1341 4186 aput
1364 4114 1636 4188 antiquissimos

336 4196 643 4267 grammaticorum
666 4196 728 4252 luit.
762 4196 821 4254 llon
837 4197 907 4252 enim
924 4195 1000 4270 ‘ego'
1019 4198 1080 4268 init,
1096 4197 1143 4254 sed
1159 4196 1247 4253 ‘met'.
1278 4197 1311 4254 Et
1327 4199 1465 4256 sciendum
1482 4207 1535 4269 est,
1552 4216 1637 4272 quare

337 4287 391 4335 met
407 4280 559 4354 proiectum
575 4288 618 4336 est
634 4289 661 4337 et
676 4282 796 4354 positum
812 4289 855 4337 est
870 4279 931 4338 loco
947 4281 1007 4339 cius
1023 4281 1111 4355 ‘ego'3
1133 4283 1195 4339 ideo
1210 4282 1250 4339 sic
1265 4283 1365 4340 iactum
1382 4291 1434 4354 est,
1453 4284 1526 4357 quod
1543 4283 1636 4341 uiden·

337 4372 377 4420 tcs
405 4365 544 4438 posteri
567 4367 802 4440 grammatici,
832 4366 904 4440 quod
927 4366 994 4424 haec
1015 4384 1095 4442 pars,
1125 4367 1196 4424 idest
1218 4365 1321 4441 ‘met',
1351 4368 1383 4424 ab
1406 4383 1431 4423 m
1455 4367 1586 4425 inchoans
1609 4376 1637 4425 et

336 4449 361 4505 in
387 4458 397 4504 t
419 4448 545 4505 desinens
569 4449 690 4524 regulam
713 4448 771 4507 sola
794 4453 937 4508 continere
960 4468 1014 4509 nou
1038 4453 1191 4527 potuisset,
1221 4452 1384 4529 expulerunt
1408 4451 1486 4510 ‘met’
1511 4452 1635 4511 Latinum
1666 4483 1671 4492 =

336 4550 485 4609 pronomen
509 4543 536 4590 et
559 4544 712 4608 posuerunt
734 4534 823 4608 ‘ego',
846 4535 919 4609 quod
942 4546 986 4594 εει
1008 4532 1177 4609 Grla)ecum,
1200 4554 1250 4612 per
1272 4539 1392 4612 reliquos
1415 4532 1495 4595 casus
1517 4538 1635 4596 declina·

336 4620 437 4676 tionem
459 4619 602 4694 pristinam
625 4628 805 4677 reseruantes.
1567 4621 1576 4634 ⁶

423 4734 505 4806 Qnoc
525 4737 554 4798 si
572 4753 639 4797 cum
663 4736 752 4796 Petro
772 4736 928 4811 conserus,
953 4738 1078 4816 uidebis,
1094 4740 1217 4800 Petram
1240 4739 1279 4799 ab
1301 4739 1390 4800 buius
1412 4743 1489 4801 ortes
1509 4749 1637 4801 anctore

336 4843 421 4897 certe
442 4853 502 4898 non
518 4838 683 4901 adhibitum
702 4837 817 4913 sitisse:
838 4837 919 4903 ittnd
932 4855 1008 4904 nero
1021 4857 1081 4901 non
1097 4843 1141 4902 ito
1156 4843 1305 4903 audenter
1317 4842 1509 4919 contendam,
1524 4850 1636 4903 contro
