3382 5476
621 401 768 455 CODIOIS
786 402 990 457 uuuuuusis
1008 407 1050 456 83.
1423 405 1481 468 181

190 592 279 652 trabit
301 600 330 652 et
352 591 560 660 indicatiuum,
584 599 631 651 ut:
655 591 693 651 ‘si
716 590 844 651 mundus
866 609 920 652 uos
941 590 1023 662 odit',
1040 599 1082 652 ct:
1107 593 1144 653 ‘si
1159 610 1206 653 me
1221 595 1375 671 prosecuti
1390 596 1481 662 suut',

189 702 232 753 et:
257 693 298 752 ‘si
321 711 489 753 sermonem
513 710 611 753 meum
634 696 861 762 seruauerunt',
886 700 928 754 et:
958 693 1001 754 ‘si
1023 692 1147 772 diligitis
1170 712 1232 762 me,
1256 694 1394 755 mandata
1415 712 1482 755 mea

187 795 281 855 sunt’.
319 793 400 853 Vnde
424 793 501 872 quod
525 795 554 854 in
578 811 635 854 una
658 792 767 855 dicitur
790 795 997 856 translatione:
1026 796 1063 855 ‘si
1078 796 1250 872 iniquitates
1272 793 1483 855 obseruaueris

188 895 333 964 Domine,
357 897 388 955 in
410 896 465 956 alia
489 895 611 956 dicitur:
640 898 677 956 ‘si
701 896 869 975 iniquitates
891 893 1084 958 obseruabis’.
1131 895 1207 955 llinc
1229 897 1259 955 in
1283 914 1340 957 una
1362 913 1482 977 quoque

159 997 332 1057 asententia
357 1015 578 1074 nonnumquam
601 1004 759 1078 utrumque
782 999 940 1077 reperitur,
964 1005 1011 1058 ut:
1036 998 1071 1057 ‘si
1095 997 1169 1057 haec
1184 999 1263 1065 sitis,
1287 997 1364 1060 beati
1388 999 1480 1069 eritis,

186 1201 212 1260 si
236 1199 312 1269 sitit,
337 1206 437 1278 potum
460 1199 496 1260 da
519 1200 579 1260 illi’
603 1208 659 1261 etc.
682 1233 725 1244 -
754 1200 786 1261 ld
814 1219 933 1281 quoque
962 1205 1133 1279 frequenter
1161 1202 1311 1280 reperitur
1332 1201 1362 1261 in
1385 1203 1482 1280 poetis

185 1300 384 1372 abundanter,
408 1310 455 1362 ut:
1125 1297 1128 1299 ’

389 1404 424 1464 Si
448 1403 537 1463 deus
560 1411 616 1463 est
637 1405 779 1464 animus
802 1403 909 1465 nobis
931 1413 970 1467 ut
992 1407 1156 1466 carmina
1179 1404 1311 1465 dicunt

149 1520 173 1561 ro
187 1513 218 1565 et
392 1505 426 1565 Si
450 1504 538 1565 milri
562 1523 653 1585 quae
676 1524 787 1584 posco
810 1509 1037 1586 promittunt

154 1614 156 1620 '
185 1615 216 1666 et
389 1606 425 1666 Si
451 1597 605 1667 lratrom
627 1606 758 1667 Pollux
783 1607 932 1668 alterna
956 1616 1073 1668 morte
1095 1606 1256 1668 redemit

185 1716 215 1768 et
389 1707 424 1765 Si
448 1710 571 1785 potuit
592 1726 717 1769 manes
739 1727 937 1770 arcessere
960 1711 1133 1786 coniugis
1155 1708 1326 1788 Orpbeus

184 1817 215 1870 et
388 1808 511 1871 Odero
534 1812 565 1870 si
589 1817 735 1889 potero,
760 1811 822 1871 sed
847 1830 916 1871 non
939 1813 1087 1871 inuitus
1109 1810 1247 1871 amabo.

185 1960 345 2022 Sciendum
369 1970 414 2021 est
437 1969 549 2031 tamen,
574 1962 651 2041 quod
674 1963 873 2024 Prisciano
898 1971 1023 2024 testante
1047 1974 1118 2024 tunc
1140 1964 1190 2024 ‘si’
1208 1965 1333 2023 maxime
1356 1965 1476 2023 coniun-

146 2063 263 2140 ugitur
295 2065 499 2134 coniunctiuo,
534 2063 652 2143 quando
682 2065 834 2142 profertur
861 2063 1043 2134 dubitatiue,
1076 2073 1146 2125 tunc
1177 2072 1275 2124 autern
1304 2064 1477 2133 indicatiuo,

182 2163 300 2245 quando
322 2165 535 2225 confirmatiue.
580 2164 659 2225 ldem
684 2168 772 2226 etiam
794 2165 844 2226 ‘si’
868 2174 927 2235 est,
951 2165 1068 2245 quando
1091 2168 1212 2245 ponitur
1234 2184 1289 2245 pro
1310 2165 1405 2233 ‘non'‚
1430 2174 1476 2225 ut:

181 2266 221 2326 ‘si
244 2265 412 2326 introibunt
433 2269 464 2326 in
488 2268 621 2346 requiem
644 2269 764 2336 meam’,
788 2277 831 2328 et:
854 2268 890 2328 ‘si
913 2268 1005 2328 Dauid
1029 2269 1179 2337 mentiar’‚
1203 2276 1247 2328 et:
1272 2268 1308 2327 ‘si
1331 2268 1478 2328 introiero

181 2369 213 2427 io
237 2366 595 2457 tabernaculumdomus
617 2387 715 2436 meae,
745 2370 770 2427 si
794 2369 956 2429 ascendero
978 2368 1007 2427 in
1036 2369 1147 2428 lectum
1169 2370 1254 2428 strati
1277 2370 1353 2436 mei,
1377 2369 1402 2427 si
1426 2367 1478 2427 de·

182 2466 256 2528 dero
284 2486 420 2529 somnum
449 2469 542 2529 oculis
566 2471 656 2530 meis’
679 2477 725 2530 et:
749 2470 787 2529 ‘si
809 2468 974 2531 dimittetur
1001 2468 1087 2529 uobis
1114 2472 1257 2549 iniquitas
1284 2470 1358 2529 lraee
1381 2469 1477 2529 donec

141 2587 168 2627 ao
182 2571 378 2631 moriamiui’.
424 2570 548 2632 Ponitur
570 2589 686 2650 quoque
710 2568 788 2630 idem
811 2572 862 2631 ‘si’
878 2589 934 2649 pro
949 2572 1076 2645 utinam,
1101 2578 1133 2630 ut
1154 2578 1200 2631 est
1220 2568 1291 2630 illud
1308 2570 1475 2648 Virgilii:

384 2673 420 2733 Si
443 2691 538 2734 nuuc
561 2691 598 2732 se
622 2671 729 2732 nobis
752 2672 818 2733 ille
840 2689 974 2732 aureus
997 2669 1133 2757 arbore
1157 2689 1277 2731 ramus

383 2774 565 2835 Ostendat
586 2791 741 2834 nemore
765 2775 801 2834 in
825 2781 927 2833 tanto

182 2884 212 2936 et
234 2874 305 2936 illud
322 2876 514 2953 Gregorii:
538 2879 572 2935 ‘o
595 2876 623 2936 si
646 2893 778 2955 sapere
800 2873 836 2934 in
859 2874 987 2936 cordis
1010 2875 1133 2954 palato
1156 2876 1306 2955 possit'.
1351 2874 1477 2935 Ponitur

182 2979 270 3037 ctiam
293 2977 464 3056 irequenter
488 2987 517 3036 et
539 2996 593 3056 pro
617 2976 797 3056 ‘numquid’,
822 2984 853 3035 ut
875 2985 921 3037 est
943 2976 1029 3037 illud:
1043 2978 1096 3036 .‘si
1119 2975 1193 3037 baec
1216 2978 1255 3037 ita
1278 2995 1310 3037 se
1334 2974 1476 3036 babentl'

140 3197 167 3237 aa
268 3176 280 3261 ll
297 3181 317 3240 l.
331 3177 384 3241 11¹³
401 3177 415 3260 ΙΙ
439 3181 492 3240 ‘lle
517 3179 692 3259 profundis,
716 3180 792 3241 idest
813 3180 850 3240 tle
873 3179 1134 3258 profunditatibus.
1174 3178 1277 3240 Solent
1299 3181 1377 3239 euim
1400 3197 1474 3239 non·

182 3280 269 3351 nulli,
292 3283 557 3361 quotienscumque
580 3281 681 3360 legunt
704 3290 734 3342 et
755 3280 806 3341 ubi
828 3281 952 3342 audiunt
971 3283 1071 3343 neutri
1085 3282 1203 3360 generis
1219 3282 1347 3349 nomina,
1365 3295 1474 3360 super·

180 3383 254 3443 lluas
287 3392 317 3444 et
347 3386 465 3462 penitus
497 3385 692 3444 inconcinnas
725 3387 963 3460 incongruasque
1000 3382 1224 3444 subauditiones
1256 3381 1372 3450 dicere,
1407 3398 1473 3441 cum

180 3502 304 3562 prorsus
331 3486 360 3544 in
389 3486 553 3555 locutione,
582 3503 640 3565 qua
664 3503 718 3544 nos
740 3487 868 3554 utimur,
897 3465 952 3544 sub
976 3492 1082 3545 neutro
1104 3501 1215 3561 genere
1238 3481 1312 3542 nilril
1333 3480 1473 3542 subaudi·

180 3587 270 3646 tionis
293 3586 339 3647 uel
362 3585 448 3647 nobis
470 3586 516 3646 uel
540 3586 726 3648 auditoribus
750 3589 861 3648 nostris
884 3586 943 3647 ullo
967 3583 1055 3645 modo
1077 3583 1239 3645 debeamus
1267 3584 1417 3661 ingerere,
1440 3591 1474 3642 nt

140 3704 167 3745 ao
181 3693 240 3746 est:
262 3686 345 3765 ‘quid
369 3697 413 3748 est
436 3687 492 3749 boc
514 3687 592 3768 quod
615 3690 755 3766 cogitasl'
779 3697 835 3748 etc.

266 3885 279 3970 ll
296 3890 315 3954 l.
334 3886 391 3950 12³
409 3887 422 3971 ΙΙ
451 3892 643 3971 ‘Dispersio’
672 3892 790 3970 quidem
814 3899 845 3951 et
865 3891 1053 3969 ‘respersio'
1084 3887 1159 3948 bene
1187 3888 1339 3966 profertur
1361 3906 1416 3967 per
1439 3907 1472 3956 e;

179 3991 374 4071 ‘consparsio’
399 4001 497 4053 tamen
521 3995 613 4054 satius
635 4011 689 4072 per
711 4012 726 4053 a
749 3993 908 4072 profertur,
932 3993 1020 4052 sicuti
1042 3988 1188 4052 sciliceta
1204 3991 1326 4068 ‘patior’
1343 3996 1473 4049 mutatur

179 4093 365 4172 ‘nerneuor’‚
389 4103 489 4155 manet
512 4096 711 4174 ‘compatior’.
757 4094 806 4155 Sic
829 4096 927 4172 itaque
950 4093 1159 4170 ‘consparsio’,
1181 4092 1259 4150 sicut
1282 4093 1472 4169 ‘compassio’

181 4202 210 4254 et
232 4193 402 4273 ‘dispersio’
425 4198 489 4257 siue
512 4199 697 4277 ‘respersio',
720 4197 809 4258 sicuti
830 4195 1028 4276 ‘perpessio'.
1073 4189 1137 4250 Non
1162 4191 1309 4269 excipitur
1331 4209 1346 4250 a
1371 4191 1472 4269 ‘lego'
1503 4189 1505 4192 ⁴

137 4311 165 4352 aa
179 4312 302 4357 seruans
324 4317 341 4356 e
362 4297 456 4358 solum
479 4298 613 4375 ‘relego',
636 4300 704 4378 quia
726 4296 834 4358 dicitur
855 4294 990 4376 pariliter
1012 4312 1027 4353 a
1050 4291 1151 4368 ‘lego'
1174 4289 1303 4368 ‘delego’
1327 4292 1472 4371 ‘perlego’

179 4398 392 4477 ‘proptcrlego’
415 4398 550 4478 ‘selega'
573 4398 731 4478 ‘sublego'
754 4396 959 4475 ‘subterlego',
989 4412 1024 4454 ac
1045 4411 1100 4473 per
1122 4391 1179 4452 hoe
1202 4393 1259 4453 rite
1282 4391 1422 4454 similiter
1445 4399 1474 4453 et

246 4599 422 4666 2etr‘a·q')ei
437 4617 579 4651 serationem
658 4610 826 4650 seruauerunt
843 4610 867 4648 et
885 4615 900 4646 u
919 4594 973 4648 iet
990 4597 1012 4645 si
1099 4591 1221 4644 blieritia
1308 4593 1369 4644 usi
1390 4591 1471 4660 Deus]

178 4667 283 4718 Catonia
300 4669 359 4719 diat.
381 4670 429 4719 ll
499 4672 530 4720 10
548 4668 575 4719 Si
595 4665 669 4732 milri]
692 4668 769 4731 Verq.
788 4671 851 4719 Aen.
870 4665 915 4715 IX
932 4666 982 4713 194
1070 4663 1100 4710 ll
1120 4659 1148 4709 Si
1167 4657 1284 4724 fratrem]
1308 4663 1386 4725 Verg.
1405 4663 1473 4712 Aen,

181 4734 224 4785 VI
242 4738 291 4785 121
361 4739 392 4786 12
410 4735 437 4786 Si
456 4734 551 4802 potuit]
574 4738 652 4800 Verg.
672 4736 739 4785 Aen.
762 4735 804 4784 Vl
822 4737 870 4784 119
940 4733 971 4782 1³
990 4730 1012 4779 si
1032 4744 1081 4778 non
1101 4727 1277 4776 i·a·inuitus
1356 4731 1388 4779 14
1406 4729 1473 4779 Pris-

177 4800 263 4867 dano]
283 4804 318 4866 es.
337 4802 371 4853 11
387 4821 414 4869 p.
433 4806 493 4866 241,
505 4808 537 4855 1⁷
553 4820 607 4870 req.
627 4805 691 4864 249,
712 4806 796 4866 treq.
873 4801 905 4848 21
925 4797 953 4847 Si
972 4793 1051 4861 nunc]
1074 4796 1152 4858 Verq.
1174 4795 1240 4846 Aen.
1265 4794 1307 4843 VI
1324 4797 1374 4846 187
1442 4798 1475 4848 28

178 4870 241 4920 nihil
258 4869 323 4938 nihil
392 4876 424 4924 ab
441 4873 569 4943 mobeatur
