3382 5476
561 347 637 398 evm
655 348 861 410 uxenurrrs
879 350 1051 403 mumma.
1297 335 1301 341 ’
1319 367 1449 415 ccxxxi

157 536 198 598 [la
222 535 271 596 irbi
295 555 353 598 uon
376 536 528 616 liquescat.

283 622 367 683 Cum
391 620 555 682 suadens
578 620 731 683 coluber
754 624 917 702 proiecit
937 623 982 684 ab
1005 642 1069 686 ore
1092 643 1284 686 uenenum.

158 706 196 767 lla
221 706 272 767 nbi
295 726 313 766 n
337 706 486 786 liquescat.
693 704 697 713 '

283 791 544 870 Piscosamque
566 791 707 853 Cnidon
737 793 1006 873 grauidamque
1027 793 1254 855 Amathunta
1284 796 1445 858 metallo.

128 875 213 944 used
236 886 307 955 aput
330 878 463 937 Graecos
484 877 557 936 haee
579 876 723 956 liquescit,
747 895 806 938 non
830 887 900 956 aput
923 896 987 939 nos.
1031 876 1073 938 Da
1096 878 1146 939 nbi
1168 897 1227 940 non
1250 878 1397 957 liquescit.

282 961 377 1022 llaec
400 969 563 1022 menstra
586 963 748 1023 incertis
770 969 913 1045 mutent
935 963 1008 1025 sibi
1031 972 1198 1043 tempera
1223 963 1324 1026 latis.

154 1046 194 1107 [la
218 1045 269 1107 ubi
291 1066 307 1106 r
328 1046 480 1126 liquescat.
722 1063 728 1073 ·
877 1064 883 1074 ·

281 1130 454 1192 Christus
477 1141 556 1193 erat
577 1133 694 1212 panis,
720 1131 893 1194 Christus
916 1141 1039 1213 petra,
1069 1133 1244 1196 Christus
1265 1136 1300 1196 in
1324 1136 1444 1199 nudis.

155 1216 196 1277 lla
217 1216 267 1277 nbi
290 1235 348 1277 nou
372 1215 522 1293 liquescat

115 1328 140 1367 ω
280 1301 441 1363 Roscida
464 1319 677 1381 purpureos
700 1319 832 1363 aurora
856 1303 1079 1365 ostenderat
1101 1312 1215 1366 ortus.

238 1472 279 1532 ba
303 1470 353 1531 ubi
377 1473 561 1551 superposita
584 1471 730 1551 liquescat
752 1473 804 1544 (ec.
825 1491 840 1533 e
861 1475 987 1549 littere).

281 1555 461 1617 Omnibus
483 1556 686 1619 sufiiciunt
707 1559 847 1618 sacrati
869 1558 1058 1619 commoda
1080 1556 1178 1619 fisci.

153 1641 195 1703 Ila
218 1641 268 1703 ubi
289 1641 452 1721 subposita.

281 1724 380 1795 Quae
403 1734 535 1807 petere
559 1735 719 1804 tangam,
743 1734 781 1788 tu
804 1726 893 1788 mihi
917 1726 1022 1805 leges
1044 1736 1140 1791 tene.

114 1941 139 1979 15
239 1915 279 1975 Er
303 1914 349 1974 his
372 1915 427 1986 (ec.
452 1916 489 1973 de
510 1916 611 1989 mutu)
634 1932 836 1993 superuacuae
858 1913 1077 1994 quibusdam
1101 1915 1240 1977 uidentur
1263 1917 1398 1995 inperitis
1420 1916 1440 1978 h

155 2008 184 2059 et
205 2018 233 2079 q.
273 2000 371 2070 Quare
394 1997 532 2059 dicuntur
554 2000 774 2078 superuacuae?
819 1999 875 2070 Ke,
899 2000 976 2080 qued
1000 2019 1056 2062 nee
1078 2000 1114 2061 ab
1138 2023 1154 2061 e
1176 2001 1272 2062 uocati
1294 2001 1443 2072 inchoent,

153 2086 230 2144 sient
251 2082 453 2152 seminocales‚
478 2101 533 2144 nec
556 2084 586 2143 in
609 2103 625 2143 e
649 2082 746 2145 uoeali
767 2083 921 2154 desinunt,
950 2088 1026 2147 sicut
1047 2094 1160 2154 mutae,
1190 2095 1220 2146 et
1247 2087 1313 2164 quia
1341 2088 1372 2146 in
1396 2105 1443 2147 ca·

154 2169 294 2229 lumniam
319 2171 451 2230 ueniunt.
496 2167 650 2240 Quomodo
674 2171 795 2231 ueniunt
816 2172 846 2230 in
870 2170 1066 2231 calumniam?
1110 2168 1183 2239 Quia
1211 2179 1242 2231 et
1262 2171 1358 2250 preli
1387 2190 1441 2251 po-

153 2254 234 2315 nitur
262 2273 279 2314 e
307 2262 336 2314 et
358 2273 412 2334 pro
436 2271 454 2331 q
478 2252 627 2322 similiter;
658 2263 687 2315 et
713 2273 767 2334 pro
791 2271 809 2332 q
838 2256 958 2332 ponitur
986 2274 1002 2316 c
1025 2263 1054 2315 et
1077 2274 1131 2335 pro
1153 2255 1186 2324 lr,
1216 2256 1267 2332 qni
1296 2257 1441 2328 nesciunt,

111 2340 289 2419 mqnotiens
311 2359 327 2399 a
351 2340 496 2417 sequitur,
526 2337 544 2398 Ιι
572 2337 699 2400 litteram
728 2338 969 2419 praeponendam
1000 2358 1079 2408 esse,
1109 2341 1245 2421 quotiens
1272 2358 1306 2409 n,
1336 2358 1390 2419 per
1413 2360 1441 2419 q,

152 2442 211 2485 nen
234 2442 288 2504 per
312 2422 544 2485 cscribeudnm.
590 2422 761 2493 Quomodo?
783 2421 889 2485 Multi
911 2424 1031 2503 inperiti
1054 2423 1199 2493 dicebant,
1223 2427 1442 2503 quotienscum-

152 2527 208 2589 que
230 2529 246 2571 a
270 2509 427 2569 subsecuta
449 2509 565 2582 luisset,
594 2516 626 2567 ut
655 2516 725 2587 puta
748 2510 871 2588 ‘caput’
895 2511 1024 2569 ‘castus’
1054 2509 1231 2577 ‘caminus’,
1260 2528 1320 2571 nou
1349 2529 1443 2589 pere

151 2594 342 2662 scriberetur,
366 2594 416 2654 sed
440 2611 493 2670 per
517 2593 544 2660 Ιι,
574 2592 692 2670 qnando
715 2595 815 2673 etqui
838 2592 953 2672 capitali
970 2593 1154 2673 plectebatur
1170 2595 1316 2654 sententia
1331 2597 1362 2656 in
1377 2597 1441 2674 ipso

152 2677 344 2759 professionis
372 2687 422 2739 aut
450 2677 552 2739 indicii
581 2676 726 2746 indiculo,
757 2677 775 2737 b
804 2676 931 2738 litteram
955 2679 1060 2739 maiori
1082 2697 1171 2739 mann
1192 2676 1379 2748 scribebant.
1409 2690 1441 2741 nt

109 2765 202 2844 25qui
224 2764 280 2824 hoe
302 2764 434 2837 uidisset,
458 2764 537 2842 ipsnt
560 2762 682 2823 haberet
702 2763 857 2829 indicium,
881 2762 958 2842 qued
982 2763 1101 2842 capitali
1123 2763 1228 2842 plexus
1250 2761 1351 2825 luisset
1372 2783 1440 2826 sen·

151 2850 252 2910 tentia.
297 2848 353 2908 Sed
378 2850 569 2917 mentiuntur,
593 2850 659 2927 quia
682 2847 778 2908 solum
800 2846 888 2907 mede
911 2846 1061 2908 Kalendae
1084 2857 1113 2907 et
1135 2846 1284 2927 Karthago
1307 2850 1365 2909 erit
1386 2867 1441 2929 per

151 2933 169 2992 k
192 2933 392 2995 scribendum.
432 2933 552 2993 Caetera
577 2951 649 2992 uero
671 2951 724 3012 per
747 2952 777 3002 e;
801 2931 938 2994 similiter
955 2942 983 2993 et
999 2935 1114 3011 quoties
1129 2952 1147 2993 u
1162 2932 1319 2994 subsecuta
1336 2933 1440 2997 luisset

152 3029 181 3079 et
203 3020 384 3096 praepositio
406 3017 496 3077 inierit
518 3036 603 3079 casus
626 3016 755 3085 ablatiui.
780 3026 905 3097 utputa
927 3020 952 3079 si
970 3018 1080 3079 dicam:
1104 3022 1183 3079 ‘cum
1206 3018 1327 3079 domine
1350 3024 1438 3090 meo’‚

151 3218 374 3254 nturut‘rvntrtns.

236 3276 272 3330 11
296 3275 430 3331 Julianus
455 3293 484 3347 p.
514 3279 545 3330 9.·
579 3276 612 3330 lla
647 3275 692 3331 nbi
726 3278 899 3351 superposita
933 3277 1073 3350 liquescat.
1124 3274 1265 3333 ‘Omnibus
1299 3277 1439 3334 sufficiunt

149 3371 250 3417 sacrata
272 3361 412 3417 commoda
436 3359 508 3417 lien!
547 3361 582 3417 lla
602 3364 752 3435 supposita.
791 3360 875 3428 ‘Quae
898 3370 995 3434 petere
1019 3371 1127 3434 tangam
1151 3359 1233 3417 tumia
1256 3361 1332 3434 leges
1355 3363 1438 3420 teue'

235 3445 273 3502 15
296 3445 429 3502 Iulianus
441 3463 470 3518 p.
488 3450 519 3501 9.-
542 3446 579 3502 Ex
602 3447 643 3501 bis
666 3462 849 3521 superuacuae
868 3447 995 3502 uidentur
1009 3446 1170 3521 quibusdam
1187 3447 1318 3520 imperitis
1334 3446 1351 3502 lr
1367 3456 1394 3504 et
1410 3465 1437 3522 q.

149 3530 236 3599 Quare
252 3531 379 3587 dicuntur
394 3532 599 3605 superuacuae?
636 3529 703 3597 Quia
725 3548 775 3589 nee
797 3531 830 3587 ab
853 3549 867 3585 e
889 3530 977 3588 uecali
1000 3531 1140 3603 inchoant,
1162 3533 1234 3588 sicut
1249 3532 1438 3604 seminecum,

149 3633 199 3672 nec
222 3617 249 3672 in
271 3633 286 3672 e
310 3614 396 3672 uecali
427 3617 570 3686 desinunt,
599 3618 670 3672 sient
698 3624 788 3672 mutae
816 3624 842 3671 et
870 3617 932 3689 quia
961 3617 987 3671 in
1015 3615 1175 3672 calumniam
1203 3618 1323 3673 ueniunt.
1366 3616 1439 3684 Quo·

149 3703 247 3758 merle?
291 3701 356 3768 Quia
380 3711 407 3757 et
430 3720 479 3775 pro
502 3702 517 3758 Ιι
541 3703 653 3776 ponitur
674 3718 689 3756 c
711 3708 738 3755 et
761 3717 810 3773 pre
833 3719 848 3757 e
870 3701 981 3773 ponitur
1002 3700 1033 3768 lr3
1060 3709 1087 3756 et
1110 3719 1160 3775 pro
1184 3720 1200 3775 q
1223 3704 1388 3776 penitere,
1411 3712 1439 3759 et

150 3805 198 3860 pre
221 3806 235 3842 e
258 3787 370 3860 ponitur
393 3804 419 3860 q.
463 3786 575 3855 Quidam
598 3786 733 3856 nesciunt,
755 3787 883 3860 quotiens
905 3802 919 3839 a
943 3786 1076 3857 seqnitur,
1099 3787 1116 3841 h
1138 3786 1245 3842 literam
1268 3803 1437 3861 praeponen-

149 3871 208 3926 dam
237 3888 310 3939 esse3
340 3875 448 3943 quoties
472 3890 505 3942 ιι,
533 3886 582 3945 per
604 3888 637 3944 q,
665 3888 718 3927 nen
744 3887 793 3944 per
815 3869 1038 3941 ascribendum,
1068 3872 1204 3944 quomodo
1232 3873 1348 3944 imperiti
1372 3873 1436 3946 (leq.

148 3955 307 4024 Quomodo?
330 3955 460 4029 Imperiti)
482 3956 621 4023 dicebant,
645 3964 674 4011 ut
697 3957 824 4030 quotiens
846 3972 861 4010 a
883 3954 1028 4012 subsecuta
1051 3954 1163 4026 luisset,
1186 3971 1234 4030 per
1257 3973 1272 4012 c
1293 3955 1439 4013 deberetur

149 4041 247 4109 scribi,
276 4051 306 4096 ut
328 4042 461 4111 Carthago
485 4042 621 4111 caminus,
652 4041 722 4096 umle
744 4049 772 4096 et
794 4040 841 4114 qul
865 4048 930 4097 tunc
951 4039 1057 4112 capitali
1080 4039 1269 4113 plectebantur
1291 4043 1436 4097 sententia.

148 4125 200 4181 Sed
223 4125 356 4182 Kalendae
378 4133 406 4180 et
429 4125 567 4199 Karthago
591 4134 694 4182 tantum
717 4124 850 4181 debentur
873 4143 921 4199 per
944 4125 961 4180 Ιι
984 4124 1075 4180 scribi.
1117 4125 1211 4182 Cetera
1234 4142 1283 4198 per
1306 4143 1328 4180 e.
1365 4125 1437 4193 Quo·

149 4212 220 4266 tiens
243 4228 270 4282 ιι,
293 4226 342 4284 per
364 4227 392 4283 q,
419 4228 472 4267 nen
495 4227 543 4284 per
565 4229 580 4267 c
603 4210 781 4267 scribendum.
826 4208 985 4277 Quomodo?
1029 4210 1124 4266 Dicunt
1146 4211 1244 4284 aliqui:
1269 4212 1396 4283 quotiens
1419 4228 1436 4266 n

148 4294 230 4351 inerit
253 4295 413 4365 subsecuta,
442 4311 489 4369 per
512 4313 529 4368 q
551 4295 633 4353 scribi
656 4296 750 4366 debet,
779 4304 808 4351 ut
831 4292 927 4370 ‘quum
949 4295 1073 4351 uenero'.
1116 4295 1168 4352 Sed
1191 4295 1299 4369 qnando
1323 4294 1436 4352 uerbum

148 4380 323 4436 subsecutum
347 4380 444 4450 tuerit,
467 4397 516 4453 per
538 4398 556 4454 q
579 4383 631 4436 erit
653 4383 799 4455 scriptum:
820 4380 928 4453 quande
951 4396 1048 4436 nemen
1072 4379 1199 4451 ablatiui,
1222 4395 1271 4454 per
1293 4397 1316 4436 c.

148 4578 256 4613 comere
274 4576 429 4612 annuerem
447 4564 497 4613 207
516 4578 663 4613 rauracus.

213 4631 345 4694 iguidon
397 4642 527 4679 amatuute
579 4631 658 4681 baed
676 4639 738 4695 aput
755 4630 801 4680 hee
818 4629 935 4692 liquescit
1001 4629 1164 4695 8Chrietus]
1184 4630 1435 4695 Sedubloppuech.

146 4699 299 4750 tlhltem.
324 4699 662 4763 mammaea.
733 4700 858 4749 19conr.
912 4713 992 4760 qem.
1044 4716 1124 4762 qom.
1169 4700 1290 4763 c,hom.
1358 4698 1436 4760 aeq,

146 4782 224 4818 eom.
309 4768 341 4816 22
359 4782 438 4819 aem
491 4782 568 4815 eom.
636 4768 669 4817 23
687 4765 702 4814 h
721 4782 768 4819 em.
821 4766 967 4817 flectebatur
1034 4770 1067 4818 25
1086 4767 1167 4817 bexus
1237 4769 1268 4815 et
1288 4767 1304 4814 b
1323 4783 1369 4816 orn.
1423 4781 1436 4814 e

147 4852 193 4886 Wl-
247 4852 261 4884 ll
281 4851 327 4888 om.
