3382 5476
797 1246 861 1328 V

308 1442 506 1542 PETRI
532 1442 967 1542 GRAMMATICI
992 1441 1356 1541 EXOERPTA.
1458 1579 1462 1588 ³

352 1868 445 1960 ἾῚΧΗοο
468 1887 559 1947 opus.
583 1867 689 1946 exiguo
712 1868 791 1946 quod
814 1870 912 1930 cernis
933 1827 1066 1938 tr'amite,
1090 1868 1193 1937 lector,

377 1962 487 2129 ἔψη
512 1969 617 2030 Petrus
639 1967 750 2030 domini
773 1970 842 2030 lecit
864 1987 966 2030 amore
988 1970 1045 2031 sui,

419 2072 529 2140 numa,
553 2087 629 2149 qnae
650 2089 809 2152 procerum
831 2071 937 2133 tribuit
957 2070 1110 2152 purganda
1134 2068 1282 2149 cylindro,

425 2171 536 2233 Ordine
558 2183 628 2234 sunt
649 2173 748 2234 forsan
773 2190 832 2234 non
855 2171 932 2233 bene
954 2172 1032 2234 dicta
1054 2189 1118 2233 suo.

382 2272 423 2332 Te
448 2272 562 2351 llagito,
585 2273 740 2355 precibus,
763 2273 874 2344 lector,
896 2275 922 2335 si
944 2274 1074 2335 llecteris
1096 2272 1175 2342 ullis,

423 2373 459 2434 Vt
480 2375 561 2436 dicas
583 2376 695 2438 clarus:
721 2375 823 2437 ‘Petne
846 2373 961 2436 miselle
983 2373 1076 2435 ualel’

381 2473 576 2555 Omnipotens
598 2477 736 2538 dominus
759 2476 833 2538 caeli
858 2485 1015 2554 terraeque
1037 2485 1154 2536 creator

423 2577 578 2639 Lectorem
601 2579 701 2640 loueat
722 2587 810 2639 nocte
832 2578 940 2656 dieque
962 2577 1059 2657 plum!

380 2746 434 2807 llic
455 2759 525 2809 sunt
546 2756 629 2828 prata
652 2744 742 2818 meis,
764 2749 790 2808 si
813 2745 924 2816 credis,
947 2745 1035 2826 plena
1057 2748 1181 2807 rosetis:

423 2848 513 2909 Sume
535 2867 620 2911 rosas
642 2849 794 2918 manibus,
819 2865 909 2927 carpe
930 2847 1060 2908 relectus
1082 2848 1152 2908 iter!

380 2948 438 3019 Oui
460 2952 555 3030 cupit.
579 2968 650 3012 ecce
673 2948 755 3011 bibat
777 2959 880 3011 nostro
903 2948 940 3009 de
962 2950 1079 3027 gurgite
1102 2947 1238 3028 lymphas

422 3053 623 3130 Vescaturque
645 3051 721 3113 cibis
743 3070 791 3113 me
814 3050 965 3113 tribuente
988 3049 1073 3111 iibri!

378 3152 499 3213 Desinat
520 3152 656 3215 infandas
678 3154 787 3215 mentis
808 3170 932 3215 seruare
954 3151 1109 3222 tenebras,

324 3253 333 3268 “
421 3253 544 3316 Desinat
566 3263 596 3316 et
618 3253 718 3317 uerbis
740 3254 818 3316 bella
839 3255 920 3314 ciere
941 3254 1018 3315 suls!

379 3355 522 3419 Pacificus
544 3364 660 3462 seruet,
683 3374 758 3434 quae
780 3363 878 3417 textus
900 3355 998 3416 littera
1021 3362 1184 3423 monstrat,

420 3457 484 3518 Rex
507 3460 646 3537 quoniam
668 3456 803 3519 Christus
825 3455 936 3536 paciler
957 3458 1022 3536 lpse
1045 3455 1110 3517 luit.

379 3557 504 3620 Sumere
527 3577 594 3620 nam
616 3558 706 3620 dores
728 3561 753 3619 si
776 3565 861 3620 torua
884 3556 981 3618 fronte
1002 3555 1148 3637 superbos

422 3660 463 3721 lle
486 3663 533 3723 bis
556 3669 720 3740 exspectet,
744 3660 842 3721 lessus
865 3657 900 3719 ad
923 3660 982 3719 ima
1004 3659 1090 3719 ruat!

380 3761 438 3822 lam
461 3765 500 3825 sit
522 3781 594 3825 uera
615 3762 709 3832 salus,
733 3763 791 3822 iam
813 3763 852 3822 sit
873 3760 1033 3822 concordia
1055 3769 1171 3835 sancta,

421 3863 482 3925 lam
507 3871 649 3925 resonent
670 3865 759 3925 castis
782 3860 874 3924 uerba
897 3861 981 3923 beata
1005 3860 1116 3923 modis!

243 4066 292 4117 DE
315 4065 571 4117 SIMILITVDINE
595 4066 735 4141 Potniai:
758 4065 946 4117 LITTERAE
969 4064 1106 4115 AETATI
1128 4063 1285 4114 HOMINIS
1307 4061 1383 4114 1100
1401 4061 1470 4113 EST

242 4150 451 4205 INEANTIAE.

259 4251 418 4312 Sciendum
447 4261 492 4312 est
519 4260 617 4314 autem
641 4254 689 4314 cui
712 4251 809 4314 littera
830 4253 934 4331 ,slmilis
956 4269 1021 4313 esse
1044 4250 1162 4312 uidetur
1185 4249 1231 4310 uel
1255 4266 1343 4328 quarn
1366 4247 1470 4308 simili·

175 4353 308 4415 tudinem
324 4352 424 4414 babet.
462 4353 572 4415 Littera
590 4355 699 4417 dicitur
721 4354 826 4417 similis
847 4370 912 4415 esse
934 4354 1048 4423 intanti,
1071 4352 1141 4432 qula
1162 4369 1217 4432 per
1239 4351 1338 4413 uarias
1359 4355 1471 4411 aetates

242 4557 300 4608 cod.
319 4556 399 4612 Rern.
417 4559 469 4608 522
485 4559 508 4620 s.
528 4554 587 4608 681‘.
609 4557 707 4608 Versus
724 4573 774 4608 non
790 4560 817 4608 in
834 4559 917 4623 initio,
935 4564 964 4606 at
979 4557 1038 4619 sere
1051 4557 1095 4619 m,
1112 4555 1161 4606 aed
1177 4556 1203 4604 lo
1216 4557 1269 4619 fine
1287 4553 1403 4617 opusculi
1418 4554 1471 4603 cot·

172 4627 252 4676 locati
267 4632 333 4677 aaut.
371 4664 386 4689 v
405 4641 427 4675 ν.
447 4627 459 4675 1
480 4627 574 4690 exigue
592 4626 661 4687 quod
679 4638 763 4675 certus
782 4625 906 4676 Sionem
923 4627 1000 4674 catal.
1012 4623 1178 4676 maerstem.
1196 4623 1213 4673 1
1222 4639 1250 4687 p.
1262 4623 1315 4671 m
1384 4622 1400 4668 3
1418 4634 1469 4681 qrro

172 4695 231 4747 cod.
283 4696 407 4757 procerim
425 4696 482 4750 cod.
535 4693 642 4743 cillndre
660 4695 718 4744 cod.
770 4686 938 4743 4beuedlcta
950 4692 1074 4744 Sionem
1142 4689 1311 4756 bpraecibns
1327 4688 1383 4737 cod
1439 4690 1469 4735 ll

172 4759 285 4828 ilmphas
303 4763 361 4812 eod.
432 4764 462 4811 l'l
481 4762 607 4827 superbus
626 4763 683 4812 rod.
1204 4770 1242 4810 tao

241 4829 296 4879 cod,
319 4829 398 4878 Bere.
417 4832 468 4878 522
486 4847 554 4882 coer.
573 4826 854 4891 1x-xfi1t-2b
922 4831 953 4879 21
974 4827 1115 4878 Ltt'rssttu
1169 4823 1300 4874 {numu
