3382 5476
706 345 959 399 GRAMMATICO.
1385 365 1475 414 (2va

183 541 268 593 suut:
292 535 407 600 aeio,
431 531 458 591 al
474 531 536 592 elil
553 532 581 592 ol
605 532 643 602 nl,
666 552 703 594 an
727 552 763 595 en
786 535 816 595 in
845 553 899 614 per
922 554 938 594 e
961 534 988 594 el
1011 555 1048 596 en
1072 553 1125 598 ens
1146 556 1227 619 eres
1242 546 1419 619 correptam,
1444 557 1476 600 es

184 653 240 704 ou,
263 653 296 694 ar
318 653 351 696 er
373 636 400 694 ir
422 651 456 692 or
478 652 529 702 ur,
561 654 593 694 as
615 653 646 696 es
668 636 694 695 is
715 653 749 695 os
771 655 815 706 us,
843 635 1025 715 productam,
1049 639 1119 698 item
1143 656 1188 708 ex,
1215 657 1269 719 per
1291 639 1312 699 il
1333 641 1363 699 in
1385 641 1412 699 is
1433 642 1475 716 ix,

182 754 220 796 ax
244 754 280 796 ex
302 738 332 796 ix
355 754 392 796 ox
413 754 463 804 ιιι,
486 752 521 796 ac
543 753 592 806 ec,
616 754 666 797 aes
688 741 814 808 ansuis,
842 756 896 817 por
918 757 936 799 o
957 738 986 799 ol
1009 758 1046 800 ou
1070 757 1105 799 or
1127 759 1161 801 os
1183 759 1229 811 ox,
1253 759 1306 820 per
1328 739 1358 800 ul
1382 760 1417 801 nr
1440 760 1475 802 us

182 837 227 899 als
249 837 295 898 alx
319 856 372 898 ans
394 854 442 898 ars
463 835 517 898 abs
538 857 590 899 arx
612 837 658 899 uls
680 858 736 901 anx
751 820 887 902 unx'uls
915 850 947 902 ut
974 859 1021 901 ux.
1065 840 1137 902 ltem
1166 843 1341 903 nominatiui
1368 845 1420 923 qui
1443 845 1473 905 iu

183 958 239 1001 ens
262 939 314 1001 ebs
336 957 388 1019 eps
416 957 466 1001 ers
495 959 579 1020 emps
605 941 667 1020 irps
694 944 740 1021 ips
762 880 914 1022 phslduas
936 951 1134 1004 consonantes
1157 944 1369 1015 terminantur,
1393 942 1475 1005 uelut

182 1059 240 1101 ons
261 1060 318 1102 uns
340 1061 393 1122 ops
415 1060 465 1103 ors
488 1042 559 1104 urbs
579 1041 643 1112 obs,
667 1044 697 1104 in
719 1044 759 1115 id,
781 1046 813 1105 in
840 1044 919 1106 llars
939 1044 1056 1116 lllartis,
1085 1043 1154 1105 lanx
1180 1043 1288 1114 lancis,
1320 1046 1475 1126 municeps

180 1144 214 1212 it,
238 1145 270 1205 in
293 1151 335 1213 ut,
358 1146 388 1204 in
410 1161 467 1214 arn,
490 1146 520 1205 in
535 1152 574 1216 et,
597 1147 628 1206 in
644 1145 693 1214 ud,
716 1148 747 1206 in
763 1148 811 1208 im.
840 1147 1012 1227 municipis,
1070 1144 1230 1225 neglegens
1280 1146 1472 1226 neglegentis,

840 1247 937 1309 biems
958 1246 1075 1316 hiemis,
1101 1249 1176 1310 etsi
1199 1249 1251 1329 qui
1272 1246 1321 1309 alii
1338 1251 1471 1311 nomina·

839 1350 892 1410 tiui
914 1357 991 1416 sunt,
1015 1350 1065 1430 qul
1087 1351 1118 1409 in
1142 1351 1249 1411 ceteris
1269 1349 1473 1413 declinationi·

838 1449 893 1511 bus
915 1448 1014 1511 locurn
1037 1469 1096 1512 uon
1120 1450 1240 1522 liabent,
1265 1454 1343 1514 tertii
1361 1453 1473 1516 ordinis

838 1561 935 1613 eruut.

178 1709 218 1770 II
231 1710 290 1768 Ars
302 1725 452 1786 anonymo
465 1705 629 1768 Beruenses
636 1725 669 1784 p.
683 1715 747 1782 138,
759 1714 811 1767 29:
835 1655 1038 1837 &glumas
1053 1672 1089 1732 β’
1116 1663 1181 1730 Μ’
1202 1665 1241 1715 2⁴
1264 1659 1345 1730 (cum
1368 1660 1470 1719 ‘mum'

221 1862 294 1922 ltem
328 1859 566 1921 Cominianus
600 1869 630 1920 et
662 1859 808 1921 Flauia·
878 1856 1047 1919 Pronomcn
1070 1865 1199 1939 estpars
1221 1861 1371 1932 orationis,
1395 1879 1470 1940 quae

177 1983 247 2025 nus
268 1980 434 2042 pronomen
451 1961 594 2023 definiunt
614 1963 669 2022 ita:
696 1962 808 2022 Prouo·
837 1960 930 2039 posita
959 1978 1013 2039 pro
1048 1961 1168 2021 nomine
1206 1963 1303 2022 minus
1339 1962 1468 2042 quidem,

176 2084 247 2127 men
270 2074 315 2126 est
336 2082 405 2146 pars
420 2064 571 2133 orationis,
595 2080 670 2140 quae
685 2080 740 2140 pro
755 2082 807 2124 no·
836 2078 930 2141 paene
953 2061 1031 2123 idern
1054 2069 1153 2123 tamen
1175 2064 1328 2143 significat.

176 2169 258 2229 rniue
290 2168 385 2248 posita
418 2167 517 2226 miuus
554 2163 673 2242 quidem
709 2165 833 2246 pleue‚·

144 2293 148 2301 ·
174 2269 256 2331 idem
279 2278 379 2329 tamen
402 2268 559 2347 significat.

217 2372 277 2432 III
319 2371 422 2432 codex
465 2367 711 2431 Carolimltenris
757 2377 810 2428 112

174 2471 381 2549 (Volsuinus)
414 2489 495 2533 saec.
529 2472 583 2531 IX
610 2471 639 2544 s.
670 2479 708 2530 71
743 2471 806 2544 (οΙ.

173 2575 257 2639 Keil.
280 2575 383 2636 Herm.
406 2575 475 2651 lp.
500 2579 588 2650 333).-

217 2678 276 2739 Seu
292 2695 356 2747 nos,
379 2684 412 2736 nt
433 2676 473 2736 ait
495 2674 713 2745 Flauianus,
738 2670 807 2736 coir·
877 2670 936 2731 Sed
960 2672 1099 2751 quoniam
1122 2679 1291 2733 contextum
1312 2671 1464 2734 declinati·

175 2788 285 2842 textam
295 2777 522 2839 declinationem
537 2775 675 2837 uolumus
688 2775 807 2843 habere,
834 2774 900 2834 onis
921 2772 1033 2834 lrabere
1054 2771 1212 2834 noluimus.

216 2883 290 2943 IIII
309 2877 435 2943 Scholia
456 2876 630 2941 Bernensio
652 2881 697 2939 od
716 2883 806 2957 Vero.

173 2987 241 3047 Eel.
272 2984 324 3058 VI,
351 2990 390 3042 62
405 3001 439 3059 p.
463 2989 520 3041 881
540 2982 588 3043 ed.
615 2980 745 3043 Tenem:

216 3087 355 3154 llusco,
385 3084 477 3145 herba
506 3102 581 3164 quae
604 3084 683 3144 circa
706 3085 806 3146 caudi·
874 3077 929 3140 llic
951 3097 1070 3140 muscus
1096 3079 1190 3140 herlla
1215 3083 1343 3160 quaein
1367 3083 1463 3160 parie-

172 3207 225 3252 ces
257 3186 398 3248 arborum
426 3186 571 3257 nascitur,
607 3183 684 3246 benc
712 3186 803 3257 olens,
832 3179 910 3243 tibus
938 3179 986 3242 uel
1015 3180 1176 3243 corticibus
1205 3180 1343 3244 arborum
1367 3187 1462 3247 nasci·

172 3289 222 3352 uel
244 3307 363 3350 muscus
385 3306 493 3349 nomen
521 3284 631 3348 herbae
657 3291 806 3350 nascentis
833 3291 880 3343 tur
903 3281 951 3344 uel
973 3283 1086 3343 haeret.

171 3395 203 3453 in
237 3392 348 3453 cortice
376 3387 422 3450 uel
451 3391 482 3449 iu
510 3390 636 3467 pariete,
672 3397 705 3449 ut
727 3390 805 3451 Fla·

172 3495 308 3556 uianus
329 3493 381 3553 ait.

962 2534 1120 2596 Charisius
1138 2554 1172 2612 p.
1199 2545 1263 2611 158,
1291 2546 1341 2597 12.·

975 2940 1132 3005 Charisius
1152 2961 1183 3020 p.
1209 2951 1255 3012 32,
1280 2952 1313 3004 2.-

221 3597 249 3658 V
274 3597 333 3656 Ars
354 3591 552 3655 Molsocltcni
577 3590 694 3654 codicis
714 3592 805 3654 Pori-

168 3696 234 3760 sini
250 3703 323 3757 1188
344 3714 424 3758 saec.
440 3697 492 3756 IX
512 3694 570 3769 (cs.
587 3692 685 3756 Keilii
695 3712 803 3771 propr.

168 3799 301 3874 Erlonp.
328 3805 403 3859 1888
420 3816 454 3875 p.
478 3805 512 3856 17
534 3815 578 3865 s.,·
603 3795 732 3858 Theroti
751 3815 804 3858 ex-

167 3909 279 3978 cerpto
305 3898 339 3962 in
366 3899 463 3961 le'lrro:
491 3896 646 3981 ‘Extraits
667 3900 720 3959 des
741 3917 804 3959 mo-

166 4000 313 4066 nnacrits’
339 4011 411 4064 tom.
435 4001 535 4062 XXII
555 4008 642 4076 part.
668 4007 686 4058 2
707 4017 742 4076 p.
768 4006 802 4078 4)

167 4124 211 4168 ex
232 4103 364 4182 epistula
384 4101 514 4165 Henrici
535 4101 633 4164 Keilii
654 4101 685 4163 d.
703 4103 805 4164 XXII
1044 4165 1051 4178 ,
1072 4164 1078 4176 ‚

165 4225 262 4270 mens.
284 4208 354 4268 ran.
379 4202 685 4267 croiacoccsun
711 4206 802 4265 aata:
954 4170 1112 4229 Olmii
1127 4184 1163 4244 1·
1189 4173 1254 4237 ²⁶l
1279 4174 1333 4226 ²⁴³

213 4309 262 4370 Sic
289 4320 320 4370 et
349 4307 405 4369 edo
433 4307 552 4369 ederam
575 4304 801 4386 plusquamper·
870 4306 996 4383 Finitina
1026 4304 1162 4364 instantis
1190 4301 1246 4363 edo
1273 4320 1305 4363 es
1328 4312 1374 4363 ost
1396 4304 1457 4363 edi-

165 4414 279 4475 lectum
301 4428 361 4472 non
384 4409 483 4480 habet,
506 4421 540 4470 ut
562 4408 800 4477 Consentius,
828 4428 892 4470 runs
920 4407 1005 4468 editis
1033 4405 1138 4474 edunt,
1172 4403 1224 4465 sed
1253 4412 1370 4465 ueteres
1401 4405 1456 4466 edo

165 4515 240 4576 licet
263 4512 462 4574 Flauianus
483 4511 570 4578 dieat,
828 4509 891 4572 edis
908 4509 983 4578 edlt;
1000 4507 1155 4589 inperleoti
1170 4506 1308 4574 edebam
1330 4509 1456 4586 perlecti

211 4632 337 4694 quocum
359 4612 512 4687 conseres,
536 4630 614 4689 quoe
635 4612 721 4689 opud
736 4613 799 4674 Cle·
826 4612 889 4681 edi;
912 4610 1192 4693 plusquamperfecti
1209 4608 1343 4676 ederam,
1364 4608 1455 4668 lutnrl

162 4706 292 4781 meacm
313 4716 434 4778 Scotum
461 4722 569 4777 emtore
596 4713 630 4776 in
651 4712 721 4790 ipsa
741 4712 798 4775 illo
826 4714 919 4776 edam.

161 4816 300 4900 epistula
320 4835 366 4879 me
387 4815 491 4881 docuit
518 4816 569 4878 uir
595 4813 798 4879 clarissimus:
