3382 5476
539 384 589 437 DE
607 384 797 438 FLAVIANO
817 381 1065 442 GRAMMATICO.
1335 394 1444 448 CLXIII

240 578 360 639 Ceteros
381 546 557 638 uero⁰locos
579 578 748 637 Geminiani
767 579 884 637 nomine
905 578 1062 651 adscripto
1084 593 1104 634 a
1124 578 1216 636 medii
1228 578 1300 634 aeui
1317 578 1444 650 scripto

146 682 237 742 rilrus
258 682 401 745 laudatos
422 681 466 739 ad
485 697 577 738 unum
600 696 699 739 omnes
721 679 759 738 H.
784 681 900 740 Kealius
921 695 1033 738 summo
1055 681 1123 738 iure
1150 679 1193 737 66
1220 680 1316 752 ipsum
1339 678 1445 736 Chari-

146 786 229 842 siurn
250 783 428 842 reuocauit:
455 798 525 839 nam
553 783 596 839 ad
618 781 822 840 Cominianum
845 797 905 839 non
934 777 996 840 nisi
1022 797 1140 854 paucas
1165 781 1334 855 particulas
1353 781 1446 854 perti·

147 900 226 943 nere
248 886 348 959 operis
369 880 546 943 0666666666
567 885 611 941 116
634 890 829 958 conparatas,
855 890 887 942 ut
909 885 941 942 in
963 883 1071 942 6111666
1089 880 1159 954 [666
1178 883 1267 941 66666
1288 898 1446 955 66666666-

148 988 250 1060 116666
283 994 444 1046 uersentur
477 982 682 1045 reconditiora
715 987 857 1045 66616166
884 987 1004 1044 omnino
1030 993 1185 1057 carentes,
1220 987 1282 1059 ipsc
1314 981 1448 1042 dilucide

148 1084 268 1147 monuit
288 1089 310 1146 l.
334 1089 355 1146 1.
374 1105 408 1162 p.
433 1086 491 1146 XL
500 1086 605 1146 VIIII.
651 1089 746 1146 Multo
768 1089 999 1167 ueroflmacima
1020 1104 1101 1163 pars
1121 1089 1255 1147 locorum
1279 1086 1450 1144 Cominiaai

149 1177 273 1248 nomine
294 1195 465 1248 natatoriam
489 1187 527 1245 66
548 1186 616 1263 ipsa
645 1189 782 1248 Clearisio
809 1205 868 1248 666
896 1188 1088 1261 Caniniano,
1118 1190 1171 1248 sed
1199 1196 1251 1247 aut
1273 1188 1450 1247 Palaemoni

150 1297 208 1349 aut
234 1291 313 1350 Iulio
341 1291 479 1350 Romano
506 1287 691 1350 tribuuntur.
743 1292 781 1348 Vt
808 1292 901 1364 666166
935 1291 974 1348 66
1005 1287 1094 1349 istius
1123 1290 1291 1349 Cominiani
1322 1292 1450 1349 nominis

151 1399 269 1450 natura
296 1393 432 1452 dubitari
457 1395 517 1451 iarn
546 1409 607 1451 non
630 1399 743 1467 potest,
772 1394 816 1451 ita
847 1391 1021 1465 quaeritur,
1053 1393 1158 1466 661666
1185 1389 1358 1452 rationibus
1385 1389 1451 1451 siue

149 1509 221 1552 6661
250 1493 390 1554 Charisia
418 1496 483 1554 siue
508 1511 575 1553 cum
610 1491 787 1553 Caniniano
804 1495 982 1569 ,6611666661
1009 1492 1182 1552 Flauianus
1215 1491 1448 1567 mammutium,

150 1612 240 1670 quem
263 1603 292 1655 et
313 1598 409 1671 ipsum
432 1599 538 1672 copias
566 1594 768 1655 Charisianus
794 1613 853 1672 pro
879 1599 940 1655 suis
967 1597 1125 1656 uenditare
1152 1597 1238 1671 apud
1262 1595 1356 1656 medii
1383 1597 1454 1655 aeui

151 1700 374 1771 prammaticos
395 1698 537 1757 uidemus.

689 1868 914 1876 -——-——-—

726 2015 808 2085 cap,
832 2017 878 2081 II.

480 2150 540 2215 DE
567 2150 792 2216 FLAVIANO
821 2151 1126 2218 GRAMMATICO.

242 2307 331 2369 11666
353 2305 554 2383 quaestionem
578 2325 598 2366 a
621 2306 723 2369 Keilia
751 2307 823 2369 olim
845 2309 947 2369 Herm.
971 2310 992 2369 I
1012 2328 1046 2387 p.
1071 2317 1128 2370 333
1152 2327 1217 2371 meo
1241 2307 1359 2370 iudicio
1375 2326 1449 2386 pro

147 2410 296 2489 llipatam
318 2409 479 2471 61616666
499 2417 739 2487 pertractarem,
764 2410 858 2471 mouit
879 2429 925 2470 me
946 2409 1045 2486 ipsius
1066 2409 1165 2472 Keilii
1186 2429 1284 2486 nuper
1306 2419 1373 2472 orta
1396 2413 1450 2472 du·

151 2511 263 2573 ditatio
282 2529 388 2588 propr.
413 2513 542 2586 Erlanp.
569 2518 645 2570 1366
662 2530 697 2587 p.
725 2520 760 2570 16
782 2520 854 2586 not„
874 2521 1037 2589 postquam
1060 2511 1215 2573 lucianus
1232 2514 1396 2573 Muellerus
1417 2512 1449 2572 in

152 2611 345 2674 Fleckeiseai
373 2612 534 2673 6661616666
565 2619 640 2672 1366
667 2629 700 2688 p.
724 2620 782 2672 661
810 2612 866 2674 6616
893 2612 1044 2673 Flauiani
1071 2613 1191 2674 nomiae
1218 2633 1277 2676 666
1307 2613 1449 2675 Flauium

152 2714 348 2792 Sosipatrum
370 2714 552 2788 Cliarisium,
575 2717 629 2774 sed
651 2713 836 2775 Flauianum
852 2715 944 2776 Pauli
959 2714 1093 2777 diaconi
1106 2725 1340 2794 praeceptorem
1354 2713 1450 2791 siani-

149 2816 248 2894 ficari
269 2814 367 2878 iussit.
411 2818 449 2877 In
477 2834 536 2892 666
564 2815 686 2878 Keilius
714 2816 760 2876 ita
782 2816 923 2877 Flauiam
951 2816 1142 2894 Sosipatrum
1166 2818 1314 2893 deseruit,
1340 2827 1387 2892 ut,
1412 2815 1451 2878 ‘si

154 2917 226 2996 6666
252 2921 301 2979 uel
326 2920 406 2979 11666
432 2916 533 2993 ipsum
561 2916 745 2978 Flauianum
779 2918 958 2994 magristrum
990 2919 1081 2980 Pauli
1109 2919 1242 2982 Diaconi
1274 2923 1324 2982 uel
1356 2918 1450 2980 alium

155 3022 306 3097 quendam
323 3018 505 3080 1166666666
522 3017 657 3080 Cltarisii
678 3019 772 3080 166666
794 3019 991 3097 excerpsisse'
1009 3030 1145 3097 putaret,
1169 3031 1330 3084 66666166
1352 3020 1451 3082 dictu-

154 3140 226 3183 rum
254 3140 316 3182 esse
344 3119 514 3197 6666116661.
557 3122 597 3180 At
623 3128 667 3180 est
695 3140 750 3183 cur
775 3120 941 3199 pristinam
970 3122 1067 3184 Keilii
1093 3122 1272 3185 sententiam
1300 3121 1450 3186 acerrime

155 3223 381 3297 defendendam
403 3241 466 3283 esse
482 3230 597 3300 putem.
643 3226 718 3282 Nam
740 3222 875 3300 primum
903 3221 1023 3300 quidem
1049 3228 1131 3301 6666
1153 3226 1318 3287 Muellerus
1333 3245 1369 3301 p.
1393 3231 1451 3285 561

154 3326 344 3398 confidenter
365 3323 411 3384 ait
434 3322 604 3386 Ciarisium
626 3342 686 3386 non
709 3324 771 3385 nisi
797 3343 851 3386 suo
876 3323 975 3400 ipsius
1003 3326 1123 3388 nornine
1143 3345 1260 3405 semper
1281 3324 1409 3388 laudari
1430 3343 1450 3384 a

151 3423 385 3505 posterioribus,
406 3424 522 3499 saluam
544 3434 605 3486 est:
628 3444 698 3486 narn
720 3426 794 3487 16616
816 3445 890 3487 6666
911 3445 960 3488 666
974 3436 1026 3501 661,
1052 3427 1226 3490 6661666666
1247 3447 1353 3490 nomen
1367 3427 1452 3488 illius

154 3532 226 3590 loco
246 3527 413 3589 sexcenties
439 3538 618 3603 usurpatum
642 3527 741 3601 fuisse
767 3529 811 3601 cs.
833 3546 940 3606 supra.
983 3529 1164 3591 ‘Charisius’
1195 3539 1293 3592 antem
1315 3528 1451 3592 nomina-

155 3640 210 3692 tur
237 3648 296 3691 666
324 3628 385 3690 nisi
413 3632 499 3707 apud
520 3628 711 3691 Priscianum
739 3639 768 3690 61
790 3631 942 3695 Reatinum.
992 3631 1054 3691 Sed
1081 3650 1160 3693 nunc
1187 3635 1225 3693 de
1249 3630 1452 3710 posteriorum

156 3743 328 3809 temporum
347 3730 560 3807 prantmaticis
582 3731 695 3806 666166,
720 3749 846 3808 quoram
869 3751 906 3792 ne
927 3734 966 3793 66
980 3752 1049 3815 Ι666
1070 3733 1190 3810 quidem
1207 3733 1378 3794 6666666666
1399 3752 1452 3794 suo

156 3831 281 3894 nomine
302 3831 468 3893 6616666166
488 3831 587 3904 fuisse
607 3832 727 3894 scimus.
766 3837 902 3895 Alterum
925 3818 1066 3896 Muelleri
1083 3844 1290 3912 arpumentum
1306 3843 1335 3896 et
1353 3835 1451 3911 ipsum

153 3932 253 4013 parui
269 3934 428 4010 penditur,
453 3937 534 4010 6666
556 3933 727 3996 dionisium
749 3954 807 3997 non
826 3935 962 4012 potuisse
989 3935 1170 4014 simpliciter
1191 3936 1335 3999 Flauium
1357 3935 1450 3997 nomi-

156 4035 233 4098 nari
254 4034 353 4097 dixit:
375 4052 445 4096 nam
467 4038 572 4096 eadem
594 4036 715 4097 ratione
736 4037 881 4099 Claudius
896 4039 1046 4099 Sacerdos
1067 4042 1131 4100 6616
1148 4036 1348 4115 praenomine
1363 4039 1451 4099 Clau-

159 4137 233 4199 dius
247 4137 418 4198 nominatus
432 4146 476 4198 est
491 4136 523 4198 in
538 4140 639 4199 eodem
654 4137 761 4200 codice
776 4139 925 4201 Beruensi
942 4148 1005 4214 123,
1030 4140 1074 4213 cf.
1091 4139 1270 4202 6666616166
1280 4158 1314 4216 p.
1334 4148 1399 4214 136,
1417 4147 1452 4208 3;

159 4246 227 4315 136,
252 4246 308 4308 tt,-
332 4245 396 4314 133,
422 4249 459 4308 6,·
484 4246 550 4314 131,
578 4246 612 4298 26
634 4248 726 4316 atque
747 4244 849 4301 eodem
863 4240 931 4318 ipso
945 4244 1022 4316 loco,
1047 4260 1106 4317 666
1121 4239 1270 4302 Flauiani
1284 4244 1333 4303 uel
1346 4239 1454 4301 Flauii

158 4339 274 4402 mentio
293 4344 329 4415 fit
347 4359 380 4417 p.
406 4348 470 4414 167,
499 4349 547 4401 31.
566 4349 613 4401 26.
659 4343 794 4402 Ceterum
817 4346 972 4417 66666116,
996 4341 1024 4403 66
1040 4342 1197 4405 Charisius
1211 4342 1319 4404 Flauii
1334 4340 1454 4404 nomine

157 4442 350 4520 sipnificatus
371 4450 453 4517 66661,
478 4461 544 4503 cum
568 4443 680 4504 Flauia
703 4446 804 4522 Capro
825 4444 1147 4521 confundipotuisset,
1173 4463 1231 4506 non
1254 4445 1356 4524 uideo,
1379 4443 1453 4521 6666

160 4547 263 4622 Caper
294 4544 361 4621 ipse
392 4548 455 4606 solo
485 4544 591 4605 Flauii
623 4545 743 4607 nomine
775 4563 920 4622 nusquam
954 4556 1073 4608 6616166
1105 4558 1148 4608 661
1179 4567 1199 4608 6
1230 4545 1451 4625 prammaticis.

157 4647 269 4708 Restat
288 4645 410 4708 tertium
432 4645 576 4708 Muelleri
598 4657 820 4723 oruamentum,
851 4668 910 4726 666
932 4657 1076 4726 6666166
1096 4649 1279 4726 6616666666,
1302 4668 1358 4710 cur
1380 4650 1452 4708 Fla-

157 4746 251 4810 uiaui
271 4766 388 4826 semper
409 4767 514 4825 neque,
539 4752 622 4824 6666
637 4768 702 4825 par
723 4760 799 4823 6661,
824 4749 931 4811 Flauii
945 4770 1050 4812 nomen
1066 4751 1098 4812 in
1121 4759 1165 4812 tot
1184 4748 1452 4828 prammaticorum

156 4848 286 4929 scriptis·
309 4850 394 4912 66666
416 4859 570 4927 66666661,
594 4850 622 4914 66
644 4851 815 4913 Cltarisium
844 4851 1017 4931 intellepere
1045 4855 1212 4914 deleamus.
1260 4858 1355 4930 Alone
1376 4851 1455 4916 61166

1221 4955 1229 5005 l
1236 4952 1249 4981 Ὀ
