3382 5476
617 382 725 432 CODD.
745 383 875 434 BERNN.
894 386 944 434 522
963 389 991 436 el
1008 388 1067 437 432.
1403 403 1491 450 XLIII

190 578 242 634 illa
274 577 384 650 utique,
413 592 481 650 quae
510 592 561 632 nec
589 574 698 631 auditur
721 570 787 650 (us)
816 593 866 632 trec
896 577 1018 649 tangitur
1049 576 1130 650 (ns),
1164 579 1235 634 sieut
1263 580 1361 635 dicitnr
1389 580 1491 635 iustitio

191 664 285 737 pietas
307 669 335 716 et
357 660 470 734 reliqua.
514 660 628 734 Proprie
650 652 714 730 (ac)
739 660 771 715 ad
794 677 896 734 eorpus
917 662 1052 735 perimet,
1082 665 1144 737 quia
1167 680 1246 719 oirrae
1268 681 1387 736 eorpus,
1418 665 1490 739 qnod

191 755 291 823 potest
315 763 358 802 res
380 761 458 816 esse,
480 754 507 800 et
529 746 670 819 proprium
694 754 722 801 et
744 744 940 819 appellatiuum
963 745 1059 818 habet,
1089 757 1119 804 ut
1141 747 1241 804 ‹ltcitnr
1267 749 1350 804 liniue
1379 749 1490 804 ciuitas:

191 832 380 890 communiter
401 829 435 885 ad
457 845 513 886 rem
537 829 696 903 coniungis,
728 829 832 886 seilicet
860 830 1028 904 spiritalem,
1057 848 1126 907 qnae
1148 851 1249 908 eorpus
1272 849 1332 889 esse
1355 850 1408 888 non
1432 844 1492 906 pot·

193 927 257 988 est,
285 923 317 971 ut
337 915 435 972 dieitur
457 914 561 971 iustitia
589 914 677 988 pietas
701 908 835 990 [lustitia]
865 915 999 987 dignitas,
1028 919 1090 990 quia
1118 916 1164 973 illa
1192 933 1300 990 semper
1327 920 1491 989 contutante,

194 1002 269 1058 idest
296 999 458 1075 appellatiua
487 1000 630 1071 dicuntur,
658 1000 720 1073 qnia
749 1001 839 1056 omnia
867 1000 999 1074 spiritalia
1028 1004 1135 1058 uomina
1159 1002 1201 1058 liis
1225 1001 1272 1076 (lii)
1295 1002 1392 1058 similia
1415 1019 1492 1060 nutu·

195 1103 278 1162 quana
300 1087 457 1160 proprium,
481 1084 529 1141 sed
550 1098 657 1158 semper
678 1083 873 1159 appellatiuuni
895 1086 1005 1142 liabent.

284 1203 341 1262 llis
368 1200 468 1261 uerbis
493 1202 593 1261 codex
614 1202 658 1259 ad
676 1203 765 1271 finem
789 1202 955 1278 perductus
976 1210 1035 1269 est,
1064 1205 1152 1262 cuius
1171 1204 1199 1260 si
1218 1204 1293 1263 uilia
1315 1203 1493 1278 qrcibusdam

197 1321 292 1379 ireque
319 1304 406 1362 multi
430 1305 526 1377 pretii
544 1302 664 1377 publici
689 1304 764 1362 iuris
786 1301 899 1374 secisse
926 1305 1045 1377 uidear,
1075 1305 1109 1363 id
1129 1311 1159 1362 et
1180 1308 1328 1364 asseratur
1346 1304 1444 1377 facilc
1464 1313 1493 1364 ει

197 1407 255 1471 itae
275 1422 326 1465 eos
340 1421 430 1481 spero
445 1405 573 1478 inpcnuc
586 1401 795 1478 confessuros,
819 1404 895 1465 naec
917 1423 1033 1481 putaque
1056 1406 1100 1464 ad
1119 1407 1212 1465 medii
1232 1408 1305 1466 acui
1324 1406 1492 1466 doctrinam

198 1506 385 1568 umbratilem
401 1508 526 1582 penitus
546 1507 784 1581 capnosecadarn
806 1522 866 1566 non
887 1523 1017 1583 prorsus
1038 1507 1138 1580 fuisse
1159 1510 1358 1583 neptependa.
1402 1508 1493 1582 Epid-

197 1612 262 1669 dcm
284 1610 366 1669 itanc
387 1609 599 1684 artipraplrurn
619 1610 749 1683 primurn
765 1611 891 1683 repperi
909 1611 1000 1668 trium
1021 1610 1197 1682 linaearum
1220 1611 1384 1668 uarietates
1405 1616 1494 1682 utque

194 1711 399 1787 proprietates
420 1711 499 1769 inter
519 1716 552 1770 sc'
571 1717 797 1785 cooperantem.

281 1811 344 1871 Sed
364 1813 412 1872 leis
433 1813 612 1887 appendicis
632 1814 697 1872 loeo
725 1813 761 1872 ob
789 1813 944 1887 quandam
972 1814 1144 1886 arpumenti
1169 1813 1393 1872 similitudinem
1421 1813 1493 1872 libet

197 1917 381 1988 adiunpcre,
410 1916 540 1988 quaein
563 1921 699 1974 extrema
724 1916 839 1975 codicis
862 1912 1025 1973 Bernursis
1047 1921 1106 1973 att
1122 1916 1245 1989 papiae
1266 1931 1344 1974 saec.
1369 1914 1497 1974 tut-X

198 2019 237 2076 de
258 2016 373 2076 Donati
393 2022 461 2075 arte
481 2018 597 2092 sumpta
618 2021 689 2075 sunt
709 2019 798 2090 quasi
818 2018 1050 2076 introductoria.
1094 2016 1173 2076 Sunt
1194 2024 1295 2075 arctam
1316 2018 1409 2076 iaec:
1505 2004 1510 2008 ⁴

282 2119 426 2176 Sciendum
450 2128 492 2175 εει
513 2119 618 2194 primo,
647 2120 710 2193 quia
739 2121 888 2177 auctoritas
915 2121 1110 2192 seripturarum
1139 2121 1182 2177 uel
1210 2122 1307 2177 artium
1331 2120 1492 2194 plerumque
1524 2153 1526 2157 -

199 2204 287 2262 trihus
314 2204 519 2261 commendatur
546 2205 649 2277 niudis,
680 2204 749 2260 irlest
771 2204 947 2262 coinfirmatur
970 2221 1103 2279 persona,
1126 2206 1187 2262 loeo
1210 2214 1238 2261 et
1261 2214 1399 2279 tempore,
1422 2205 1494 2260 sicut

198 2292 330 2364 seriptum
353 2298 396 2345 est
419 2290 444 2344 iu
467 2290 627 2362 euangelio:
659 2288 740 2346 ‘Cum
764 2299 844 2346 natus
867 2299 941 2345 esset
962 2288 1038 2346 lesus
1053 2282 1087 2345 ‘ln
1111 2289 1247 2346 Bethleem
1275 2288 1370 2346 lutleae
1393 2289 1493 2361 (lullae)

198 2376 226 2431 in
248 2373 344 2430 diebus
366 2373 480 2430 llerodis
503 2373 598 2447 regis?
644 2374 760 2432 [licendo
789 2377 876 2430 enim:
913 2373 985 2430 ‘curu
1015 2383 1094 2431 natus
1122 2383 1195 2431 esset
1222 2374 1321 2443 Iesus',
1348 2391 1492 2447 personant

198 2459 334 2524 ostendit;
361 2458 498 2514 addendo:
527 2458 573 2514 ‘iu
596 2458 733 2516 Bethleem
755 2458 851 2515 lutleae
873 2457 991 2530 (irritael'
1020 2459 1109 2515 locum
1139 2459 1310 2515 demonstrat
1331 2467 1359 2513 et
1381 2457 1493 2515 subiun-

197 2544 304 2619 gendo:
327 2543 366 2598 ‘in
389 2542 484 2599 diebus
507 2543 633 2599 llerodis’
657 2552 765 2619 tempus
787 2543 914 2600 declarat.
945 2543 1062 2600 Persona
1084 2551 1173 2600 auteur
1197 2544 1277 2598 liuius
1299 2544 1365 2599 artis
1387 2542 1494 2614 llonati,

197 2629 384 2686 toeusttoma
412 2637 470 2699 est,
504 2636 640 2702 ternpore,
671 2636 701 2684 ut
724 2628 826 2700 fertur,
854 2628 1011 2684 Constantis
1034 2628 1208 2703 Imperatoris
1233 2628 1281 2683 lilii
1303 2626 1491 2683 Constantini:

199 2714 310 2788 scripsit
331 2713 401 2770 lianc
422 2720 507 2769 artem
532 2715 608 2770 iussu
629 2713 689 2769 lulii
707 2729 806 2802 papae.

283 2813 359 2873 Eius
384 2814 498 2873 codicis
524 2819 736 2887 urpuarcntrun
766 2820 925 2879 accurate,
953 2819 987 2873 ut
1012 2815 1100 2882 solet,
1128 2813 1286 2892 descripsit
1312 2811 1351 2871 H.
1375 2811 1494 2872 Keilius

194 2913 299 2991 praes.
329 2915 373 2974 ad
400 2915 590 2974 Consentium
617 2931 649 2990 p.
674 2919 738 2974 329.
767 2920 833 2974 330.
877 2913 941 2974 Sed
970 2916 1001 2975 in
1034 2916 1156 2975 ultimae
1182 2917 1323 2991 popinae
1355 2914 1494 2987 marciae

198 3017 354 3090 inferiori,
389 3033 467 3091 quae
499 3017 538 3077 de
563 3017 746 3078 monasteria
774 3017 953 3077 Miciaccnsi
977 3019 1095 3094 scripta
1122 3023 1205 3083 sunt,
1238 3018 1282 3076 ita
1309 3032 1341 3076 se
1367 3016 1494 3075 tabem:

199 3117 252 3179 illc
275 3124 322 3178 est
342 3115 418 3178 liber
440 3119 535 3178 sancti
555 3117 706 3178 urariniini
729 3119 912 3178 uriciacemsi
934 3116 1115 3193 monasIterii
1138 3134 1227 3194 quam
1243 3119 1269 3177 si
1285 3117 1350 3195 quis
1365 3116 1403 3177 de
1417 3117 1494 3177 istnc

197 3217 264 3280 loeo
283 3218 288 3297 Ι
308 3217 438 3298 Vespillo
460 3237 569 3299 sep...
606 3221 739 3280 Ceterum
762 3222 839 3281 inec
861 3220 955 3280 uerba
978 3223 1078 3281 emnia
1100 3224 1131 3280 in
1153 3236 1266 3279 rasura
1287 3221 1406 3294 scripta
1424 3226 1494 3279 sunt

198 3324 280 3394 otia,
311 3337 372 3396 pua
398 3327 515 3390 actua,
544 3338 647 3382 manu.
694 3323 831 3383 Codiccm
855 3323 939 3382 Petri
959 3323 1096 3382 Danielis
1120 3320 1232 3394 fuisse,
1256 3324 1438 3398 priusquam
1461 3322 1493 3380 in

198 3424 367 3498 Bouporsii
382 3430 560 3499 potestatem
583 3426 717 3497 ueniret,
742 3441 809 3485 crau
831 3425 985 3500 suspicari
1004 3431 1235 3484 consentancum
1256 3425 1310 3496 sit,
1335 3430 1395 3482 tam
1417 3439 1494 3482 cen-

195 3529 340 3598 firmatur
366 3540 418 3598 εο,
447 3527 530 3599 quad
556 3526 691 3586 Dartielis
716 3542 810 3585 manu
836 3533 866 3585 et
892 3527 996 3586 titulus
1024 3526 1159 3585 uniraerst
1183 3525 1256 3584 libri
1283 3527 1315 3584 in
1338 3525 1496 3601 peculiari

122 3655 127 3663 ·
197 3626 343 3688 schedula
367 3629 500 3703 scriptus
527 3634 571 3687 εει
597 3633 627 3686 ει
653 3629 765 3687 multae
791 3628 917 3702 sinpulis
943 3629 1067 3702 popinis
1087 3633 1176 3686 natae
1197 3627 1345 3686 adiectae.
1391 3624 1496 3699 ,deque

197 3745 273 3789 acro
301 3728 401 3787 statim
423 3735 495 3804 post
522 3729 605 3789 Petri
624 3729 760 3789 Danielis
781 3736 905 3788 mertem
928 3729 1119 3803 Bonaarsius
1146 3731 1227 3789 iuna
1254 3728 1389 3787 codicem
1410 3743 1494 3785 suuni

194 3830 289 3905 fecit,
313 3829 368 3889 sed
382 3832 475 3904 prior
495 3831 600 3890 tramit
622 3831 735 3891 Paulus
749 3829 907 3900 Petauius,
931 3847 1017 3906 quem
1040 3846 1120 3891 anno
1143 3837 1219 3889 1333
1241 3845 1301 3888 urta
1322 3845 1391 3890 cum
1414 3828 1494 3888 Boa-

196 3933 305 4008 pursio
330 3931 414 3991 Petri
436 3931 573 3991 Danielis
606 3933 700 3992 tidros
726 3933 830 3992 canusa
863 3940 970 3993 auctu
998 3940 1043 3992 εει
1070 3932 1198 4010 Bantius
1224 3949 1246 3990 s.
1276 3947 1306 3990 u.
1336 3930 1494 4005 Bonpars,

197 4037 286 4095 cuius
312 4049 420 4093 nornen
447 4050 630 4108 quamquam
651 4037 684 4095 in
705 4034 810 4095 codice
831 4051 978 4109 nusquam
1001 4043 1109 4112 aperte
1134 4036 1278 4109 scriptun
1305 4040 1364 4107 est,
1394 4039 1494 4091 taurea

196 4137 307 4196 litteris
329 4134 362 4193 P.
385 4134 420 4194 P.
443 4136 636 4197 annotationi
662 4139 694 4195 in
715 4139 822 4212 prima
847 4138 966 4212 papiria
993 4139 1129 4212 marcini
1154 4137 1331 4210 adscriptae
1356 4134 1495 4194 subiectis

195 4238 369 4312 sianilicari
390 4237 523 4313 uidetur,
552 4255 613 4313 qua
640 4239 691 4298 uir
713 4238 819 4298 dectw
845 4239 948 4298 codem
970 4240 1058 4300 raeda
1080 4239 1300 4298 Cartsentianae
1320 4237 1397 4295 artis
1418 4233 1494 4294 Ber-

196 4339 297 4399 ncasis
318 4337 437 4397 titulum
453 4354 634 4413 peruersnrn
662 4341 880 4414 interpretatus
901 4348 961 4410 εει,
991 4358 1049 4416 qua
1071 4341 1188 4399 Keitr'us
1213 4338 1335 4398 librarii
1361 4352 1494 4396 errorem

194 4441 314 4502 εειῠεεεε
335 4440 413 4499 addit
428 4456 462 4514 p.
485 4446 550 4501 333.
575 4448 643 4500 334.
689 4441 723 4499 P.
747 4442 869 4501 Patauii
889 4449 1004 4510 autern,
1033 4446 1086 4517 qui
1112 4444 1166 4501 itta
1189 4440 1336 4500 uocabula
1359 4457 1492 4532 qurmtp

196 4542 458 4614 (intramuranis
479 4543 616 4611 inclusit,
639 4544 733 4604 uerita
755 4545 831 4601 llaec
852 4550 937 4601 sunt:
969 4542 1048 4602 llaec
1071 4542 1163 4603 uerba
1187 4543 1317 4620 quinque
1340 4540 1493 4599 ciuitatum

195 4641 234 4706 ab
262 4643 365 4721 inepto
394 4642 540 4720 scriptore
569 4628 662 4722 posita
690 4653 759 4704 sunt
786 4661 820 4703 er
845 4644 923 4702 notis
945 4642 979 4712 Q.
1004 4644 1035 4707 C.
1056 4661 1213 4724 perperam
1243 4639 1414 4706 intellectis,
1443 4641 1493 4717 qni

196 4744 309 4823 alioqui
332 4741 487 4804 dubitabat
508 4762 546 4805 au
569 4744 768 4821 significarent
790 4746 924 4824 quintum
948 4745 1102 4806 consulem
1118 4746 1313 4823 autquinque
1328 4740 1492 4801 ciuitatum.

195 4848 299 4924 itaque
323 4862 361 4905 ue
384 4861 486 4906 errare
508 4843 661 4905 uideretur
682 4853 841 4924 utrumque
863 4848 964 4926 posuit
984 4846 1016 4908 P.
1041 4847 1073 4907 P.
1097 4847 1266 4920 Banpnrsii
1285 4857 1390 4903 nomeu
1410 4848 1440 4903 ει
1462 4845 1493 4903 in
