3382 5476
725 363 933 408 „11-

169 533 310 598 asseclis
339 535 461 597 eeteros
489 531 689 596 saeculorum
718 532 824 596 octaui
846 533 926 596 noni
949 532 1063 597 decimi
1085 539 1231 598 auctores
1253 536 1479 618 grammaticos

172 667 217 709 ex
247 643 455 728 antiquorum
483 643 629 707 fontibus
654 642 803 707 licentius
825 664 921 727 quem
944 643 1068 708 cautius
1089 643 1232 708 hausisse
1254 648 1371 728 pateat.
1416 644 1479 711 Sed

175 760 216 820 nt
238 776 281 819 ne
303 752 366 818 hoc
387 752 517 837 quidem
538 753 731 836 scriptorum
753 773 855 838 genus
876 753 972 838 plane
995 755 1120 818 abesset
1141 777 1161 818 a
1181 759 1293 819 nostro
1314 755 1479 840 opusculo,

176 866 300 930 librum
314 863 522 928 Turicensem
538 862 564 929 Ο
578 862 620 929 58
636 862 728 950 (275)
743 863 894 928 Eduardo
906 863 1097 928 Woelfflino
1112 869 1242 929 auctore
1265 865 1480 931 describentes

176 976 310 1041 tertiam
331 974 398 1039 fere
412 978 538 1058 partem
553 975 659 1058 operis
673 997 694 1039 a
708 974 804 1040 Petro
820 973 904 1060 Riga
919 974 957 1039 de
972 975 1218 1059 praeteritorum
1235 957 1347 1041 fofmis
1368 975 1478 1061 scripti

177 1085 406 1170 excerpsimus.

266 1195 335 1260 Iam
363 1194 450 1280 quod
471 1195 536 1260 alis
563 1197 682 1280 scripta
709 1195 836 1280 integra
864 1195 899 1259 in
926 1195 1013 1261 hunc
1041 1197 1159 1260 librum
1186 1198 1308 1282 recepi,
1342 1197 1479 1263 aliorum

177 1306 328 1392 singulos
349 1306 438 1371 locos
458 1309 619 1390 excerpsi,
643 1310 770 1390 praeter
784 1328 912 1371 causam
927 1328 1023 1391 supra
1042 1306 1175 1392 dictam,
1198 1331 1262 1392 qus
1277 1310 1361 1373 inter
1376 1312 1479 1373 certos

176 1441 232 1482 me
260 1418 341 1481 fines
367 1416 533 1481 continere
561 1418 713 1503 cogebar,
747 1438 786 1480 eo
820 1415 959 1482 ducebar
991 1418 1142 1502 consilio,
1176 1422 1228 1502 ut,
1262 1419 1339 1503 quid
1366 1440 1479 1483 unum-

177 1529 331 1614 quodque
352 1527 504 1593 utilitatis
525 1527 643 1593 hebere
665 1527 842 1610 uideretur,
870 1550 929 1611 pro
957 1528 1044 1592 uirili
1066 1533 1156 1612 parte
1179 1531 1361 1595 examinato
1384 1530 1479 1594 relin-

179 1661 327 1724 querem,
350 1660 559 1722 quaecunque
581 1638 616 1703 in
637 1639 832 1721 tutioribus,
856 1659 952 1722 quam
974 1661 1055 1722 quse
1077 1640 1155 1703 ferri
1169 1640 1318 1724 typisque
1333 1639 1478 1704 mandari

178 1753 329 1835 possent,
361 1751 456 1814 rebus
484 1749 746 1835 argumentisque
776 1752 990 1814 uersarentur.
1039 1749 1138 1814 Cuius
1165 1751 1292 1835 generis
1320 1750 1347 1815 si
1375 1751 1411 1814 in
1439 1749 1479 1814 iis

178 1883 325 1946 quoque,
348 1882 429 1945 quse
451 1859 603 1944 produxi,
625 1858 784 1924 nonnulla
805 1860 946 1924 inueniri
968 1859 1163 1943 iudicentur,
1187 1882 1240 1944 ea,
1267 1861 1324 1925 ubi
1346 1883 1478 1944 opuscu-

178 1973 302 2056 lorum,
328 1971 369 2037 de
391 1971 509 2055 quibus
530 1971 700 2056 agebatur,
723 1973 930 2055 conspectum
952 1970 1139 2034 uniuersum
1160 1971 1300 2055 proponi
1322 1972 1418 2036 certis
1440 1970 1478 2036 de

178 2084 285 2148 causis
313 2105 331 2147 e
358 2104 392 2146 re
420 2080 491 2146 fore
517 2081 700 2164 uidebatur,
732 2080 820 2145 facili
847 2080 956 2145 animo
985 2081 1097 2145 ceteris
1125 2082 1296 2146 immisceri
1323 2082 1477 2165 petiebsr.

178 2194 334 2279 Excerpsi
362 2196 470 2257 sutem
497 2214 536 2256 ex
558 2192 681 2256 artibus
702 2191 857 2256 hactenus
879 2191 1068 2276 incognitis,
1097 2213 1179 2276 quae
1207 2193 1250 2256 ob
1277 2214 1383 2256 rerum
1406 2191 1477 2256 uili-

178 2309 280 2369 tatem
307 2303 495 2387 usfrsmque
523 2301 704 2387 exponendi
732 2301 951 2386 prolixitatem
979 2302 1123 2387 integrae
1151 2301 1295 2368 exhiberi
1322 2324 1389 2366 non
1420 2325 1476 2385 po-

178 2418 302 2496 terant,
325 2435 436 2478 omnes
457 2413 531 2477 illos
551 2413 655 2496 locos,
679 2413 794 2496 quibus
816 2412 856 2477 ad
877 2411 1031 2477 maiorem
1053 2434 1122 2476 sese
1144 2413 1296 2497 cuiusque
1311 2412 1476 2497 scriptoris

178 2525 347 2611 ingenium
369 2523 548 2589 doctrinam
570 2523 729 2588 extulerat
749 2527 806 2588 aut
826 2527 972 2588 ueterum
993 2526 1164 2606 praecepta
1184 2523 1292 2587 minus
1310 2522 1477 2606 diuulgata

178 2634 348 2700 referendo
375 2638 433 2698 aut
458 2635 675 2720 singularibus
701 2637 869 2719 poetarum
896 2633 1096 2717 aliorumque
1123 2632 1276 2715 exemplis
1309 2654 1377 2696 rem
1404 2631 1476 2696 illu-

178 2745 322 2811 strando.
365 2745 494 2828 Itaque,
522 2749 559 2809 ut
585 2767 651 2809 uno
680 2745 826 2829 exemplo
854 2744 914 2809 hac
942 2766 976 2808 re
1005 2743 1178 2828 defungar,
1205 2765 1278 2808 cum
1300 2742 1475 2808 Clementis

178 2857 236 2941 qui
259 2843 393 2920 uocetur
406 2853 495 2922 Secti
509 2859 611 2921 artem
625 2855 744 2921 codicis
759 2854 933 2920 Bemensis
950 2855 1009 2920 123
1024 2853 1047 2918 f.
1066 2857 1082 2918 l
1099 2877 1176 2938 seq,
1198 2876 1294 2937 quem
1316 2854 1476 2938 integram

177 2967 273 3032 edere
287 2967 395 3030 minus
408 2966 488 3031 utile
503 2965 686 3051 uidebatur,
707 2966 765 3031 teli
787 2967 922 3031 consilio
942 2987 1176 3051 percurrerem,
1199 2964 1297 3029 Probi
1319 2963 1477 3028 nonnulle

177 3082 276 3162 etque
299 3075 403 3162 Sergii
430 3076 631 3162 aliorumque
659 3080 826 3142 auctorum
853 3077 963 3162 aliqua
989 3077 1144 3142 hactenus
1172 3076 1339 3160 incognita
1359 3074 1476 3160 collegi

176 3189 324 3253 uirorum
351 3187 518 3252 doctorum
545 3188 725 3253 attentione
752 3210 819 3252 non
847 3187 990 3273 indigna.
1036 3187 1065 3252 Ε
1094 3191 1207 3253 contra
1233 3189 1415 3252 commenta
1440 3185 1476 3250 in

176 3299 346 3364 Donatum
366 3297 584 3363 Einsidlensia
604 3298 667 3363 trie
688 3298 760 3363 ideo
783 3298 823 3363 ed
845 3297 963 3362 codicis
984 3298 1080 3362 fidem
1102 3299 1230 3383 integre
1256 3296 1411 3379 expressi,
1439 3299 1476 3360 ut

176 3432 246 3475 uno
262 3409 407 3494 exemplo
422 3408 544 3494 insigni
558 3412 654 3493 etque
669 3409 833 3474 luculento
848 3407 1015 3493 proposito
1030 3412 1135 3474 totum
1154 3407 1234 3472 illud
1249 3406 1475 3492 Remigianum

177 3519 360 3605 explicandi
383 3540 484 3605 genus
510 3519 713 3584 illustrarem.

265 3629 327 3696 Sed
353 3652 395 3695 ne
422 3631 506 3695 hanc
535 3630 664 3714 quidem
698 3651 843 3714 operam,
879 3631 1029 3715 quotiens
1061 3629 1191 3715 singula
1222 3630 1474 3714 perscrutantem

177 3741 350 3806 laetiorum
364 3741 527 3805 fructuum
543 3762 615 3824 spes
630 3741 724 3806 initio
740 3745 888 3825 suscepte
907 3741 1055 3826 sedlebat,
1076 3742 1206 3826 penitus
1227 3762 1278 3804 me
1300 3737 1475 3823 perdidisse

178 3852 349 3935 ducebam,
376 3855 548 3936 propterea
574 3851 676 3935 quod,
707 3852 763 3936 qui
790 3851 882 3917 labor
908 3852 1019 3937 utique
1047 3851 1148 3916 serius
1175 3852 1265 3916 ocius
1291 3848 1475 3915 subeundus

177 3966 263 4044 erat,
287 3965 340 4045 ut,
368 3962 394 4025 si
418 3961 495 4046 quid
517 3961 591 4026 inde
615 3961 655 4026 ad
677 3961 857 4047 augendam
878 3963 1058 4027 litterarum
1080 3962 1247 4027 scientiam
1268 3961 1335 4045 peti
1356 3961 1474 4044 posset,

176 4072 351 4157 diligenter
377 4071 517 4156 uideres,
545 4072 608 4137 hoc
634 4094 686 4137 me
713 4072 900 4137 defunctum
928 4095 996 4137 esse
1023 4096 1092 4138 non
1118 4073 1188 4138 sine
1216 4070 1352 4156 quadam
1374 4068 1474 4133 animi

175 4183 302 4248 laetitia
323 4182 509 4247 sentiebam.
553 4181 615 4247 Est
635 4205 712 4248 sene
734 4204 909 4269 permagna
930 4185 1047 4248 sitium
1069 4184 1127 4249 ifle
1153 4187 1256 4249 aetate
1284 4181 1475 4265 scriptarum

175 4315 253 4379 pars
280 4293 327 4358 ita
352 4296 542 4377 conparate,
576 4297 614 4358 ut
643 4315 682 4358 ex
709 4315 818 4359 earum
846 4294 1032 4379 cognitione
1059 4295 1132 4379 plus
1160 4293 1257 4358 taedii
1283 4312 1474 4375 concoquas,

177 4425 277 4489 quam
299 4403 441 4468 laetitiae
462 4403 636 4488 percipias,
658 4402 714 4468 sed
730 4404 842 4468 insunt
854 4404 988 4489 passim,
1011 4427 1092 4488 quse
1107 4403 1221 4470 tollere
1236 4404 1317 4468 uelis
1329 4400 1474 4466 melioris

174 4517 275 4580 notae
297 4513 450 4597 fmstuls,
473 4535 667 4599 quemquam
689 4513 826 4579 multum
848 4516 952 4598 abest,
974 4519 1012 4580 ut
1029 4515 1165 4580 iuuenili
1179 4513 1237 4579 illo
1252 4512 1395 4597 quidem,
1418 4507 1474 4574 sed

174 4623 360 4689 excusando
389 4624 507 4710 Angeli
535 4623 613 4688 Meii
641 4646 750 4689 amore
757 4675 766 4706 ,
795 4646 859 4708 quo
887 4625 1014 4691 futilem
1036 4625 1174 4711 Vergilii
1202 4622 1344 4690 Maronis
1371 4623 1473 4686 artem

174 4739 260 4800 suet
282 4733 389 4800 Vetic.
417 4741 495 4800 tom.
518 4733 549 4799 V
571 4735 671 4818 praef.
698 4757 731 4819 p.
753 4735 800 4800 VI
829 4736 994 4821 amplexus
1022 4740 1086 4820 est,
1117 4736 1227 4801 omnis
1251 4731 1474 4817 prosequende
