3382 5476
195 393 268 442 CXII
536 381 585 432 DE
606 378 1145 433 colimeansntrtslum-:Ns1ssvs

192 570 222 627 in
246 566 331 628 aliam
356 567 485 646 linguam
509 569 666 630 transferri
690 587 748 629 non
772 576 906 648 possunt,
930 568 1009 629 unde
1033 568 1130 638 raolra,
1154 586 1229 647 quae
1252 568 1418 629 interiectio
1441 577 1487 639 est

193 669 309 731 ebraico
339 668 389 731 abt
410 671 439 749 (l)
469 672 499 731 in
528 671 583 732 alia
612 690 670 733 non
698 667 735 753 pT
756 671 883 752 (potestl
911 670 1034 749 potuiti)
1058 673 1087 730 in
1112 670 1166 730 alia
1197 669 1295 749 lingua
1325 688 1485 749 exponere.

193 770 289 832 Nicbil
318 780 416 832 autern
445 772 545 833 dillert
575 781 673 835 utrum
704 791 779 853 pape
812 782 934 834 accentu
968 774 997 832 in
1030 772 1088 833 line
1122 775 1217 850 posito
1245 781 1295 833 aut
1322 770 1485 849 penultima

192 873 319 934 dicatur:
343 873 479 935 similiter
500 875 530 934 in
554 877 673 936 ceteris.
718 873 869 935 incondita
893 892 942 934 res
966 872 1073 934 dicitur
1095 874 1251 934 inlormata
1276 865 1351 954 quae
1374 872 1485 935 nullam

194 976 319 1035 lormam
343 973 516 1054 nullamque
543 975 633 1037 babet
661 976 862 1037 conditionem
891 974 1055 1037 secundum
1084 993 1187 1036 omnes
1214 994 1305 1036 uoces
1327 994 1381 1056 pro
1405 977 1486 1037 omni

192 1077 402 1137 interiectione
426 1075 562 1157 deputari
585 1096 660 1155 quae
683 1080 827 1157 cuiusque
854 1078 999 1158 passionis
1028 1078 1118 1138 animi
1147 1077 1231 1157 pulsu
1261 1096 1315 1157 per
1339 1076 1484 1137 exclama·

193 1179 304 1238 tionem
327 1179 531 1256 proteruntur.
577 1177 703 1258 Explicit
725 1178 851 1240 donatus
874 1181 966 1240 maior
983 1182 1067 1240 cuius
1084 1181 1233 1258 expositor
1255 1187 1301 1239 est
1323 1179 1486 1258 Remigius,

277 1297 339 1356 Sed
360 1315 430 1358 nam
457 1296 527 1375 ipsa
550 1295 685 1372 Remipii
714 1297 807 1359 umba
828 1299 897 1358 cod.
922 1298 1016 1357 Bern.
1042 1305 1100 1356 386
1122 1300 1273 1374 praebeat
1301 1315 1397 1373 nepae
1423 1315 1486 1358 mu-

193 1407 258 1459 tata
277 1398 380 1475 potius
395 1417 457 1476 per
477 1398 543 1460 cias
565 1397 744 1475 discipulos,
768 1399 837 1459 inre
858 1399 994 1460 dubitari
1013 1407 1119 1475 potest.
1158 1400 1237 1458 ,dam
1259 1403 1341 1475 qnod
1352 1403 1485 1461 Alexan-

192 1503 248 1561 der
270 1503 308 1562 dc
329 1500 411 1563 Villa
427 1500 484 1561 dci
505 1498 538 1561 in
560 1520 614 1562 sno
629 1500 803 1563 doctrinali
825 1501 883 1576 (cs.
903 1500 1032 1562 Tbnroti
1045 1489 1155 1561 librirm
1172 1520 1207 1577 p.
1226 1506 1298 1577 507)
1314 1500 1486 1577 Bemipiam

191 1602 346 1664 contendit
368 1606 405 1664 de
426 1602 541 1664 Donati
561 1601 705 1665 editionis
726 1602 854 1664 maioris
875 1606 941 1665 loco
957 1621 992 1679 p.
1011 1610 1079 1679 385,
1105 1612 1124 1662 4
1147 1606 1186 1665 K.
1210 1600 1401 1678 exposuisse:

277 1706 442 1766 Donatus
470 1704 542 1766 dicit
569 1708 600 1766 in
628 1706 732 1766 maiori
762 1704 924 1766 uolumine:
954 1706 1045 1766 ‘Sunt
1069 1705 1159 1765 uerba
1183 1705 1330 1766 deiectius
1352 1702 1408 1765 alia
1431 1722 1486 1784 per

195 1806 301 1868 modos
324 1815 357 1867 ut
372 1805 469 1867 oedo'.
486 1853 493 1867 .
512 1853 520 1867 .
543 1806 734 1884 Remigius
756 1807 828 1867 dicit
851 1807 1023 1886 exponendo
1039 1807 1185 1867 Donatum
1201 1808 1257 1868 sic:
1281 1805 1372 1868 ‘cono
1389 1807 1488 1868 delicit

194 1925 249 1989 per
273 1906 377 1968 modos
399 1909 467 1987 quia
490 1926 548 1969 non
571 1907 661 1968 babet
683 1910 739 1968 nisi
762 1907 920 1969 secundam
949 1925 1105 1986 personam
1134 1910 1164 1969 in
1187 1910 1318 1988 presenti
1340 1915 1485 1988 tempore.

192 2010 319 2070 Facesso
342 2008 418 2070 idest
445 2011 619 2090 frequenter
646 2010 723 2070 lacio
753 2019 782 2070 et
811 2009 960 2071 interdum
982 2009 1104 2072 discedo
1128 2019 1156 2070 et
1176 2011 1325 2071 interdum
1348 2010 1486 2073 desidero

103 2134 104 2138 ¹
194 2111 291 2172 delicit
317 2129 372 2190 per
398 2112 517 2171 formas.
562 2111 627 2171 Non
657 2113 739 2171 uenit
767 2131 782 2172 a
810 2113 1003 2190 perlectatiua
1026 2115 1134 2183 lorma,
1158 2113 1211 2172 sed
1234 2112 1485 2190 frequentatiuam

195 2217 322 2275 lormam
345 2212 434 2273 babet
455 2216 580 2272 tantum'
604 2247 654 2281 -‚
720 2204 722 2208 ⁸
1363 2224 1367 2232 '

314 2313 378 2375 cius
399 2314 479 2374 riibil
498 2313 596 2375 simite
616 2313 730 2390 lepitnr
751 2318 837 2390 apad
856 2318 923 2376 cod.
949 2324 1006 2375 356
1030 2315 1200 2391 Remipinm
1219 2316 1248 2389 s.
1273 2319 1410 2377 31⁶cot.
1435 2318 1486 2380 II:

280 2416 359 2478 Cedo
382 2435 440 2477 non
465 2416 553 2477 babet
581 2418 637 2477 nisi
664 2419 866 2496 inperatiuum
891 2417 1056 2498 (inperatiol
1081 2426 1111 2478 et
1132 2417 1322 2479 estsecunde
1344 2436 1485 2496 persone.

192 2521 320 2581 Facesso
342 2517 420 2597 quod
444 2527 488 2578 est
510 2518 546 2579 de
569 2518 697 2579 secunda
722 2529 819 2580 tamen
843 2513 908 2596 (ιῐιῖ)
933 2519 1057 2580 uerbum
1074 2521 1138 2580 sine
1155 2521 1285 2599 perlecta
1309 2518 1403 2579 lorma
1419 2538 1486 2591 esse
1509 2572 1513 2579 .

195 2622 329 2690 uidetur;
359 2639 425 2681 nam
455 2619 530 2680 lucio
559 2621 647 2680 lacito
675 2621 740 2680 laxo
763 2622 847 2689 lacit,
879 2622 960 2682 nullo
989 2624 1068 2682 enim
1100 2623 1193 2683 uerbo
1221 2629 1345 2702 quartus
1375 2622 1486 2699 gradus

196 2724 368 2784 aDmittitur.

277 2825 339 2884 Sed
371 2842 409 2884 nc
438 2822 475 2884 in
509 2821 698 2884 Einsidlcnsi
732 2822 852 2898 quidem
884 2834 1049 2885 commento
1083 2843 1209 2901 prorsas
1241 2827 1344 2885 cadem
1377 2834 1487 2886 estant

191 2946 222 3003 p.
249 2934 315 3000 257,
342 2933 441 2984 31—
467 2931 532 2997 258,
561 2932 585 2997 1,
610 2942 789 3000 quamquam
813 2925 988 2986 Alexandri
1008 2930 1093 2987 locas
1119 2930 1212 2987 multo
1233 2927 1333 3002 mapis
1354 2927 1387 2987 in
1410 2927 1486 2988 Ein—
1538 2988 1544 3002 ,

191 3027 352 3088 sidtcnsem
373 3025 492 3100 libram,
518 3044 607 3101 qaam
629 3025 662 3086 in
687 3027 869 3087 Beracnscm
893 3030 1034 3103 quadrat.
1174 3011 1176 3014 ’

278 3132 325 3189 Ac
353 3128 425 3190 nide
447 3146 559 3203 porro,
593 3146 683 3203 paam
711 3128 873 3189 dissimilia
901 3129 961 3189 sint
988 3129 1069 3189 inter
1095 3147 1126 3188 sc
1149 3128 1303 3206 rdrinsqnc
1325 3131 1486 3191 commenti

193 3229 303 3300 initia;
335 3247 405 3290 nam
428 3233 476 3290 acl
497 3229 525 3290 si
546 3232 711 3290 contendas
733 3230 824 3303 talia,
855 3229 961 3305 patalia
983 3231 1017 3291 in
1039 3234 1108 3293 cod.
1133 3240 1190 3291 356
1208 3231 1382 3308 proconissa
1403 3243 1483 3306 sant,

192 3332 225 3393 in
247 3331 406 3393 commenti
430 3330 632 3392 Einsidlcnsis
653 3349 690 3390 ca
710 3340 810 3407 parte,
835 3351 896 3407 pao
912 3336 949 3393 de
963 3334 1083 3394 nomine
1097 3336 1256 3408 apebatar,
1281 3353 1362 3394 nrrnc
1377 3337 1485 3410 deper-

194 3433 261 3494 dita
285 3437 331 3511 (p.
359 3440 428 3510 231)
452 3432 522 3494 olim
545 3436 623 3494 lecta
641 3433 750 3507 faisse,
775 3445 875 3495 tamen
897 3434 995 3496 minas
1023 3444 1094 3511 apte
1117 3435 1171 3496 ani
1192 3435 1347 3511 eidemque
1368 3435 1487 3496 bomini

192 3545 352 3612 atrumque
373 3536 533 3608 attribuas,
558 3535 670 3613 qnippe
695 3554 762 3597 cnm
786 3535 987 3597 Einsidlcnsis
1015 3532 1230 3598 commentator
1247 3557 1282 3613 p.
1307 3544 1360 3597 219
1381 3540 1486 3598 landet

196 3637 308 3698 Donati
329 3638 488 3698 consilinm
511 3656 531 3697 a
554 3637 834 3712 commendantis,
867 3639 1032 3700 Bernensis
1062 3657 1134 3700 acro
1161 3657 1264 3700 cursim
1286 3637 1435 3700 rationem
1457 3648 1486 3699 et

192 3751 316 3800 enarret
342 3749 371 3800 et
398 3738 465 3815 ipse
490 3748 646 3815 sequatur,
677 3740 731 3815 qni
752 3739 896 3800 editionis
925 3743 1076 3802 secandae
1107 3744 1174 3803 loca
1201 3739 1307 3818 primo
1336 3739 1485 3802 orationis
1536 3775 1538 3779 <

191 3851 296 3919 partes
323 3844 517 3902 collocandas
538 3860 602 3902 csse
623 3851 773 3902 censeant.
1390 3828 1392 3832 ’

276 3945 343 4003 Iam
376 3942 532 4019 expositor
565 3943 731 4004 chrensis
763 3942 795 4002 in
826 3948 888 4016 tine
918 3944 1110 4021 pronominis
1140 3945 1169 4018 s.
1200 3945 1254 4005 32⁶
1283 3948 1341 4006 col.
1365 3948 1384 4006 1
1408 3947 1485 4005 baec

191 4045 333 4122 scripsit:
357 4045 468 4106 Neuter
491 4056 557 4106 uter
581 4063 656 4105 unus
678 4045 752 4106 alter
775 4045 850 4106 alius
873 4054 929 4110 etc.
955 4082 991 4090 -
1017 4041 1158 4125 eoquod
1186 4048 1317 4109 articulis
1340 4050 1369 4107 in
1393 4046 1501 4108 decli·

194 4151 312 4208 natione
335 4166 394 4208 non
418 4149 560 4226 indigent.
607 4146 704 4207 Voluit
727 4157 758 4207 ut
779 4146 908 4208 arbitror
925 4147 980 4208 boc
996 4149 1143 4210 affirmare
1165 4152 1194 4209 in
1219 4167 1276 4227 quo
1300 4150 1408 4209 multos
1431 4150 1484 4209 du·

193 4249 286 4310 bitere
302 4250 423 4318 sciebat,
439 4249 490 4311 sed
507 4249 728 4309 Priscianus
743 4257 825 4310 certa
841 4253 959 4310 nomina
983 4269 1017 4310 ac
1040 4251 1075 4330 pi
1095 4252 1222 4312 aliirmat
1244 4270 1309 4313 esse
1326 4253 1483 4329 portasse:

193 4354 312 4413 nomina
337 4352 410 4412 baec
432 4352 608 4431 pronomina
624 4352 703 4428 etc).
742 4351 855 4412 Deinde
878 4353 906 4413 in
929 4354 1030 4431 priorc
1054 4352 1183 4413 editione
1206 4372 1253 4414 me
1278 4353 1314 4413 de
1331 4352 1384 4414 bac
1401 4364 1484 4433 parte

193 4457 263 4516 satis
286 4454 394 4516 dixisse
416 4451 561 4521 arbitror,
590 4451 674 4533 plura
704 4471 782 4513 nrtuc
805 4453 938 4515 scribere
962 4473 1019 4515 non
1043 4475 1117 4543 opus
1140 4476 1205 4517 esse
1229 4457 1355 4517 uidetur.
1402 4456 1485 4527 Quae

193 4576 260 4619 cum
286 4556 366 4617 libro
397 4553 584 4615 Einsidtcnsi
608 4574 642 4631 p.
668 4562 740 4628 250,
769 4564 856 4614 t—o'
885 4576 943 4617 non
972 4555 1216 4639 coercendorum)
1266 4556 1369 4618 Simili
1396 4559 1484 4618 modo

197 4711 422 4720 ῄ-μω--ᾑ,

263 4791 290 4857 *l
309 4798 393 4859 Atque
410 4794 435 4843 ln
454 4794 601 4842 uniuersum
620 4792 669 4843 lroe
686 4793 718 4843 de
736 4795 895 4859 pronominis
915 4795 1086 4862 explicatione
1104 4797 1180 4847 statui
1199 4807 1295 4862 potest,
1319 4797 1439 4862 exiguam
1458 4796 1484 4846 in

194 4859 241 4912 lrac
259 4873 330 4928 parte
350 4865 481 4927 turiusque
499 4861 556 4911 libri
574 4861 766 4913 similitudinem
784 4862 949 4929 deprehendi.
