3382 5476
135 391 142 410 '
203 400 298 455 cnxn
557 385 607 442 ou
626 387 787 442 cusmsn
804 386 1008 443 excussurus
1028 389 1131 447 suun,

200 590 316 643 remota
339 589 408 640 suut
430 598 466 639 ex
488 579 544 640 hae
565 578 785 659 figurandorum
815 600 851 643 ex
879 598 911 641 se
939 580 1148 641 oduerbiorum
1178 579 1325 642 facilitate.
1370 581 1442 643 item
1464 583 1491 642 si

202 703 258 764 qun
282 682 422 744 uidentur
443 700 458 741 a
482 681 707 761 pronominibus
733 682 877 744 eduerbia
907 682 997 757 trahi,
1028 692 1059 742 ut
1087 684 1205 743 meatim
1228 684 1346 753 tuatim,
1376 691 1489 745 tentum
1578 660 1583 675 ³

200 788 231 846 iu
255 785 475 847 commentariis
497 785 756 862 grammaticorum
780 784 1061 853 animaduertimus,
1088 786 1119 844 iu
1142 792 1245 845 natura
1269 802 1340 844 uero
1364 802 1423 844 non
1444 785 1490 844 in·
1559 844 1563 856 ,

202 891 348 950 uenimus.
394 885 466 946 nem
489 888 514 946 si
537 884 601 947 otiis
623 885 728 964 piacet,
752 904 768 945 a
790 886 894 947 uerbis
916 887 981 947 fleri
996 885 1147 955 adtrerbio,
1172 896 1203 946 ut
1224 885 1261 947 ab
1284 905 1327 955 eo,
1351 885 1429 965 quod
1446 895 1492 946 est
1545 932 1550 967 ,

200 1005 309 1069 pungo,
333 989 476 1068 punctim,
500 1006 589 1048 curro
612 989 733 1057 cursim,
757 1006 812 1066 ego
835 997 933 1050 temen
955 987 1036 1057 dico,
1065 988 1142 1066 quod
1165 988 1202 1048 de
1226 986 1376 1049 uocabulis
1398 995 1517 1047 tracus

203 1099 281 1160 sunt,
304 1098 337 1152 ut
359 1089 396 1149 ab
419 1108 464 1158 eo,
488 1088 565 1167 quod
588 1097 633 1149 est
654 1107 773 1155 cursus,
797 1091 922 1160 cursim,
947 1100 1072 1169 punctus
1094 1091 1238 1170 punctim.
1283 1089 1387 1150 Omnia
1411 1091 1490 1150 enim

200 1193 301 1259 uerba,
326 1210 400 1270 quac
423 1192 509 1253 etiam
538 1193 569 1250 in
592 1192 710 1251 nomina
734 1193 861 1253 transire
885 1209 943 1251 non
966 1201 1103 1271 possunt,
1133 1191 1213 1254 nulia
1243 1211 1259 1252 a
1287 1211 1320 1252 se
1349 1190 1490 1251 aduerbia

199 1296 297 1356 iecere
320 1303 452 1374 possunt.

270 1547 495 1585 srmnsuunnnss.
577 1536 590 1582 1
610 1547 642 1582 ex
659 1531 717 1596 huo]
736 1532 767 1582 sb
785 1532 833 1582 hnc
851 1533 981 1584 Charisius
995 1549 1023 1598 p.
1044 1534 1101 1597 166,
1121 1535 1156 1584 ts
1223 1528 1353 1598 isciiimte]
1373 1531 1505 1582 16661666-

201 1602 333 1652 Charisius
395 1613 419 1650 et
437 1602 460 1650 si
477 1615 528 1663 qua
548 1600 677 1651 Charisiia
761 1603 777 1650 2
796 1601 860 1650 trahi
883 1602 1004 1651 aduerbie
1022 1614 1118 1650 tantum
1136 1602 1162 1649 in
1180 1602 1403 1666 grammaticorum
1421 1615 1491 1650 eorn-

201 1672 331 1719 mentariis
350 1669 482 1719 Charinus
566 1671 582 1718 3
601 1669 625 1717 in
645 1680 733 1717 nntius
753 1668 823 1733 uero]
847 1671 874 1719 in
896 1670 1079 1719 consuetudine
1101 1669 1231 1720 Charisius
1299 1683 1350 1718 non
1373 1668 1490 1718 uidemus

203 1738 336 1788 Charisius
409 1740 426 1786 4
444 1747 468 1785 et
486 1738 508 1786 si
527 1751 577 1785 uon
597 1737 672 1785 nutus
690 1737 773 1802 piacet
790 1738 920 1787 Charisius
936 1755 963 1803 p.
983 1740 1040 1798 166,
1062 1740 1094 1785 16
1166 1739 1273 1787 senno
1291 1738 1385 1785 cursim
1403 1751 1492 1802 pungo

198 1808 312 1873 punctim
331 1805 462 1856 Charisius
513 1819 562 1870 ego
581 1816 662 1853 tamen
682 1819 776 1867 quaero
795 1805 857 1867 quid
875 1807 909 1855 ius
927 1820 978 1855 tion
996 1808 1083 1870 potins
1101 1806 1222 1854 eduerbiu
1235 1820 1249 1854 n
1263 1804 1393 1854 uocabulis
1412 1815 1491 1853 nucia

199 1877 260 1929 sint,
279 1875 310 1923 ab
330 1889 359 1922 eo
379 1872 448 1935 quod
468 1884 506 1922 est
523 1883 646 1937 punctum
664 1872 778 1939 punctim
796 1883 821 1922 et
837 1874 868 1939 nb
887 1874 1005 1936 eoquod
1024 1885 1063 1922 est
1080 1889 1170 1922 aursus
1189 1873 1283 1923 cursim
1296 1873 1425 1923 Ohoeieius
1475 1872 1491 1920 6

197 1942 425 1992 animaduertimns
444 1941 509 1989 enim
529 1940 614 1988 omnis
632 1941 718 1999 uerba,
734 1955 802 2002 quse
820 1956 872 1989 non
890 1952 1000 2006 possunt
1017 1943 1092 1990 etism
1111 1941 1143 1990 ad
1162 1943 1265 1990 nomina
1283 1942 1404 2004 transire,
1424 1939 1492 1989 nuiin

132 2016 138 2034 ¹
197 2027 229 2060 ex
247 2027 276 2059 se
294 2010 415 2059 aduersis
433 2007 515 2057 iacere
533 2008 664 2058 Charisius

201 2129 428 2138 ———

266 2226 438 2265 sensurum
457 2226 603 2263 visum.
658 2212 737 2261 liter
816 2211 926 2262 ‘turchi
1011 2214 1069 2263 3in
1088 2214 1249 2264 comentatus
1267 2214 1491 2278 grammaticorum

281 2422 327 2480 Ac
353 2420 495 2495 quoniam
522 2419 561 2477 de
587 2418 733 2478 adsertio
761 2420 889 2493 epimus,
926 2420 959 2477 id
984 2436 1101 2493 quoque
1126 2420 1321 2495 6666666666,
1353 2435 1373 2478 6
1399 2419 1490 2478 Petro

196 2525 408 2599 prammatico,
432 2524 519 2581 cuius
540 2523 679 2596 opusculi
698 2526 845 2597 excerpta
867 2518 955 2594 infra
965 2523 1178 2601 proposuimus
1198 2522 1287 2581 huius
1301 2521 1375 2580 lihrr‘
1382 2538 1417 2597 p.
1438 2525 1491 2578 159

196 2632 306 2699 -171,
326 2642 361 2699 p.
381 2629 447 2696 167,
466 2629 484 2681 6
506 2623 544 2681 66
566 2623 706 2681 aduerhii
727 2625 761 2683 ui
779 2629 870 2697 atque
891 2630 1003 2681 natura
1017 2624 1146 2682 laudari
1158 2624 1307 2697 66666666
1324 2623 1493 2682 dominiani

198 2731 305 2800 166666,
330 2728 384 2800 qui
396 2726 427 2784 in
443 2725 576 2784 Charisii
587 2726 708 2799 scriptis
723 2739 783 2783 uon
805 2731 900 2797 catat,
925 2723 969 2798 cs.
985 2741 1081 2799 supra
1091 2721 1121 2796 f.
1139 2721 1192 2782 23⁵
1204 2741 1236 2799 p.
1254 2723 1302 2784 CL
1310 2724 1362 2784 VI.
1400 2723 1493 2799 Apud

198 2830 369 2889 Diomedem
396 2843 470 2886 icero
498 2827 537 2885 de
564 2828 669 2885 eadem
697 2843 731 2884 re
752 2842 813 2886 uon
835 2829 895 2886 nisi
914 2827 991 2887 haec
1012 2828 1154 2900 iepuntur
1173 2843 1206 2901 p.
1232 2833 1309 2899 466,
1334 2831 1353 2883 6
1374 2826 1421 2886 II:
1448 2824 1490 2884 Ex

197 2930 253 2990 hac
275 2927 376 3006 reguis
401 2945 490 2986 unurn
514 2925 666 2995 dissentit,
696 2926 773 3004 quod
797 2935 841 2986 est
865 2925 965 2996 iaoiie,
995 2927 1073 3005 quod
1103 2926 1223 3004 quidam
1251 2945 1361 2986 nomen
1387 2933 1492 3005 putant

198 3049 254 3110 pro
277 3028 417 3090 aduerbio
441 3031 577 3107 positum,
601 3024 700 3088 ut'est
722 3030 852 3087 ‘toruum
876 3026 993 3088 olsmat’
1022 3027 1216 3090 ‘horrendum
1239 3029 1381 3089 resonat'.
1426 3029 1491 3089 Ita-

197 3150 255 3207 que
275 3135 303 3191 si
323 3134 362 3191 de
383 3132 440 3191 hoc
462 3147 579 3206 quoque
601 3131 686 3189 Petri
705 3133 771 3190 ioco
793 3131 871 3191 idem
894 3132 1012 3204 ualeat,
1042 3133 1125 3205 quod
1149 3134 1187 3191 de
1213 3133 1322 3192 ceteris
1348 3130 1388 3191 H.
1418 3130 1490 3189 Kei-

197 3236 256 3294 iius
280 3235 412 3294 Gramm.
436 3232 504 3293 aar.
528 3231 669 3307 Ipracs.
691 3249 723 3307 p.
747 3231 893 3292 XLVIII
912 3235 1075 3293 rectissime
1095 3236 1215 3305 statuit,
1247 3234 1417 3294 Geminiani
1436 3247 1490 3292 no

120 3320 123 3327 ’
195 3339 275 3395 utine
297 3352 317 3393 a
335 3334 557 3411 posterioribus
577 3336 641 3393 siue
660 3336 869 3407 praumaticis
889 3337 953 3393 siue
967 3336 1248 3395 commentatorihus
1268 3341 1415 3411 usurpato
1430 3350 1490 3394 non

198 3438 403 3498 Comiuianum
425 3439 532 3512 ipsun,
556 3438 611 3495 sed
632 3435 800 3496 Charisium
821 3437 1003 3510 sipuiricari,
1033 3439 1064 3497 iu
1087 3437 1221 3496 Charisii
1239 3438 1314 3497 tihri
1332 3454 1370 3496 ea
1389 3444 1490 3513 parte,

197 3557 257 3615 qua
285 3541 323 3598 dc
353 3538 499 3599 aduerhio
526 3539 630 3612 apitur
646 3554 680 3613 p.
708 3544 763 3596 166
784 3555 844 3613 sep.
874 3540 941 3599 ioco
963 3541 1068 3626 ¹nescio
1096 3556 1154 3614 quo
1181 3541 1324 3600 lacunam
1346 3555 1408 3599 esse
1428 3546 1489 3599 sta-

196 3650 314 3702 tuamus
336 3648 491 3718 oporteat,
520 3657 598 3715 quae
624 3648 658 3699 ut
685 3641 716 3698 in
739 3642 804 3715 ipso
825 3642 888 3701 eius
910 3648 1062 3701 tractatus
1083 3641 1268 3717 initio,'puo
1287 3643 1415 3715 penuini
1435 3641 1489 3700 66

196 3746 326 3802 miniani
343 3749 512 3818 praccepta
534 3740 716 3814 reseruntur
728 3758 764 3817 p.
791 3749 854 3815 166,
881 3749 917 3801 26
938 3776 981 3788 -
1001 3761 1035 3819 p.
1061 3750 1124 3817 161,
1151 3750 1202 3816 15,
1233 3744 1487 3819 deprehendatur,

198 3846 233 3905 oh
262 3846 294 3903 id
321 3862 381 3905 nou
405 3842 505 3917 fuerit
532 3845 749 3917 necessarium,
785 3846 858 3918 quia
887 3845 1072 3918 Diomedem,
1108 3848 1162 3920 qui
1191 3848 1254 3906 eius
1286 3847 1333 3905 rei
1358 3845 1490 3904 meminit

192 3964 227 4023 p.
254 3952 323 4019 166,
349 3954 377 4016 6,
402 3955 431 4004 ct
453 3947 627 4005 Cominiano
648 3954 677 4004 et
698 3945 880 4006 Palaemone
895 3949 1069 4020 promiscue
1088 3962 1173 4009 usum
1188 3964 1250 4007 esse
1263 3941 1390 4007 constat.
1429 3944 1492 4005 Sed

198 4065 258 4123 quo
275 4050 463 4123 potissimum
485 4050 551 4108 ioco
573 4050 660 4106 istam
683 4049 823 4106 lacunam
844 4054 976 4107 statuere
998 4048 1171 4122 debeamus,
1198 4066 1260 4109 nou
1281 4050 1390 4124 liquet,
1415 4049 1489 4122 quia

197 4152 410 4210 uniuersorum
431 4151 645 4210 sententiarum
662 4150 760 4224 piane
787 4149 984 4220 deficientium
1013 4152 1097 4209 nulia
1124 4152 1320 4211 inueniuntur
1339 4149 1382 4207 ihi
1401 4151 1488 4209 uesti-

194 4254 258 4327 pia.
303 4252 413 4326 Itaque
433 4255 591 4327 capotius
613 4253 741 4311 inclinat
761 4254 923 4324 sententia,
948 4253 1046 4326 iilum,
1077 4268 1163 4327 quem
1185 4253 1294 4312 Petrus
1315 4253 1487 4327 exscripsit,

195 4370 257 4413 uon
280 4355 318 4412 de
339 4353 488 4426 Charisia,
512 4355 566 4413 sed
586 4354 624 4411 de
645 4356 711 4430 ipso
734 4353 910 4413 dominiano
924 4356 1082 4428 copitasse,
1101 4354 1270 4414 Charisium
1291 4371 1365 4415 uero
1376 4369 1489 4430 parum

196 4462 341 4515 accurate
361 4457 424 4514 cius
443 4462 608 4531 praccepta
630 4459 825 4531 excerpsisse.
872 4455 957 4526 Quod
977 4463 1010 4516 ut
1030 4457 1176 4531 suspicer,
1200 4457 1259 4515 hac
1281 4473 1316 4515 re
1337 4457 1486 4529 adducor,

196 4559 269 4631 quia
291 4557 428 4617 donatus
449 4554 586 4631 quoque,
601 4574 687 4632 quem
702 4558 872 4618 Geminiani
892 4559 1026 4617 omnihus
1041 4558 1185 4633 partibus
1198 4560 1377 4619 simillimum
1390 4559 1490 4631 [uisse

196 4659 367 4718 Cominiani
397 4659 460 4718 loci
490 4675 510 4716 6
543 4659 682 4721 Charisia
715 4661 854 4735 excerpti
886 4666 1048 4733 testantur,
1084 4661 1123 4718 de
1155 4661 1259 4720 eadem
1287 4678 1321 4720 re
1349 4662 1490 4721 disseruit

189 4776 228 4834 p.
253 4767 321 4834 666,
348 4767 395 4821 26.
442 4761 611 4821 Geminiani
631 4777 704 4820 uero
725 4763 898 4820 senteutiam
916 4764 1109 4837 propapauit
1130 4761 1256 4836 Serpius
1276 4765 1341 4823 siue
1362 4763 1488 4824 Seruius

192 4878 224 4940 p.
252 4867 317 4937 166,
347 4869 410 4921 161
434 4869 471 4922 22
492 4864 531 4926 K.
