<?xml version="1.0" encoding="UTF-8"?>
<!DOCTYPE html PUBLIC "-//W3C//DTD XHTML 1.0 Transitional//EN"
    "http://www.w3.org/TR/xhtml1/DTD/xhtml1-transitional.dtd">
<html xmlns="http://www.w3.org/1999/xhtml" xml:lang="en" lang="en">
 <head>
  <title>
</title>
<meta http-equiv="Content-Type" content="text/html;charset=utf-8" />
  <meta name='ocr-system' content='tesseract 3.04.00' />
  <meta name='ocr-capabilities' content='ocr_page ocr_carea ocr_par ocr_line ocrx_word'/>
</head>
<body>
  <div class='ocr_page' id='page_1' title='image "./grammaticilatin06keilgoog_0240.png"; bbox 0 0 3382 5476; ppageno 0'>
   <div class='ocr_carea' id='block_1_1' title="bbox 553 328 1445 431">
    <p class='ocr_par' dir='ltr' id='par_1_1' title="bbox 553 328 1445 431">
     <span class='ocr_line' id='line_1_1' title="bbox 553 328 1445 431; baseline 0.021 -17"><span class='ocrx_word' id='word_1_1' title='bbox 553 362 629 414; x_wconf 86' lang='lat' dir='ltr'><strong>ovu</strong></span> <span class='ocrx_word' id='word_1_2' title='bbox 646 328 857 418; x_wconf 58' lang='lat' dir='ltr'><strong>uxonnpms&#39;</strong></span> <span class='ocrx_word' id='word_1_3' title='bbox 871 366 1043 420; x_wconf 78' lang='lat' dir='ltr'><strong>munima.</strong></span> <span class='ocrx_word' id='word_1_4' title='bbox 1311 381 1445 431; x_wconf 79' lang='lat' dir='ltr'><strong>ccxmx</strong></span> 
     </span>
    </p>
   </div>
   <div class='ocr_carea' id='block_1_2' title="bbox 120 551 1445 961">
    <p class='ocr_par' dir='ltr' id='par_1_2' title="bbox 120 551 1445 961">
     <span class='ocr_line' id='line_1_2' title="bbox 147 551 1445 634; baseline 0.006 -24"><span class='ocrx_word' id='word_1_5' title='bbox 147 556 206 614; x_wconf 81' lang='lat' dir='ltr'><strong>erit</strong></span> <span class='ocrx_word' id='word_1_6' title='bbox 234 551 425 619; x_wconf 82' lang='lat' dir='ltr'><strong>aduerbium.</strong></span> <span class='ocrx_word' id='word_1_7' title='bbox 459 560 488 612; x_wconf 88' lang='lat' dir='ltr'><strong>et</strong></span> <span class='ocrx_word' id='word_1_8' title='bbox 515 556 540 613; x_wconf 87' lang='lat' dir='ltr'><strong>si</strong></span> <span class='ocrx_word' id='word_1_9' title='bbox 570 551 680 614; x_wconf 85' lang='lat' dir='ltr'><strong>dicam:</strong></span> <span class='ocrx_word' id='word_1_10' title='bbox 712 554 876 632; x_wconf 80' lang='lat' dir='ltr'><strong>‘quoquo</strong></span> <span class='ocrx_word' id='word_1_11' title='bbox 904 552 972 612; x_wconf 91' lang='lat' dir='ltr'><strong>hoc</strong></span> <span class='ocrx_word' id='word_1_12' title='bbox 1000 559 1137 634; x_wconf 87' lang='lat' dir='ltr'><strong>eapnt’,</strong></span> <span class='ocrx_word' id='word_1_13' title='bbox 1169 558 1233 616; x_wconf 82' lang='lat' dir='ltr'><strong>erit</strong></span> <span class='ocrx_word' id='word_1_14' title='bbox 1261 559 1445 618; x_wconf 84' lang='lat' dir='ltr'><strong>coniunctio.</strong></span> 
     </span>
     <span class='ocr_line' id='line_1_3' title="bbox 146 637 1445 712; baseline 0.003 -13"><span class='ocrx_word' id='word_1_15' title='bbox 146 638 266 699; x_wconf 75' lang='lat' dir='ltr'><strong>‘Porro&#39;</strong></span> <span class='ocrx_word' id='word_1_16' title='bbox 290 649 318 697; x_wconf 85' lang='lat' dir='ltr'><strong>et</strong></span> <span class='ocrx_word' id='word_1_17' title='bbox 340 656 447 698; x_wconf 86' lang='lat' dir='ltr'><strong>nomen</strong></span> <span class='ocrx_word' id='word_1_18' title='bbox 472 645 561 699; x_wconf 86' lang='lat' dir='ltr'><strong>estet</strong></span> <span class='ocrx_word' id='word_1_19' title='bbox 576 637 762 702; x_wconf 81' lang='lat' dir='ltr'><strong>adnerbium.</strong></span> <span class='ocrx_word' id='word_1_20' title='bbox 786 644 830 698; x_wconf 86' lang='lat' dir='ltr'><strong>est</strong></span> <span class='ocrx_word' id='word_1_21' title='bbox 845 645 875 697; x_wconf 86' lang='lat' dir='ltr'><strong>et</strong></span> <span class='ocrx_word' id='word_1_22' title='bbox 890 640 1068 707; x_wconf 79' lang='lat' dir='ltr'><strong>coniunctio.</strong></span> <span class='ocrx_word' id='word_1_23' title='bbox 1108 641 1281 711; x_wconf 75' lang='lat' dir='ltr'><strong>Quomodo?</strong></span> <span class='ocrx_word' id='word_1_24' title='bbox 1321 641 1445 712; x_wconf 82' lang='lat' dir='ltr'><strong>Quando</strong></span> 
     </span>
     <span class='ocr_line' id='line_1_4' title="bbox 146 721 1443 806; baseline 0.004 -23"><span class='ocrx_word' id='word_1_25' title='bbox 146 743 204 803; x_wconf 87' lang='lat' dir='ltr'><strong>pro</strong></span> <span class='ocrx_word' id='word_1_26' title='bbox 228 722 315 783; x_wconf 86' lang='lat' dir='ltr'><strong>‘olus&#39;</strong></span> <span class='ocrx_word' id='word_1_27' title='bbox 339 723 460 800; x_wconf 78' lang='lat' dir='ltr'><strong>dixero,</strong></span> <span class='ocrx_word' id='word_1_28' title='bbox 489 726 546 784; x_wconf 85' lang='lat' dir='ltr'><strong>erit</strong></span> <span class='ocrx_word' id='word_1_29' title='bbox 570 740 693 791; x_wconf 83' lang='lat' dir='ltr'><strong>nomen,</strong></span> <span class='ocrx_word' id='word_1_30' title='bbox 724 721 842 803; x_wconf 86' lang='lat' dir='ltr'><strong>quando</strong></span> <span class='ocrx_word' id='word_1_31' title='bbox 869 741 924 801; x_wconf 86' lang='lat' dir='ltr'><strong>pro</strong></span> <span class='ocrx_word' id='word_1_32' title='bbox 947 727 1071 784; x_wconf 72' lang='lat' dir='ltr'><strong>‘autem’</strong></span> <span class='ocrx_word' id='word_1_33' title='bbox 1093 733 1142 785; x_wconf 91' lang='lat' dir='ltr'><strong>aut</strong></span> <span class='ocrx_word' id='word_1_34' title='bbox 1165 726 1290 786; x_wconf 74' lang='lat' dir='ltr'><strong>‘tamon’</strong></span> <span class='ocrx_word' id='word_1_35' title='bbox 1313 728 1443 806; x_wconf 88' lang='lat' dir='ltr'><strong>positum</strong></span> 
     </span>
     <span class='ocr_line' id='line_1_5' title="bbox 148 808 1443 888; baseline 0.002 -19"><span class='ocrx_word' id='word_1_36' title='bbox 148 810 253 875; x_wconf 84' lang='lat' dir='ltr'><strong>iuerit,</strong></span> <span class='ocrx_word' id='word_1_37' title='bbox 284 817 316 868; x_wconf 88' lang='lat' dir='ltr'><strong>ut</strong></span> <span class='ocrx_word' id='word_1_38' title='bbox 343 819 429 888; x_wconf 87' lang='lat' dir='ltr'><strong>puta:</strong></span> <span class='ocrx_word' id='word_1_39' title='bbox 466 811 598 888; x_wconf 81' lang='lat' dir='ltr'><strong>‘porro</strong></span> <span class='ocrx_word' id='word_1_40' title='bbox 629 817 664 868; x_wconf 87' lang='lat' dir='ltr'><strong>tu</strong></span> <span class='ocrx_word' id='word_1_41' title='bbox 694 811 848 868; x_wconf 86' lang='lat' dir='ltr'><strong>animam</strong></span> <span class='ocrx_word' id='word_1_42' title='bbox 878 816 973 869; x_wconf 91' lang='lat' dir='ltr'><strong>tuam</strong></span> <span class='ocrx_word' id='word_1_43' title='bbox 1001 808 1211 880; x_wconf 80' lang='lat' dir='ltr'><strong>liberasti’‚</strong></span> <span class='ocrx_word' id='word_1_44' title='bbox 1242 811 1296 871; x_wconf 87' lang='lat' dir='ltr'><strong>hoc</strong></span> <span class='ocrx_word' id='word_1_45' title='bbox 1326 820 1370 873; x_wconf 89' lang='lat' dir='ltr'><strong>est</strong></span> <span class='ocrx_word' id='word_1_46' title='bbox 1399 813 1443 872; x_wconf 79' lang='lat' dir='ltr'><strong>‘tu</strong></span> 
     </span>
     <span class='ocr_line' id='line_1_6' title="bbox 120 892 1171 961; baseline 0.001 -7"><span class='ocrx_word' id='word_1_47' title='bbox 120 896 260 954; x_wconf 72' lang='lat' dir='ltr'><strong>sautem&#39;</strong></span> <span class='ocrx_word' id='word_1_48' title='bbox 286 896 329 953; x_wconf 83' lang='lat' dir='ltr'><strong>‘iu</strong></span> <span class='ocrx_word' id='word_1_49' title='bbox 353 903 451 953; x_wconf 86' lang='lat' dir='ltr'><strong>tamen</strong></span> <span class='ocrx_word' id='word_1_50' title='bbox 475 895 604 954; x_wconf 88' lang='lat' dir='ltr'><strong>animam</strong></span> <span class='ocrx_word' id='word_1_51' title='bbox 627 902 708 953; x_wconf 90' lang='lat' dir='ltr'><strong>tuam</strong></span> <span class='ocrx_word' id='word_1_52' title='bbox 731 892 886 961; x_wconf 66' lang='lat' dir='ltr'><strong>liberasti,</strong></span> <span class='ocrx_word' id='word_1_53' title='bbox 911 896 968 954; x_wconf 84' lang='lat' dir='ltr'><strong>erit</strong></span> <span class='ocrx_word' id='word_1_54' title='bbox 991 898 1171 957; x_wconf 85' lang='lat' dir='ltr'><strong>coniunctio.</strong></span> 
     </span>
    </p>
   </div>
   <div class='ocr_carea' id='block_1_3' title="bbox 147 1060 1232 1398">
    <p class='ocr_par' dir='ltr' id='par_1_3' title="bbox 147 1060 1232 1398">
     <span class='ocr_line' id='line_1_7' title="bbox 149 1060 846 1144; baseline 0 -22"><span class='ocrx_word' id='word_1_55' title='bbox 149 1060 163 1143; x_wconf 85' lang='grc'><strong>11</strong></span> <span class='ocrx_word' id='word_1_56' title='bbox 181 1060 411 1144; x_wconf 61' lang='lat' dir='ltr'><strong>[43211‘011e’</strong></span> <span class='ocrx_word' id='word_1_57' title='bbox 434 1062 641 1123; x_wconf 88' lang='lat' dir='ltr'><strong>subiunctiuae</strong></span> <span class='ocrx_word' id='word_1_58' title='bbox 664 1063 846 1144; x_wconf 83' lang='lat' dir='ltr'><strong>exemplum:</strong></span> 
     </span>
     <span class='ocr_line' id='line_1_8' title="bbox 504 1147 1056 1228; baseline 0.004 -20"><span class='ocrx_word' id='word_1_59' title='bbox 504 1148 684 1228; x_wconf 82' lang='lat' dir='ltr'><strong>Qterqne</strong></span> <span class='ocrx_word' id='word_1_60' title='bbox 707 1156 922 1228; x_wconf 81' lang='lat' dir='ltr'>quaterque</span> <span class='ocrx_word' id='word_1_61' title='bbox 944 1147 1056 1210; x_wconf 87' lang='lat' dir='ltr'><strong>beati.</strong></span> 
     </span>
     <span class='ocr_line' id='line_1_9' title="bbox 147 1231 681 1295; baseline 0.004 -4"><span class='ocrx_word' id='word_1_62' title='bbox 147 1231 290 1293; x_wconf 79' lang='lat' dir='ltr'><strong>Similiter</strong></span> <span class='ocrx_word' id='word_1_63' title='bbox 314 1233 437 1293; x_wconf 66' lang='lat' dir='ltr'><strong>‘alitem&#39;</strong></span> <span class='ocrx_word' id='word_1_64' title='bbox 461 1231 681 1295; x_wconf 84' lang='lat' dir='ltr'><strong>subiunctiuao:</strong></span> 
     </span>
     <span class='ocr_line' id='line_1_10' title="bbox 298 1317 1232 1398; baseline 0.003 -20"><span class='ocrx_word' id='word_1_65' title='bbox 298 1317 380 1398; x_wconf 83' lang='lat' dir='ltr'><strong>lpse</strong></span> <span class='ocrx_word' id='word_1_66' title='bbox 403 1325 526 1379; x_wconf 86' lang='lat' dir='ltr'><strong>autem</strong></span> <span class='ocrx_word' id='word_1_67' title='bbox 548 1318 682 1379; x_wconf 87' lang='lat' dir='ltr'><strong>consul</strong></span> <span class='ocrx_word' id='word_1_68' title='bbox 705 1318 1052 1397; x_wconf 85' lang='lat' dir='ltr'><strong>saorodiademate</strong></span> <span class='ocrx_word' id='word_1_69' title='bbox 1075 1318 1232 1398; x_wconf 79' lang='lat' dir='ltr'><strong>[ialgens.</strong></span> 
     </span>
    </p>
   </div>
   <div class='ocr_carea' id='block_1_4' title="bbox 106 1487 1443 2162">
    <p class='ocr_par' dir='ltr' id='par_1_4' title="bbox 106 1487 1443 2162">
     <span class='ocr_line' id='line_1_11' title="bbox 109 1487 1232 1567; baseline 0.006 -25"><span class='ocrx_word' id='word_1_70' title='bbox 109 1506 134 1544; x_wconf 86' lang='grc' dir='ltr'><strong>ιο</strong></span> <span class='ocrx_word' id='word_1_71' title='bbox 193 1489 317 1563; x_wconf 70' lang='lat' dir='ltr'><strong>(Aptior</strong></span> <span class='ocrx_word' id='word_1_72' title='bbox 339 1489 378 1548; x_wconf 85' lang='lat' dir='ltr'><strong>de</strong></span> <span class='ocrx_word' id='word_1_73' title='bbox 400 1490 601 1549; x_wconf 80' lang='lat' dir='ltr'><strong>communibus</strong></span> <span class='ocrx_word' id='word_1_74' title='bbox 624 1490 674 1548; x_wconf 84' lang='lat' dir='ltr'><strong>‘et’</strong></span> <span class='ocrx_word' id='word_1_75' title='bbox 695 1489 846 1564; x_wconf 65' lang='lat' dir='ltr'><strong>‘initur&#39;):</strong></span> <span class='ocrx_word' id='word_1_76' title='bbox 870 1487 905 1548; x_wconf 91' lang='lat' dir='ltr'><strong>da</strong></span> <span class='ocrx_word' id='word_1_77' title='bbox 929 1487 979 1547; x_wconf 91' lang='lat' dir='ltr'><strong>ubi</strong></span> <span class='ocrx_word' id='word_1_78' title='bbox 1001 1497 1232 1567; x_wconf 77' lang='lat' dir='ltr'><strong>praeponantur.</strong></span> 
     </span>
     <span class='ocr_line' id='line_1_12' title="bbox 299 1571 1259 1653; baseline 0.004 -21"><span class='ocrx_word' id='word_1_79' title='bbox 299 1572 341 1632; x_wconf 83' lang='lat' dir='ltr'><strong>Et</strong></span> <span class='ocrx_word' id='word_1_80' title='bbox 363 1582 514 1652; x_wconf 81' lang='lat' dir='ltr'><strong>sceptro</strong></span> <span class='ocrx_word' id='word_1_81' title='bbox 537 1580 573 1632; x_wconf 88' lang='lat' dir='ltr'><strong>ot</strong></span> <span class='ocrx_word' id='word_1_82' title='bbox 595 1571 690 1633; x_wconf 85' lang='lat' dir='ltr'><strong>solio</strong></span> <span class='ocrx_word' id='word_1_83' title='bbox 713 1572 872 1653; x_wconf 83' lang='lat' dir='ltr'><strong>praebet</strong></span> <span class='ocrx_word' id='word_1_84' title='bbox 894 1572 966 1633; x_wconf 90' lang='lat' dir='ltr'><strong>sibi</strong></span> <span class='ocrx_word' id='word_1_85' title='bbox 989 1575 1043 1633; x_wconf 84' lang='lat' dir='ltr'><strong>ira</strong></span> <span class='ocrx_word' id='word_1_86' title='bbox 1066 1576 1259 1651; x_wconf 82' lang='lat' dir='ltr'><strong>magistro.</strong></span> 
     </span>
     <span class='ocr_line' id='line_1_13' title="bbox 147 1656 516 1735; baseline 0.003 -18"><span class='ocrx_word' id='word_1_87' title='bbox 147 1656 262 1718; x_wconf 84' lang='lat' dir='ltr'><strong>[inubi</strong></span> <span class='ocrx_word' id='word_1_88' title='bbox 291 1657 516 1735; x_wconf 82' lang='lat' dir='ltr'><strong>subiungantur.</strong></span> 
     </span>
     <span class='ocr_line' id='line_1_14' title="bbox 297 1741 1204 1822; baseline 0.003 -20"><span class='ocrx_word' id='word_1_89' title='bbox 297 1744 474 1822; x_wconf 77' lang='lat' dir='ltr'><strong>decipite</strong></span> <span class='ocrx_word' id='word_1_90' title='bbox 498 1752 532 1802; x_wconf 84' lang='lat' dir='ltr'><strong>ot</strong></span> <span class='ocrx_word' id='word_1_91' title='bbox 554 1741 667 1803; x_wconf 90' lang='lat' dir='ltr'><strong>laetis</strong></span> <span class='ocrx_word' id='word_1_92' title='bbox 689 1750 808 1803; x_wconf 84' lang='lat' dir='ltr'><strong>uatem</strong></span> <span class='ocrx_word' id='word_1_93' title='bbox 831 1751 1008 1803; x_wconf 81' lang='lat' dir='ltr'><strong>neiiooate</strong></span> <span class='ocrx_word' id='word_1_94' title='bbox 1030 1746 1204 1805; x_wconf 79' lang='lat' dir='ltr'><strong>camenis.</strong></span> 
     </span>
     <span class='ocr_line' id='line_1_15' title="bbox 145 1825 1443 1907; baseline 0.005 -21"><span class='ocrx_word' id='word_1_95' title='bbox 145 1825 330 1887; x_wconf 72' lang='lat' dir='ltr'><strong>‘Locutus</strong></span> <span class='ocrx_word' id='word_1_96' title='bbox 353 1836 411 1887; x_wconf 85' lang='lat' dir='ltr'><strong>est</strong></span> <span class='ocrx_word' id='word_1_97' title='bbox 433 1828 623 1896; x_wconf 87' lang='lat' dir='ltr'><strong>dominus,</strong></span> <span class='ocrx_word' id='word_1_98' title='bbox 652 1829 739 1888; x_wconf 84' lang='lat' dir='ltr'><strong>item</strong></span> <span class='ocrx_word' id='word_1_99' title='bbox 766 1828 845 1907; x_wconf 87' lang='lat' dir='ltr'><strong>ipse</strong></span> <span class='ocrx_word' id='word_1_100' title='bbox 868 1827 963 1888; x_wconf 81' lang='lat' dir='ltr'><strong>dixit</strong></span> <span class='ocrx_word' id='word_1_101' title='bbox 992 1837 1027 1889; x_wconf 85' lang='lat' dir='ltr'><strong>et</strong></span> <span class='ocrx_word' id='word_1_102' title='bbox 1049 1829 1146 1889; x_wconf 83' lang='lat' dir='ltr'><strong>iacta</strong></span> <span class='ocrx_word' id='word_1_103' title='bbox 1171 1835 1282 1890; x_wconf 89' lang='lat' dir='ltr'><strong>sunt&#39;.</strong></span> <span class='ocrx_word' id='word_1_104' title='bbox 1329 1831 1368 1892; x_wconf 87' lang='lat' dir='ltr'><strong>Da</strong></span> <span class='ocrx_word' id='word_1_105' title='bbox 1391 1831 1443 1892; x_wconf 87' lang='lat' dir='ltr'><strong>ubi</strong></span> 
     </span>
     <span class='ocr_line' id='line_1_16' title="bbox 106 1911 1442 1992; baseline 0.009 -27"><span class='ocrx_word' id='word_1_106' title='bbox 106 1927 131 1965; x_wconf 79' lang='lat' dir='ltr'><strong>u</strong></span> <span class='ocrx_word' id='word_1_107' title='bbox 147 1913 261 1990; x_wconf 81' lang='lat' dir='ltr'><strong>‘igitur&#39;</strong></span> <span class='ocrx_word' id='word_1_108' title='bbox 285 1921 494 1992; x_wconf 80' lang='lat' dir='ltr'><strong>praeponatur.</strong></span> <span class='ocrx_word' id='word_1_109' title='bbox 538 1911 678 1989; x_wconf 75' lang='lat' dir='ltr'><strong>‘Igitur</strong></span> <span class='ocrx_word' id='word_1_110' title='bbox 699 1930 778 1974; x_wconf 87' lang='lat' dir='ltr'><strong>oum</strong></span> <span class='ocrx_word' id='word_1_111' title='bbox 802 1915 971 1974; x_wconf 85' lang='lat' dir='ltr'><strong>uenisset</strong></span> <span class='ocrx_word' id='word_1_112' title='bbox 991 1913 1190 1975; x_wconf 88' lang='lat' dir='ltr'><strong>domiuus’.</strong></span> <span class='ocrx_word' id='word_1_113' title='bbox 1238 1914 1277 1976; x_wconf 88' lang='lat' dir='ltr'><strong>Da</strong></span> <span class='ocrx_word' id='word_1_114' title='bbox 1299 1915 1352 1977; x_wconf 89' lang='lat' dir='ltr'><strong>ubi</strong></span> <span class='ocrx_word' id='word_1_115' title='bbox 1372 1916 1442 1977; x_wconf 89' lang='lat' dir='ltr'><strong>sub·</strong></span> 
     </span>
     <span class='ocr_line' id='line_1_17' title="bbox 146 1997 821 2074; baseline 0.001 -16"><span class='ocrx_word' id='word_1_116' title='bbox 146 1999 294 2074; x_wconf 80' lang='lat' dir='ltr'><strong>iungatur.</strong></span> <span class='ocrx_word' id='word_1_117' title='bbox 340 1997 457 2058; x_wconf 75' lang='lat' dir='ltr'><strong>‘Dixit</strong></span> <span class='ocrx_word' id='word_1_118' title='bbox 478 1999 597 2074; x_wconf 81' lang='lat' dir='ltr'><strong>igitur</strong></span> <span class='ocrx_word' id='word_1_119' title='bbox 620 1997 821 2059; x_wconf 86' lang='lat' dir='ltr'><strong>dominus’.</strong></span> 
     </span>
     <span class='ocr_line' id='line_1_18' title="bbox 296 2080 1139 2162; baseline 0 -20"><span class='ocrx_word' id='word_1_120' title='bbox 296 2080 370 2142; x_wconf 86' lang='lat' dir='ltr'><strong>llos</strong></span> <span class='ocrx_word' id='word_1_121' title='bbox 393 2083 510 2160; x_wconf 81' lang='lat' dir='ltr'><strong>igitur</strong></span> <span class='ocrx_word' id='word_1_122' title='bbox 533 2082 640 2143; x_wconf 89' lang='lat' dir='ltr'><strong>nobis</strong></span> <span class='ocrx_word' id='word_1_123' title='bbox 663 2085 763 2144; x_wconf 86' lang='lat' dir='ltr'><strong>trina</strong></span> <span class='ocrx_word' id='word_1_124' title='bbox 784 2086 931 2162; x_wconf 86' lang='lat' dir='ltr'><strong>pietate</strong></span> <span class='ocrx_word' id='word_1_125' title='bbox 954 2086 1139 2160; x_wconf 79' lang='lat' dir='ltr'><strong>uigentes.</strong></span> 
     </span>
    </p>
   </div>
   <div class='ocr_carea' id='block_1_5' title="bbox 102 2247 1437 2755">
    <p class='ocr_par' dir='ltr' id='par_1_5' title="bbox 102 2247 1437 2755">
     <span class='ocr_line' id='line_1_19' title="bbox 230 2247 1437 2331; baseline 0.007 -22"><span class='ocrx_word' id='word_1_126' title='bbox 230 2247 243 2331; x_wconf 69' lang='lat' dir='ltr'><strong>ii</strong></span> <span class='ocrx_word' id='word_1_127' title='bbox 261 2251 278 2309; x_wconf 88' lang='lat' dir='ltr'><strong>i.</strong></span> <span class='ocrx_word' id='word_1_128' title='bbox 294 2248 355 2311; x_wconf 75' lang='lat'><strong>44⁸</strong></span> <span class='ocrx_word' id='word_1_129' title='bbox 369 2248 383 2330; x_wconf 85' lang='grc' dir='ltr'><strong>ΙΙ</strong></span> <span class='ocrx_word' id='word_1_130' title='bbox 398 2251 430 2313; x_wconf 89' lang='lat' dir='ltr'><strong>ln</strong></span> <span class='ocrx_word' id='word_1_131' title='bbox 454 2254 637 2313; x_wconf 82' lang='lat' dir='ltr'><strong>eontrarium</strong></span> <span class='ocrx_word' id='word_1_132' title='bbox 662 2255 760 2319; x_wconf 82' lang='lat' dir='ltr'><strong>uertit,</strong></span> <span class='ocrx_word' id='word_1_133' title='bbox 783 2262 816 2312; x_wconf 87' lang='lat' dir='ltr'><strong>ut</strong></span> <span class='ocrx_word' id='word_1_134' title='bbox 836 2252 941 2313; x_wconf 80' lang='lat' dir='ltr'><strong>‘natat’</strong></span> <span class='ocrx_word' id='word_1_135' title='bbox 965 2256 1113 2315; x_wconf 57' lang='lat' dir='ltr'><strong>‘innatast</strong></span> <span class='ocrx_word' id='word_1_136' title='bbox 1158 2254 1333 2325; x_wconf 77' lang='lat' dir='ltr'><strong>Quomodo?</strong></span> <span class='ocrx_word' id='word_1_137' title='bbox 1366 2256 1437 2318; x_wconf 83' lang='lat' dir='ltr'><strong>Tale</strong></span> 
     </span>
     <span class='ocr_line' id='line_1_20' title="bbox 144 2335 1041 2417; baseline -0.001 -20"><span class='ocrx_word' id='word_1_138' title='bbox 144 2343 190 2397; x_wconf 88' lang='lat' dir='ltr'><strong>est</strong></span> <span class='ocrx_word' id='word_1_139' title='bbox 212 2337 316 2396; x_wconf 80' lang='lat' dir='ltr'><strong>‘natat&#39;</strong></span> <span class='ocrx_word' id='word_1_140' title='bbox 340 2335 427 2415; x_wconf 87' lang='lat' dir='ltr'><strong>quale</strong></span> <span class='ocrx_word' id='word_1_141' title='bbox 451 2344 496 2396; x_wconf 91' lang='lat' dir='ltr'><strong>est</strong></span> <span class='ocrx_word' id='word_1_142' title='bbox 518 2340 665 2397; x_wconf 52' lang='lat' dir='ltr'><strong>‘innatatfi</strong></span> <span class='ocrx_word' id='word_1_143' title='bbox 711 2337 752 2398; x_wconf 85' lang='lat' dir='ltr'><strong>Da</strong></span> <span class='ocrx_word' id='word_1_144' title='bbox 776 2340 841 2398; x_wconf 86' lang='lat' dir='ltr'><strong>eius</strong></span> <span class='ocrx_word' id='word_1_145' title='bbox 864 2336 1041 2417; x_wconf 83' lang='lat' dir='ltr'><strong>exemplum.</strong></span> 
     </span>
     <span class='ocr_line' id='line_1_21' title="bbox 102 2420 1025 2483; baseline 0.008 -8"><span class='ocrx_word' id='word_1_146' title='bbox 102 2437 129 2475; x_wconf 76' lang='lat' dir='ltr'><strong>ao</strong></span> <span class='ocrx_word' id='word_1_147' title='bbox 749 2421 895 2483; x_wconf 90' lang='lat' dir='ltr'><strong>innatat</strong></span> <span class='ocrx_word' id='word_1_148' title='bbox 917 2420 1025 2482; x_wconf 89' lang='lat' dir='ltr'><strong>ainus</strong></span> 
     </span>
     <span class='ocr_line' id='line_1_22' title="bbox 446 2505 1245 2577; baseline -0.004 -11"><span class='ocrx_word' id='word_1_149' title='bbox 446 2506 558 2566; x_wconf 83' lang='lat' dir='ltr'><strong>Missa</strong></span> <span class='ocrx_word' id='word_1_150' title='bbox 582 2505 687 2566; x_wconf 81' lang='lat' dir='ltr'><strong>Pado.</strong></span> <span class='ocrx_word' id='word_1_151' title='bbox 1242 2571 1245 2577; x_wconf 92' lang='lat'><em>.</em></span> 
     </span>
     <span class='ocr_line' id='line_1_23' title="bbox 144 2589 1436 2672; baseline 0.005 -24"><span class='ocrx_word' id='word_1_152' title='bbox 144 2589 316 2658; x_wconf 79' lang='lat' dir='ltr'><strong>Quomodo?</strong></span> <span class='ocrx_word' id='word_1_153' title='bbox 360 2589 432 2659; x_wconf 86' lang='lat' dir='ltr'><strong>Quia</strong></span> <span class='ocrx_word' id='word_1_154' title='bbox 456 2590 569 2652; x_wconf 73' lang='lat' dir='ltr'><strong>abscisa</strong></span> <span class='ocrx_word' id='word_1_155' title='bbox 586 2589 680 2666; x_wconf 83' lang='lat' dir='ltr'><strong>alnus,</strong></span> <span class='ocrx_word' id='word_1_156' title='bbox 704 2590 782 2670; x_wconf 79' lang='lat' dir='ltr'><strong>quod</strong></span> <span class='ocrx_word' id='word_1_157' title='bbox 807 2602 850 2651; x_wconf 81' lang='lat' dir='ltr'><strong>est</strong></span> <span class='ocrx_word' id='word_1_158' title='bbox 872 2590 989 2653; x_wconf 83' lang='lat' dir='ltr'><strong>arboris</strong></span> <span class='ocrx_word' id='word_1_159' title='bbox 1004 2610 1107 2670; x_wconf 83' lang='lat' dir='ltr'><strong>genus,</strong></span> <span class='ocrx_word' id='word_1_160' title='bbox 1131 2611 1185 2670; x_wconf 82' lang='lat' dir='ltr'><strong>pen</strong></span> <span class='ocrx_word' id='word_1_161' title='bbox 1208 2593 1317 2654; x_wconf 86' lang='lat' dir='ltr'><strong>flumen</strong></span> <span class='ocrx_word' id='word_1_162' title='bbox 1341 2595 1436 2672; x_wconf 84' lang='lat' dir='ltr'><strong>ipsud,</strong></span> 
     </span>
     <span class='ocr_line' id='line_1_24' title="bbox 142 2675 854 2755; baseline 0.001 -22"><span class='ocrx_word' id='word_1_163' title='bbox 142 2675 221 2755; x_wconf 85' lang='lat' dir='ltr'><strong>quod</strong></span> <span class='ocrx_word' id='word_1_164' title='bbox 245 2675 354 2736; x_wconf 85' lang='lat' dir='ltr'><strong>dicitur</strong></span> <span class='ocrx_word' id='word_1_165' title='bbox 376 2675 481 2744; x_wconf 85' lang='lat' dir='ltr'><strong>Padus,</strong></span> <span class='ocrx_word' id='word_1_166' title='bbox 506 2675 671 2737; x_wconf 82' lang='lat' dir='ltr'><strong>ducebatur</strong></span> <span class='ocrx_word' id='word_1_167' title='bbox 692 2677 854 2753; x_wconf 84' lang='lat' dir='ltr'><strong>inriguum.</strong></span> 
     </span>
    </p>
   </div>
   <div class='ocr_carea' id='block_1_6' title="bbox 666 2911 905 2975">
    <p class='ocr_par' dir='ltr' id='par_1_6' title="bbox 666 2911 905 2975">
     <span class='ocr_line' id='line_1_25' title="bbox 666 2911 905 2975; baseline 0.004 -1"><span class='ocrx_word' id='word_1_168' title='bbox 666 2911 714 2974; x_wconf 83' lang='lat' dir='ltr'><strong>DE</strong></span> <span class='ocrx_word' id='word_1_169' title='bbox 737 2912 905 2975; x_wconf 75' lang='lat' dir='ltr'><strong>Lli&#39;runn</strong></span> 
     </span>
    </p>
   </div>
   <div class='ocr_carea' id='block_1_7' title="bbox 100 3080 1223 3249">
    <p class='ocr_par' dir='ltr' id='par_1_7' title="bbox 100 3080 1223 3249">
     <span class='ocr_line' id='line_1_26' title="bbox 100 3080 548 3165; baseline 0.016 -27"><span class='ocrx_word' id='word_1_170' title='bbox 100 3100 128 3138; x_wconf 74' lang='lat' dir='ltr'><strong>ea</strong></span> <span class='ocrx_word' id='word_1_171' title='bbox 143 3080 156 3163; x_wconf 88' lang='grc' dir='ltr'><strong>ΙΙ</strong></span> <span class='ocrx_word' id='word_1_172' title='bbox 174 3084 193 3143; x_wconf 90' lang='lat' dir='ltr'><strong>i.</strong></span> <span class='ocrx_word' id='word_1_173' title='bbox 210 3081 271 3144; x_wconf 74' lang='grc' dir='ltr'><strong>47ι</strong></span> <span class='ocrx_word' id='word_1_174' title='bbox 287 3081 298 3165; x_wconf 86' lang='grc' dir='ltr'><strong>ΙΙ</strong></span> <span class='ocrx_word' id='word_1_175' title='bbox 316 3084 354 3144; x_wconf 80' lang='lat' dir='ltr'><strong>lia</strong></span> <span class='ocrx_word' id='word_1_176' title='bbox 379 3103 393 3144; x_wconf 86' lang='lat' dir='ltr'><strong>a</strong></span> <span class='ocrx_word' id='word_1_177' title='bbox 418 3083 548 3162; x_wconf 82' lang='lat' dir='ltr'><strong>longum.</strong></span> 
     </span>
     <span class='ocr_line' id='line_1_27' title="bbox 314 3167 1223 3249; baseline 0.003 -21"><span class='ocrx_word' id='word_1_178' title='bbox 314 3168 420 3230; x_wconf 90' lang='lat' dir='ltr'><strong>Nulla</strong></span> <span class='ocrx_word' id='word_1_179' title='bbox 445 3178 528 3230; x_wconf 83' lang='lat' dir='ltr'><strong>tuos</strong></span> <span class='ocrx_word' id='word_1_180' title='bbox 552 3187 717 3249; x_wconf 84' lang='lat' dir='ltr'><strong>umquam</strong></span> <span class='ocrx_word' id='word_1_181' title='bbox 740 3177 875 3229; x_wconf 83' lang='lat' dir='ltr'><strong>cantus</strong></span> <span class='ocrx_word' id='word_1_182' title='bbox 897 3167 1113 3230; x_wconf 86' lang='lat' dir='ltr'><strong>imitabitur</strong></span> <span class='ocrx_word' id='word_1_183' title='bbox 1136 3169 1223 3231; x_wconf 84' lang='lat' dir='ltr'><strong>aios.</strong></span> 
     </span>
    </p>
   </div>
   <div class='ocr_carea' id='block_1_8' title="bbox 141 3369 1432 3500">
    <p class='ocr_par' dir='ltr' id='par_1_8' title="bbox 141 3369 1432 3500">
     <span class='ocr_line' id='line_1_28' title="bbox 141 3369 1432 3500; baseline 0.05 -24"><span class='ocrx_word' id='word_1_184' title='bbox 141 3369 397 3484; x_wconf 54' lang='lat' dir='ltr'><strong>siuiopvpppzpus</strong></span> <span class='ocrx_word' id='word_1_185' title='bbox 417 3445 447 3499; x_wconf 78' lang='lat' dir='ltr'><strong>p.</strong></span> <span class='ocrx_word' id='word_1_186' title='bbox 475 3433 546 3483; x_wconf 78' lang='lat'><strong>105:</strong></span> <span class='ocrx_word' id='word_1_187' title='bbox 569 3430 621 3483; x_wconf 82' lang='lat' dir='ltr'><strong>dut</strong></span> <span class='ocrx_word' id='word_1_188' title='bbox 644 3426 850 3498; x_wconf 68' lang='lat' dir='ltr'><strong>subitacione,</strong></span> <span class='ocrx_word' id='word_1_189' title='bbox 876 3435 907 3483; x_wconf 61' lang='lat'><strong>¹¹?</strong></span> <span class='ocrx_word' id='word_1_190' title='bbox 928 3442 998 3500; x_wconf 70' lang='lat'>‘1⁰³⁰</span> <span class='ocrx_word' id='word_1_191' title='bbox 1019 3434 1118 3482; x_wconf 47' lang='lat' dir='ltr'><strong>autem·</strong></span> <span class='ocrx_word' id='word_1_192' title='bbox 1162 3424 1321 3493; x_wconf 62' lang='lat' dir='ltr'><strong>Qu⁰m⁰d⁰?</strong></span> <span class='ocrx_word' id='word_1_193' title='bbox 1365 3430 1432 3499; x_wconf 56' lang='lat' dir='ltr'><strong>Quia</strong></span> 
     </span>
    </p>
   </div>
   <div class='ocr_carea' id='block_1_9' title="bbox 137 3508 1432 4436">
    <p class='ocr_par' dir='ltr' id='par_1_9' title="bbox 140 3508 1184 3587">
     <span class='ocr_line' id='line_1_29' title="bbox 140 3508 1184 3587; baseline 0 -20"><span class='ocrx_word' id='word_1_194' title='bbox 140 3528 247 3587; x_wconf 80' lang='lat' dir='ltr'><strong>sempor</strong></span> <span class='ocrx_word' id='word_1_195' title='bbox 268 3511 486 3585; x_wconf 81' lang='lat' dir='ltr'><strong>subiunguntur:</strong></span> <span class='ocrx_word' id='word_1_196' title='bbox 507 3508 638 3586; x_wconf 75' lang='lat' dir='ltr'><strong>‘dixitque</strong></span> <span class='ocrx_word' id='word_1_197' title='bbox 661 3510 798 3568; x_wconf 84' lang='lat' dir='ltr'><strong>dominus&#39;</strong></span> <span class='ocrx_word' id='word_1_198' title='bbox 822 3509 901 3566; x_wconf 78' lang='lat' dir='ltr'><strong>‘dun</strong></span> <span class='ocrx_word' id='word_1_199' title='bbox 923 3519 1011 3568; x_wconf 84' lang='lat' dir='ltr'><strong>autem</strong></span> <span class='ocrx_word' id='word_1_200' title='bbox 1035 3511 1184 3567; x_wconf 86' lang='lat' dir='ltr'><strong>dominus’.</strong></span> 
     </span>
    </p>

    <p class='ocr_par' dir='ltr' id='par_1_10' title="bbox 137 3597 1432 3909">
     <span class='ocr_line' id='line_1_30' title="bbox 226 3597 1431 3669; baseline 0.004 -17"><span class='ocrx_word' id='word_1_201' title='bbox 226 3598 264 3655; x_wconf 91' lang='lat'><strong>10</strong></span> <span class='ocrx_word' id='word_1_202' title='bbox 285 3597 418 3653; x_wconf 76' lang='lat' dir='ltr'><strong>Julianus</strong></span> <span class='ocrx_word' id='word_1_203' title='bbox 438 3615 468 3669; x_wconf 86' lang='lat' dir='ltr'><strong>p.</strong></span> <span class='ocrx_word' id='word_1_204' title='bbox 489 3602 553 3653; x_wconf 84' lang='lat'><strong>105.</strong></span> <span class='ocrx_word' id='word_1_205' title='bbox 579 3602 648 3652; x_wconf 80' lang='lat' dir='ltr'><strong>loo.-</strong></span> <span class='ocrx_word' id='word_1_206' title='bbox 672 3600 723 3652; x_wconf 82' lang='lat' dir='ltr'><strong>dui</strong></span> <span class='ocrx_word' id='word_1_207' title='bbox 746 3613 913 3666; x_wconf 85' lang='lat' dir='ltr'><strong>communes,</strong></span> <span class='ocrx_word' id='word_1_208' title='bbox 937 3603 967 3651; x_wconf 86' lang='lat' dir='ltr'><strong>ut</strong></span> <span class='ocrx_word' id='word_1_209' title='bbox 989 3605 1017 3651; x_wconf 87' lang='lat' dir='ltr'><strong>et</strong></span> <span class='ocrx_word' id='word_1_210' title='bbox 1041 3597 1132 3668; x_wconf 80' lang='lat' dir='ltr'><strong>igitur.</strong></span> <span class='ocrx_word' id='word_1_211' title='bbox 1171 3597 1331 3666; x_wconf 88' lang='lat' dir='ltr'><strong>Quomodo?</strong></span> <span class='ocrx_word' id='word_1_212' title='bbox 1364 3600 1431 3668; x_wconf 88' lang='lat' dir='ltr'><strong>Quia</strong></span> 
     </span>
     <span class='ocr_line' id='line_1_31' title="bbox 139 3680 1432 3756; baseline 0.003 -18"><span class='ocrx_word' id='word_1_213' title='bbox 139 3690 167 3738; x_wconf 81' lang='lat' dir='ltr'><strong>et</strong></span> <span class='ocrx_word' id='word_1_214' title='bbox 188 3691 395 3756; x_wconf 84' lang='lat' dir='ltr'><strong>praeponuntur</strong></span> <span class='ocrx_word' id='word_1_215' title='bbox 417 3692 445 3737; x_wconf 85' lang='lat' dir='ltr'><strong>ot</strong></span> <span class='ocrx_word' id='word_1_216' title='bbox 467 3682 680 3754; x_wconf 76' lang='lat' dir='ltr'><strong>subiunguntur.</strong></span> <span class='ocrx_word' id='word_1_217' title='bbox 723 3681 768 3752; x_wconf 84' lang='lat' dir='ltr'><strong>iia,</strong></span> <span class='ocrx_word' id='word_1_218' title='bbox 792 3680 837 3737; x_wconf 73' lang='lat' dir='ltr'><strong>uisi</strong></span> <span class='ocrx_word' id='word_1_219' title='bbox 860 3690 1066 3755; x_wconf 81' lang='lat' dir='ltr'><strong>praeponuntur</strong></span> <span class='ocrx_word' id='word_1_220' title='bbox 1088 3690 1115 3736; x_wconf 83' lang='lat' dir='ltr'><strong>ot</strong></span> <span class='ocrx_word' id='word_1_221' title='bbox 1138 3681 1349 3756; x_wconf 82' lang='lat' dir='ltr'><strong>subiunguntur.</strong></span> <span class='ocrx_word' id='word_1_222' title='bbox 1387 3685 1432 3742; x_wconf 72' lang='lat' dir='ltr'><strong>‘Et</strong></span> 
     </span>
     <span class='ocr_line' id='line_1_32' title="bbox 139 3765 1431 3842; baseline 0.003 -19"><span class='ocrx_word' id='word_1_223' title='bbox 139 3768 246 3823; x_wconf 81' lang='lat' dir='ltr'><strong>locutus</strong></span> <span class='ocrx_word' id='word_1_224' title='bbox 269 3768 394 3824; x_wconf 91' lang='lat' dir='ltr'><strong>dominus</strong></span> <span class='ocrx_word' id='word_1_225' title='bbox 418 3768 476 3841; x_wconf 86' lang='lat' dir='ltr'><strong>ipse</strong></span> <span class='ocrx_word' id='word_1_226' title='bbox 498 3768 576 3823; x_wconf 79' lang='lat' dir='ltr'><strong>dinit’</strong></span> <span class='ocrx_word' id='word_1_227' title='bbox 600 3777 627 3822; x_wconf 85' lang='lat' dir='ltr'><strong>ot</strong></span> <span class='ocrx_word' id='word_1_228' title='bbox 650 3765 747 3840; x_wconf 80' lang='lat' dir='ltr'><strong>‘igitur</strong></span> <span class='ocrx_word' id='word_1_229' title='bbox 769 3783 830 3823; x_wconf 87' lang='lat' dir='ltr'><strong>cum</strong></span> <span class='ocrx_word' id='word_1_230' title='bbox 853 3765 973 3822; x_wconf 82' lang='lat' dir='ltr'><strong>uenisset</strong></span> <span class='ocrx_word' id='word_1_231' title='bbox 996 3766 1039 3821; x_wconf 82' lang='lat' dir='ltr'><strong>uir</strong></span> <span class='ocrx_word' id='word_1_232' title='bbox 1059 3766 1127 3838; x_wconf 85' lang='lat' dir='ltr'><strong>dei&#39;,</strong></span> <span class='ocrx_word' id='word_1_233' title='bbox 1159 3769 1222 3824; x_wconf 86' lang='lat' dir='ltr'><strong>item</strong></span> <span class='ocrx_word' id='word_1_234' title='bbox 1246 3769 1325 3825; x_wconf 83' lang='lat' dir='ltr'><strong>‘dim</strong></span> <span class='ocrx_word' id='word_1_235' title='bbox 1348 3772 1431 3842; x_wconf 78' lang='lat' dir='ltr'><strong>igitur</strong></span> 
     </span>
     <span class='ocr_line' id='line_1_33' title="bbox 137 3852 286 3909; baseline 0.013 -2"><span class='ocrx_word' id='word_1_236' title='bbox 137 3852 286 3909; x_wconf 38' lang='lat' dir='ltr'><strong>mmm&amp;</strong></span> 
     </span>
    </p>

    <p class='ocr_par' dir='ltr' id='par_1_11' title="bbox 137 3936 1431 4266">
     <span class='ocr_line' id='line_1_34' title="bbox 225 3936 1431 4009; baseline 0.003 -16"><span class='ocrx_word' id='word_1_237' title='bbox 225 3938 262 3994; x_wconf 87' lang='lat'><strong>18</strong></span> <span class='ocrx_word' id='word_1_238' title='bbox 285 3937 419 3993; x_wconf 78' lang='lat' dir='ltr'><strong>Iulianus</strong></span> <span class='ocrx_word' id='word_1_239' title='bbox 432 3956 461 4009; x_wconf 78' lang='lat' dir='ltr'><strong>p,</strong></span> <span class='ocrx_word' id='word_1_240' title='bbox 480 3941 552 3993; x_wconf 76' lang='lat'><em>106:</em></span> <span class='ocrx_word' id='word_1_241' title='bbox 575 3944 629 3992; x_wconf 80' lang='lat' dir='ltr'><strong>dut</strong></span> <span class='ocrx_word' id='word_1_242' title='bbox 651 3936 678 3991; x_wconf 90' lang='lat' dir='ltr'><strong>in</strong></span> <span class='ocrx_word' id='word_1_243' title='bbox 700 3938 867 3993; x_wconf 83' lang='lat' dir='ltr'><strong>eontrarium</strong></span> <span class='ocrx_word' id='word_1_244' title='bbox 891 3937 984 4005; x_wconf 84' lang='lat' dir='ltr'><strong>uertit,</strong></span> <span class='ocrx_word' id='word_1_245' title='bbox 1001 3944 1032 3992; x_wconf 85' lang='lat' dir='ltr'><strong>ut</strong></span> <span class='ocrx_word' id='word_1_246' title='bbox 1047 3944 1121 3992; x_wconf 84' lang='lat' dir='ltr'><strong>natat</strong></span> <span class='ocrx_word' id='word_1_247' title='bbox 1137 3939 1249 3994; x_wconf 81' lang='lat' dir='ltr'><strong>innatat:</strong></span> <span class='ocrx_word' id='word_1_248' title='bbox 1270 3937 1431 4005; x_wconf 88' lang='lat' dir='ltr'><strong>Quomodo?</strong></span> 
     </span>
     <span class='ocr_line' id='line_1_35' title="bbox 138 4020 1427 4095; baseline 0.002 -17"><span class='ocrx_word' id='word_1_249' title='bbox 138 4022 201 4078; x_wconf 85' lang='lat' dir='ltr'><strong>Tale</strong></span> <span class='ocrx_word' id='word_1_250' title='bbox 223 4031 266 4079; x_wconf 87' lang='lat' dir='ltr'><strong>osi</strong></span> <span class='ocrx_word' id='word_1_251' title='bbox 288 4030 372 4093; x_wconf 84' lang='lat' dir='ltr'><strong>natat,</strong></span> <span class='ocrx_word' id='word_1_252' title='bbox 397 4024 467 4078; x_wconf 85' lang='lat' dir='ltr'><strong>siout</strong></span> <span class='ocrx_word' id='word_1_253' title='bbox 489 4031 515 4078; x_wconf 83' lang='lat' dir='ltr'><strong>et</strong></span> <span class='ocrx_word' id='word_1_254' title='bbox 539 4024 653 4092; x_wconf 84' lang='lat' dir='ltr'><strong>innatat,</strong></span> <span class='ocrx_word' id='word_1_255' title='bbox 677 4021 747 4078; x_wconf 84' lang='lat' dir='ltr'><strong>unde</strong></span> <span class='ocrx_word' id='word_1_256' title='bbox 769 4030 797 4078; x_wconf 84' lang='lat' dir='ltr'><strong>et</strong></span> <span class='ocrx_word' id='word_1_257' title='bbox 819 4021 884 4078; x_wconf 84' lang='lat' dir='ltr'><strong>dicit</strong></span> <span class='ocrx_word' id='word_1_258' title='bbox 907 4021 981 4095; x_wconf 87' lang='lat' dir='ltr'><strong>quis:</strong></span> <span class='ocrx_word' id='word_1_259' title='bbox 1005 4020 1122 4078; x_wconf 72' lang='lat' dir='ltr'><strong>‘innatat</strong></span> <span class='ocrx_word' id='word_1_260' title='bbox 1143 4021 1221 4078; x_wconf 87' lang='lat' dir='ltr'><strong>ainus</strong></span> <span class='ocrx_word' id='word_1_261' title='bbox 1236 4024 1318 4079; x_wconf 83' lang='lat' dir='ltr'><strong>missa</strong></span> <span class='ocrx_word' id='word_1_262' title='bbox 1333 4023 1427 4081; x_wconf 65' lang='lat' dir='ltr'><strong>Pado?</strong></span> 
     </span>
     <span class='ocr_line' id='line_1_36' title="bbox 137 4106 1427 4183; baseline 0.004 -21"><span class='ocrx_word' id='word_1_263' title='bbox 137 4106 296 4173; x_wconf 86' lang='lat' dir='ltr'><strong>Quomodo?</strong></span> <span class='ocrx_word' id='word_1_264' title='bbox 340 4107 424 4162; x_wconf 86' lang='lat' dir='ltr'><strong>dinus</strong></span> <span class='ocrx_word' id='word_1_265' title='bbox 453 4124 540 4180; x_wconf 75' lang='lat' dir='ltr'><strong>genus</strong></span> <span class='ocrx_word' id='word_1_266' title='bbox 568 4115 610 4163; x_wconf 88' lang='lat' dir='ltr'><strong>osi</strong></span> <span class='ocrx_word' id='word_1_267' title='bbox 635 4106 757 4177; x_wconf 82' lang='lat' dir='ltr'><strong>arboris,</strong></span> <span class='ocrx_word' id='word_1_268' title='bbox 785 4106 857 4162; x_wconf 82' lang='lat' dir='ltr'><strong>Pado</strong></span> <span class='ocrx_word' id='word_1_269' title='bbox 885 4106 984 4163; x_wconf 83' lang='lat' dir='ltr'><strong>damen</strong></span> <span class='ocrx_word' id='word_1_270' title='bbox 1012 4114 1062 4162; x_wconf 76' lang='lat' dir='ltr'><strong>ost</strong></span> <span class='ocrx_word' id='word_1_271' title='bbox 1107 4106 1234 4163; x_wconf 81' lang='lat' dir='ltr'><strong>Abscissa</strong></span> <span class='ocrx_word' id='word_1_272' title='bbox 1261 4108 1340 4165; x_wconf 84' lang='lat' dir='ltr'><strong>ainus</strong></span> <span class='ocrx_word' id='word_1_273' title='bbox 1363 4127 1427 4183; x_wconf 82' lang='lat' dir='ltr'><strong>prae</strong></span> 
     </span>
     <span class='ocr_line' id='line_1_37' title="bbox 139 4181 511 4266; baseline 0 -19"><span class='ocrx_word' id='word_1_274' title='bbox 139 4192 248 4248; x_wconf 85' lang='lat' dir='ltr'><strong>domino</strong></span> <span class='ocrx_word' id='word_1_275' title='bbox 270 4193 330 4266; x_wconf 90' lang='lat' dir='ltr'><strong>ipso</strong></span> <span class='ocrx_word' id='word_1_276' title='bbox 354 4181 511 4248; x_wconf 79' lang='lat' dir='ltr'><strong>duc&#39;ooaun.</strong></span> 
     </span>
    </p>

    <p class='ocr_par' dir='ltr' id='par_1_12' title="bbox 137 4275 1427 4436">
     <span class='ocr_line' id='line_1_38' title="bbox 222 4275 1427 4348; baseline 0.003 -16"><span class='ocrx_word' id='word_1_277' title='bbox 222 4276 262 4333; x_wconf 76' lang='lat'><strong>25</strong></span> <span class='ocrx_word' id='word_1_278' title='bbox 284 4278 418 4334; x_wconf 78' lang='lat' dir='ltr'><strong>Iulianus</strong></span> <span class='ocrx_word' id='word_1_279' title='bbox 437 4294 466 4348; x_wconf 85' lang='lat' dir='ltr'><strong>p.</strong></span> <span class='ocrx_word' id='word_1_280' title='bbox 491 4280 525 4332; x_wconf 75' lang='grc'><strong>8.·</strong></span> <span class='ocrx_word' id='word_1_281' title='bbox 556 4277 589 4333; x_wconf 85' lang='lat' dir='ltr'><strong>[ia</strong></span> <span class='ocrx_word' id='word_1_282' title='bbox 613 4297 626 4333; x_wconf 90' lang='lat' dir='ltr'><strong>a</strong></span> <span class='ocrx_word' id='word_1_283' title='bbox 650 4277 767 4348; x_wconf 83' lang='lat' dir='ltr'><strong>iungam.</strong></span> <span class='ocrx_word' id='word_1_284' title='bbox 811 4275 888 4332; x_wconf 82' lang='lat' dir='ltr'><strong>Nuiia</strong></span> <span class='ocrx_word' id='word_1_285' title='bbox 915 4306 949 4316; x_wconf 96' lang='lat'>-</span> <span class='ocrx_word' id='word_1_286' title='bbox 974 4275 1039 4332; x_wconf 85' lang='lat' dir='ltr'><strong>aios.</strong></span> <span class='ocrx_word' id='word_1_287' title='bbox 1084 4277 1118 4331; x_wconf 84' lang='lat' dir='ltr'><strong>iia</strong></span> <span class='ocrx_word' id='word_1_288' title='bbox 1145 4275 1236 4333; x_wconf 86' lang='lat' dir='ltr'><strong>breue.</strong></span> <span class='ocrx_word' id='word_1_289' title='bbox 1283 4276 1320 4335; x_wconf 89' lang='lat' dir='ltr'><strong>‘Si</strong></span> <span class='ocrx_word' id='word_1_290' title='bbox 1347 4279 1427 4336; x_wconf 87' lang='lat' dir='ltr'><strong>datus</strong></span> 
     </span>
     <span class='ocr_line' id='line_1_39' title="bbox 137 4352 1425 4436; baseline 0.003 -20"><span class='ocrx_word' id='word_1_291' title='bbox 137 4371 179 4416; x_wconf 83' lang='lat' dir='ltr'><strong>est</strong></span> <span class='ocrx_word' id='word_1_292' title='bbox 207 4364 314 4418; x_wconf 87' lang='lat' dir='ltr'><strong>animus</strong></span> <span class='ocrx_word' id='word_1_293' title='bbox 343 4361 421 4418; x_wconf 85' lang='lat' dir='ltr'><strong>nobis</strong></span> <span class='ocrx_word' id='word_1_294' title='bbox 450 4370 479 4417; x_wconf 89' lang='lat' dir='ltr'><strong>ut</strong></span> <span class='ocrx_word' id='word_1_295' title='bbox 510 4352 625 4418; x_wconf 68' lang='lat' dir='ltr'><strong>cai-mina</strong></span> <span class='ocrx_word' id='word_1_296' title='bbox 651 4358 768 4419; x_wconf 87' lang='lat' dir='ltr'><strong>dicunt.&#39;</strong></span> <span class='ocrx_word' id='word_1_297' title='bbox 812 4361 846 4416; x_wconf 82' lang='lat' dir='ltr'><strong>[ia</strong></span> <span class='ocrx_word' id='word_1_298' title='bbox 869 4378 884 4417; x_wconf 87' lang='lat' dir='ltr'><strong>e</strong></span> <span class='ocrx_word' id='word_1_299' title='bbox 907 4361 1018 4434; x_wconf 78' lang='lat' dir='ltr'><strong>longum</strong></span> <span class='ocrx_word' id='word_1_300' title='bbox 1043 4391 1075 4401; x_wconf 92' lang='lat'>—</span> <span class='ocrx_word' id='word_1_301' title='bbox 1104 4362 1169 4418; x_wconf 87' lang='lat' dir='ltr'><strong>mihi</strong></span> <span class='ocrx_word' id='word_1_302' title='bbox 1197 4363 1307 4436; x_wconf 81' lang='lat' dir='ltr'><strong>cognita</strong></span> <span class='ocrx_word' id='word_1_303' title='bbox 1336 4381 1425 4422; x_wconf 82' lang='lat' dir='ltr'><strong>uersu.</strong></span> 
     </span>
    </p>
   </div>
   <div class='ocr_carea' id='block_1_10' title="bbox 134 4571 1427 4914">
    <p class='ocr_par' dir='ltr' id='par_1_13' title="bbox 136 4571 684 4630">
     <span class='ocr_line' id='line_1_40' title="bbox 136 4571 684 4630; baseline 0 -3"><span class='ocrx_word' id='word_1_304' title='bbox 136 4592 246 4627; x_wconf 80' lang='lat' dir='ltr'><strong>conicio</strong></span> <span class='ocrx_word' id='word_1_305' title='bbox 266 4593 421 4628; x_wconf 66' lang='lat' dir='ltr'><strong>aennensis</strong></span> <span class='ocrx_word' id='word_1_306' title='bbox 440 4581 489 4630; x_wconf 77' lang='lat'><strong>207</strong></span> <span class='ocrx_word' id='word_1_307' title='bbox 508 4592 655 4628; x_wconf 74' lang='lat' dir='ltr'><strong>vnnnnuns.</strong></span> <span class='ocrx_word' id='word_1_308' title='bbox 680 4571 684 4578; x_wconf 78' lang='grc'>’</span> 
     </span>
    </p>

    <p class='ocr_par' dir='ltr' id='par_1_14' title="bbox 134 4641 1427 4914">
     <span class='ocr_line' id='line_1_41' title="bbox 207 4641 1427 4713; baseline 0.001 -18"><span class='ocrx_word' id='word_1_309' title='bbox 207 4650 217 4695; x_wconf 88' lang='grc' dir='ltr'>Ι</span> <span class='ocrx_word' id='word_1_310' title='bbox 238 4647 282 4694; x_wconf 81' lang='lat' dir='ltr'><strong>erit</strong></span> <span class='ocrx_word' id='word_1_311' title='bbox 303 4647 405 4695; x_wconf 85' lang='lat' dir='ltr'><strong>uerbum</strong></span> <span class='ocrx_word' id='word_1_312' title='bbox 426 4659 453 4695; x_wconf 89' lang='lat' dir='ltr'><strong>m</strong></span> <span class='ocrx_word' id='word_1_313' title='bbox 471 4648 490 4695; x_wconf 91' lang='lat' dir='ltr'><strong>si</strong></span> <span class='ocrx_word' id='word_1_314' title='bbox 510 4647 591 4694; x_wconf 80' lang='lat' dir='ltr'><strong>dicam</strong></span> <span class='ocrx_word' id='word_1_315' title='bbox 649 4641 816 4709; x_wconf 73' lang='lat' dir='ltr'><strong>itinerque]</strong></span> <span class='ocrx_word' id='word_1_316' title='bbox 840 4647 918 4710; x_wconf 81' lang='lat' dir='ltr'><strong>Verp.</strong></span> <span class='ocrx_word' id='word_1_317' title='bbox 934 4646 998 4695; x_wconf 83' lang='lat' dir='ltr'><strong>Aen.</strong></span> <span class='ocrx_word' id='word_1_318' title='bbox 1011 4646 1033 4695; x_wconf 90' lang='lat'><strong>·1</strong></span> <span class='ocrx_word' id='word_1_319' title='bbox 1045 4649 1080 4696; x_wconf 77' lang='lat' dir='ltr'><strong>ui</strong></span> <span class='ocrx_word' id='word_1_320' title='bbox 1147 4649 1238 4713; x_wconf 82' lang='lat' dir='ltr'><strong>9ipse</strong></span> <span class='ocrx_word' id='word_1_321' title='bbox 1255 4661 1338 4698; x_wconf 81' lang='lat' dir='ltr'><strong>nutem</strong></span> <span class='ocrx_word' id='word_1_322' title='bbox 1355 4645 1427 4697; x_wconf 78' lang='lat' dir='ltr'><strong>odsui</strong></span> 
     </span>
     <span class='ocr_line' id='line_1_42' title="bbox 135 4711 1426 4781; baseline 0.002 -18"><span class='ocrx_word' id='word_1_323' title='bbox 135 4730 208 4763; x_wconf 78' lang='lat' dir='ltr'><strong>sacro</strong></span> <span class='ocrx_word' id='word_1_324' title='bbox 227 4715 335 4762; x_wconf 76' lang='lat' dir='ltr'><strong>‹iaamme</strong></span> <span class='ocrx_word' id='word_1_325' title='bbox 405 4717 436 4764; x_wconf 82' lang='lat'><strong>13</strong></span> <span class='ocrx_word' id='word_1_326' title='bbox 455 4715 511 4762; x_wconf 80' lang='lat' dir='ltr'><strong>lans</strong></span> <span class='ocrx_word' id='word_1_327' title='bbox 592 4717 626 4763; x_wconf 79' lang='lat'><strong>20</strong></span> <span class='ocrx_word' id='word_1_328' title='bbox 643 4711 751 4780; x_wconf 78' lang='lat' dir='ltr'><strong>innatat]</strong></span> <span class='ocrx_word' id='word_1_329' title='bbox 775 4713 852 4778; x_wconf 78' lang='lat' dir='ltr'><strong>Verp.</strong></span> <span class='ocrx_word' id='word_1_330' title='bbox 873 4714 966 4777; x_wconf 76' lang='lat' dir='ltr'><strong>Georp.</strong></span> <span class='ocrx_word' id='word_1_331' title='bbox 986 4713 1018 4765; x_wconf 85' lang='lat'><strong>11</strong></span> <span class='ocrx_word' id='word_1_332' title='bbox 1037 4717 1094 4768; x_wconf 69' lang='lat'><strong>451.</strong></span> <span class='ocrx_word' id='word_1_333' title='bbox 1116 4718 1175 4777; x_wconf 71' lang='lat'><strong>4⁵2,</strong></span> <span class='ocrx_word' id='word_1_334' title='bbox 1194 4717 1228 4777; x_wconf 76' lang='lat' dir='ltr'><strong>es.</strong></span> <span class='ocrx_word' id='word_1_335' title='bbox 1248 4711 1362 4781; x_wconf 62' lang='lat' dir='ltr'><strong>[Sergii]</strong></span> <span class='ocrx_word' id='word_1_336' title='bbox 1379 4731 1426 4766; x_wconf 72' lang='lat' dir='ltr'><strong>en·-</strong></span> 
     </span>
     <span class='ocr_line' id='line_1_43' title="bbox 134 4782 1424 4848; baseline 0.002 -17"><span class='ocrx_word' id='word_1_337' title='bbox 134 4785 204 4846; x_wconf 79' lang='lat' dir='ltr'><strong>piem.</strong></span> <span class='ocrx_word' id='word_1_338' title='bbox 223 4785 248 4830; x_wconf 81' lang='lat' dir='ltr'><strong>in</strong></span> <span class='ocrx_word' id='word_1_339' title='bbox 269 4783 332 4831; x_wconf 81' lang='lat' dir='ltr'><strong>lion.</strong></span> <span class='ocrx_word' id='word_1_340' title='bbox 352 4799 376 4846; x_wconf 89' lang='lat' dir='ltr'><strong>p.</strong></span> <span class='ocrx_word' id='word_1_341' title='bbox 395 4786 452 4839; x_wconf 81' lang='lat'><strong>517,</strong></span> <span class='ocrx_word' id='word_1_342' title='bbox 472 4786 487 4830; x_wconf 79' lang='grc'><strong><em>9</em></strong></span> <span class='ocrx_word' id='word_1_343' title='bbox 502 4782 534 4839; x_wconf 85' lang='grc' dir='ltr'><strong>Κ,</strong></span> <span class='ocrx_word' id='word_1_344' title='bbox 555 4784 621 4831; x_wconf 84' lang='lat' dir='ltr'><strong>unde</strong></span> <span class='ocrx_word' id='word_1_345' title='bbox 639 4783 678 4831; x_wconf 77' lang='lat' dir='ltr'><strong>die</strong></span> <span class='ocrx_word' id='word_1_346' title='bbox 696 4786 765 4833; x_wconf 76' lang='lat' dir='ltr'><strong>too-ua</strong></span> <span class='ocrx_word' id='word_1_347' title='bbox 782 4783 912 4832; x_wconf 80' lang='lat' dir='ltr'><strong>emendari</strong></span> <span class='ocrx_word' id='word_1_348' title='bbox 918 4789 1026 4846; x_wconf 66' lang='lat' dir='ltr'><strong>‘potem</strong></span> <span class='ocrx_word' id='word_1_349' title='bbox 1046 4799 1101 4832; x_wconf 80' lang='lat' dir='ltr'><strong>nom</strong></span> <span class='ocrx_word' id='word_1_350' title='bbox 1118 4792 1176 4848; x_wconf 79' lang='lat' dir='ltr'><strong>post</strong></span> <span class='ocrx_word' id='word_1_351' title='bbox 1194 4786 1293 4834; x_wconf 79' lang='lat' dir='ltr'><strong>‘uertit&#39;</strong></span> <span class='ocrx_word' id='word_1_352' title='bbox 1311 4786 1424 4834; x_wconf 73' lang='lat' dir='ltr'><strong>imeras:</strong></span> 
     </span>
     <span class='ocr_line' id='line_1_44' title="bbox 136 4848 946 4914; baseline 0.002 -17"><span class='ocrx_word' id='word_1_353' title='bbox 136 4862 163 4897; x_wconf 84' lang='lat' dir='ltr'><strong>ut</strong></span> <span class='ocrx_word' id='word_1_354' title='bbox 182 4850 240 4898; x_wconf 78' lang='lat' dir='ltr'><strong>ieiix</strong></span> <span class='ocrx_word' id='word_1_355' title='bbox 261 4850 361 4903; x_wconf 77' lang='lat' dir='ltr'><strong>infelix:</strong></span> <span class='ocrx_word' id='word_1_356' title='bbox 383 4850 443 4898; x_wconf 85' lang='lat' dir='ltr'><strong>nihil</strong></span> <span class='ocrx_word' id='word_1_357' title='bbox 462 4848 598 4914; x_wconf 79' lang='lat' dir='ltr'><strong>significat.</strong></span> <span class='ocrx_word' id='word_1_358' title='bbox 942 4858 946 4863; x_wconf 83' lang='lat'>&#39;</span> 
     </span>
    </p>
   </div>
   <div class='ocr_carea' id='block_1_11' title="bbox 0 0 1696 5476">
    <p class='ocr_par' dir='ltr' id='par_1_15' title="bbox 0 0 1696 5476">
     <span class='ocr_line' id='line_1_45' title="bbox 0 0 1696 5476; baseline 0 6"><span class='ocrx_word' id='word_1_359' title='bbox 0 0 1696 5476; x_wconf 95' lang='lat' dir='ltr'><strong> </strong></span> 
     </span>
    </p>
   </div>
  </div>
 </body>
</html>
