3382 5476
204 384 278 431 LXII
591 367 640 418 DE
659 364 779 418 LIBRIS
799 365 1108 421 EINSIDLENSIBVS.

283 578 310 634 p.
335 558 374 617 95
401 557 436 613 be
459 573 527 614 uoce
549 558 655 630 primus
677 554 811 614 liberent
833 555 1006 631 etpartibus
1029 555 1103 627 eius,

400 643 435 698 lle
458 642 523 717 quid
546 641 624 698 litera
645 641 698 712 sit,
722 640 821 715 quibus
843 649 871 697 et
894 650 963 714 quot
984 640 1108 716 partibus
1131 641 1205 696 lusit.

400 727 457 784 Vox
480 734 523 783 est
544 734 576 782 ut
597 726 708 798 dicunt,
731 741 777 783 aer
800 727 978 797 tenuiss'unus
1001 728 1072 783 ictus

399 813 453 868 Aut
476 813 527 868 hoc
549 809 695 884 sensibile,
718 813 830 886 proprie
852 811 926 885 quod
949 810 1064 879 discitur
1085 825 1151 868 aure

399 895 584 953 trucutanae
605 912 661 953 non
683 911 738 953 uon
760 895 899 953 literulata
921 895 952 951 lit
974 882 1022 952 aiut
1043 912 1099 952 non

400 980 550 1038 Articulata
571 979 602 1037 fit
623 997 656 1038 ex
678 981 784 1052 animo,
808 982 945 1038 contraria
968 996 1116 1055 nunquam.
1301 1035 1305 1043 ,

399 1065 473 1135 Quae
496 1065 602 1140 species
625 1073 789 1139 latagum,
812 1066 968 1123 discrimina
992 1073 1110 1140 quatuor
1133 1065 1183 1120 laec
1203 1070 1283 1120 sunt:

399 1150 614 1209 commiscentur
636 1152 708 1207 enim
730 1150 885 1208 discrimina
907 1151 969 1207 bina
992 1151 1114 1207 uicissim

400 1237 435 1292 vt
456 1236 509 1292 dun
531 1254 547 1293 a
568 1235 656 1308 duco,
679 1252 733 1292 uon
756 1235 856 1292 dicitur
878 1253 893 1291 a
916 1252 987 1292 uoco
1010 1234 1097 1292 uerbo

400 1319 464 1377 Siue
487 1319 540 1378 boo
563 1337 663 1394 greco,
687 1319 771 1378 reboo
794 1322 968 1396 componitur
990 1337 1022 1377 en
1044 1336 1109 1394 quo.

400 1407 503 1484 Littqra
526 1406 694 1480 compositae
716 1406 795 1463 uocis
817 1406 898 1462 datur
920 1405 1045 1462 athomos
1068 1421 1129 1461 esse

400 1491 434 1547 Vt
455 1499 534 1548 caute
556 1491 656 1548 dicam:
680 1506 749 1565 quae
771 1490 902 1547 scribitur
924 1491 1013 1563 illius,
1037 1492 1163 1563 inquam,

398 1576 427 1632 ln
449 1584 642 1634 constructura
663 1577 741 1634 uocis
763 1577 826 1649 quia
849 1575 886 1632 nil
910 1575 998 1632 minus
1022 1575 1080 1650 ipsa
1103 1582 1155 1630 etc.

286 1693 399 1753 Desinit
418 1694 494 1753 liber
510 1695 631 1768 primus
651 1695 683 1752 in
705 1693 758 1752 aas
779 1709 903 1752 uersus:

199 1815 227 1871 V.
253 1815 315 1873 376
401 1814 523 1870 Nominis
545 1816 572 1869 in
596 1812 648 1870 line
672 1821 748 1869 tenet
770 1813 794 1868 ll
816 1815 894 1886 prior
914 1814 932 1869 S
954 1813 1013 1870 loca
1035 1820 1118 1869 mute.

401 1898 521 1971 Namque
543 1915 593 1971 per
616 1898 624 1953 i
647 1899 764 1953 medium
788 1899 905 1955 formare
928 1897 1000 1954 solet
1022 1898 1186 1970 genitioum:

400 1982 445 2039 Sic
466 1984 500 2056 ab
523 1984 609 2039 lriems
631 1983 744 2053 hiemis,
768 1981 844 2039 uelut
866 1999 898 2039 en
920 1982 986 2040 urbs
1009 1983 1130 2038 nascitur
1152 1982 1237 2038 urbis.

280 2101 368 2161 Libri
389 2100 425 2159 Il
446 2101 562 2160 initium
584 2097 642 2158 itae
662 2105 707 2158 est
722 2116 757 2175 p.
781 2104 835 2157 98:

198 2216 303 2296 (rubr.)
400 2221 535 2277 Hactenus
558 2222 624 2277 baec
645 2221 750 2294 primus
773 2218 843 2275 liber
865 2219 976 2290 edocet,
998 2220 1061 2276 inde
1083 2220 1234 2293 secundus,

399 2305 501 2362 Littera
526 2306 661 2362 litterulas
684 2305 729 2360 ubi
752 2321 823 2376 nou,
847 2304 892 2360 ubi
917 2314 1052 2374 transeat,
1076 2307 1193 2380 inques

399 2389 456 2458 Que
478 2390 515 2446 sit
537 2393 665 2473 cognatio
689 2408 739 2447 sua
762 2390 806 2446 uel
828 2391 890 2462 quis
912 2389 1024 2447 cuilibet
1046 2390 1123 2446 ardo.

398 2646 502 2703 Littera
524 2646 576 2701 lert
598 2617 837 2719 species'uocales
860 2652 1076 2701 conresonantes
1096 2643 1146 2716 (an
1168 2662 1274 2718 cunque
1297 2643 1456 2719 sonantesll

399 2728 454 2786 Sub
476 2729 616 2786 noualibus
639 2730 706 2800 liae,
729 2747 798 2803 quae
821 2736 885 2785 sunt
907 2728 1060 2803 longaeque
1083 2729 1237 2803 breuesque

399 2814 454 2872 Sub
477 2813 679 2872 remanentibus
702 2816 770 2883 bae,
793 2824 949 2888 quaesunt
972 2814 1121 2888 simplaeoe
1143 2813 1276 2889 ilnplaeue

399 2903 451 2956 but
473 2901 608 2974 aspiratae
632 2899 676 2955 uel
699 2915 752 2955 non
776 2900 870 2955 barum
894 2900 1053 2973 mediaeque
1076 2908 1128 2956 etc.

285 3018 389 3076 Vltimi
408 3031 514 3077 uersus
536 3016 676 3076 bisunt:

194 3138 224 3193 V.
245 3137 308 3218 409
395 3137 428 3193 Vt
451 3137 523 3195 nubo
546 3139 643 3212 nupsi,
666 3140 769 3212 pariter
792 3137 881 3194 scribo
905 3153 1015 3211 quoque
1037 3139 1136 3212 scripsi

398 3223 495 3297 Fitque
517 3225 577 3279 soni
599 3239 696 3293 causa,
718 3221 788 3280 nolit
810 3222 874 3279 licet
896 3222 1028 3296 analogia.

279 3336 365 3399 Libri
386 3336 471 3399 tertii
491 3341 532 3399 in.
553 3356 584 3415 p.
610 3345 680 3404 103:

395 3460 469 3530 Quae
492 3459 573 3518 scribi
597 3462 670 3535 potis
692 3470 750 3532 est,
773 3470 804 3518 ut
825 3461 939 3533 dicitnr,
963 3459 1065 3534 syllaba
1088 3477 1142 3525 uox
1164 3470 1222 3531 est,

236 3579 256 3623 Ι
397 3546 455 3604 Non
478 3547 652 3603 intermissus
674 3548 717 3604 cui
740 3548 854 3621 spiritus
877 3555 905 3602 et
928 3554 1008 3603 tenor
1029 3562 1100 3601 uuus
1123 3554 1175 3602 etc.

194 3669 285 3737 atque
303 3664 375 3735 finis
396 3664 528 3723 eiusdem
545 3679 581 3738 p.
608 3669 680 3724 105:

257 3785 285 3839 V.
309 3784 370 3844 216
393 3784 420 3841 Si
444 3800 527 3857 rogo:
551 3782 627 3859 ‘quid
649 3802 784 3841 summum
808 3786 844 3840 sit
866 3785 946 3855 uita’‚
969 3784 1015 3840 dat
1037 3785 1099 3857 quis
1122 3782 1302 3841 ‘honestum'.

395 3871 463 3927 Ecce
486 3869 517 3925 lit
539 3885 570 3925 ex
593 3887 649 3926 uno
673 3870 809 3927 sententia
831 3886 953 3943 congrua
976 3868 1072 3926 uerbo.

799 3954 883 4011 llinis.

278 4071 342 4131 Hoc
363 4068 460 4145 initur
479 4087 603 4131 carmen
625 4073 705 4130 mide
727 4071 885 4144 decemque
906 4086 1046 4130 ausuum
1067 4070 1255 4131 Venerabilis
1277 4073 1370 4131 Pater
1385 4071 1491 4133 Gallus

196 4173 340 4233 Mereiius
365 4172 579 4248 Einsidtensis,
612 4175 698 4232 cuius
730 4171 882 4233 amicitiae
911 4173 1106 4247 speciminum
1138 4189 1234 4248 supra
1268 4174 1491 4248 propositorum

192 4275 375 4351 apeqrapba
404 4275 511 4342 debeo,
540 4280 620 4334 recte
645 4275 723 4334 uidit
750 4275 906 4334 Prisciani
929 4280 1099 4349 praecepta
1126 4275 1156 4333 in
1185 4281 1303 4335 tantum
1330 4277 1430 4350 sequi,
1459 4281 1492 4334 ut

192 4379 259 4453 ipsa
279 4379 455 4453 pierumque
476 4376 630 4436 Prisciani
651 4374 743 4435 uerba
765 4391 913 4451 expressa
935 4378 1005 4435 sint.
1515 4454 1517 4459 Ι

277 4478 411 4552 densique
435 4478 495 4537 iane
522 4475 643 4549 reseras
669 4478 736 4538 aad.
760 4478 844 4538 Eius.
872 4484 926 4536 172
947 4486 1113 4538 commenta
1135 4482 1166 4538 in
1190 4480 1338 4540 Donati
1358 4489 1440 4538 eries
1461 4486 1491 4538 et

192 4581 424 4646 barbarismum,
448 4595 527 4653 quae
540 4580 628 4638 buius
642 4580 714 4640 libri
728 4598 763 4656 p.
784 4587 839 4638 202
853 4598 876 4639 s.
893 4577 1043 4640 edidimus
1065 4579 1124 4653 (es.
1139 4598 1235 4655 supra
1255 4598 1287 4656 p.
1304 4579 1401 4640 ΧΠ]
1410 4585 1489 4655 not.)

192 4690 220 4741 et
245 4682 416 4743 Terentii
437 4687 601 4740 tractatum
624 4680 662 4740 de
675 4683 769 4742 uerba
783 4683 850 4743 cod.
868 4688 906 4739 32
924 4698 955 4756 p.
976 4688 1048 4757 206,
1072 4683 1110 4742 de
1131 4699 1190 4757 qua
1209 4680 1315 4757 praes.
1333 4679 1435 4757 partis
1455 4682 1495 4741 II

191 4799 262 4857 cap.
286 4784 337 4843 XI
356 4800 485 4857 apemau.
