3382 5476
208 371 268 435 122
722 368 791 420 aas
809 366 986 420 auouaua

171 573 191 595 *
288 560 320 621 ln
349 558 402 620 ebs
429 557 488 620 duo
516 575 625 648 genera
654 557 863 622 inaminatum
892 552 1102 623 masculinum,
1131 562 1163 614 ut
1190 553 1238 614 bic
1266 551 1386 615 caelebs
1414 552 1507 617 liuius

204 661 338 731 caelibis,
368 660 445 742 quod
475 678 582 720 nomeu
609 657 754 737 siguificat
776 657 840 717 siue
863 675 946 724 euru,
976 658 1024 734 qui
1048 674 1207 736 numquam
1231 674 1355 716 uxorem
1384 656 1504 727 lrabuit,

203 766 266 825 siue
289 782 367 832 eum,
393 764 443 844 qui
465 780 530 823 eam
553 761 659 822 ambit.
703 758 776 820 Nam
799 756 917 819 caelebs
939 756 1055 827 dicitur,
1079 759 1160 838 quasi
1184 755 1266 817 caelo
1288 764 1391 835 aptum
1415 757 1504 820 lemi-

203 867 321 934 uinum,
345 873 378 925 ut
398 864 471 924 haec
495 861 580 941 plebs
601 861 689 922 huius
712 858 816 940 plebis.

287 968 321 1028 lu
337 985 390 1047 eps
407 962 577 1033 masculina,
601 971 632 1023 ut
655 962 702 1021 hic
725 963 873 1042 princeps,
897 961 985 1022 buius
1007 960 1150 1040 principis
1171 959 1219 1020 bic
1241 976 1387 1040 praeceps
1408 961 1527 1025 buius⁵

201 1070 371 1150 praecipitis
397 1083 507 1145 anceps
535 1064 670 1143 ancipitis
699 1063 800 1143 biceps
829 1062 957 1142 bicipitis
985 1065 1095 1142 triceps
1123 1064 1271 1141 tricipitis.
1316 1061 1376 1123 Sed
1404 1064 1501 1126 luter·

202 1170 367 1248 rogandum
391 1170 526 1236 est,'cur
549 1166 606 1226 boc
629 1183 750 1234 nomen,
775 1165 851 1244 quod
875 1172 920 1226 est
942 1165 1096 1245 princeps,
1121 1182 1178 1224 uua
1201 1162 1313 1243 syllaba
1335 1166 1446 1227 erescit
1467 1169 1499 1228 in

201 1272 449 1349 genetiuo
478 1278 510 1329 ut
537 1286 647 1347 anceps
674 1267 813 1346 ancipitis
841 1266 942 1346 biceps
970 1264 1111 1344 bicipitis.
1156 1265 1219 1327 lloc
1245 1268 1291 1326 itu
1316 1264 1498 1331 soluendum

202 1381 260 1444 est,
284 1372 363 1450 quod
386 1372 526 1451 princeps
548 1388 582 1430 ex
606 1370 825 1450 praepositione
847 1366 909 1435 illa,
933 1385 1009 1448 quae
1032 1375 1077 1427 est
1098 1384 1180 1446 prae,
1203 1375 1234 1428 et
1254 1385 1270 1427 a
1294 1366 1388 1429 uerbo
1410 1372 1498 1453 capio

200 1477 280 1555 capis
302 1475 491 1552 couponitut·,
515 1490 658 1552 praeceps
680 1488 751 1531 uero
774 1477 803 1530 et
827 1488 936 1548 auceps
959 1478 988 1528 ει
1010 1467 1112 1548 biceps
1134 1477 1164 1528 et
1180 1470 1299 1547 triceps,
1322 1487 1401 1550 quac
1421 1471 1495 1534 dua·
1509 1482 1534 1522 ¹⁰

201 1576 255 1637 bus
278 1575 398 1657 syllabis
421 1581 523 1634 eontra
547 1572 711 1651 analogiam
734 1578 881 1640 creseunt,
905 1573 1070 1648 auomiue,
1094 1569 1172 1647 synod
1189 1579 1234 1630 εει
1247 1580 1346 1650 caput,
1368 1580 1400 1633 et
1412 1577 1497 1651 quod

199 1688 243 1739 est
266 1675 450 1758 trisyllabum
473 1677 501 1734 iu
525 1677 678 1752 genetiuo:
712 1674 782 1733 lacit
805 1674 883 1732 euim
907 1682 994 1751 caput
1015 1673 1134 1750 eapitis:
1163 1673 1248 1751 capio
1271 1689 1344 1732 uero
1366 1674 1494 1737 uerbum

198 1782 228 1840 iu
252 1778 381 1840 secunda
405 1794 530 1856 persona
554 1778 635 1855 capis
657 1773 833 1853 disyllabum
857 1780 914 1842 est,
939 1773 1018 1833 uude
1041 1774 1180 1853 princeps
1202 1776 1393 1853 conponitur:
1424 1794 1494 1839 uam

199 1883 338 1961 princeps
366 1878 473 1939 dicitur
501 1879 583 1953 quasi
613 1878 772 1954 primatum
800 1877 930 1954 capiens.
976 1874 1055 1935 llaec
1083 1892 1131 1935 res
1159 1875 1236 1936 bane
1264 1873 1433 1939 distantiam
1461 1881 1493 1940 in

199 1984 246 2042 lais
262 1979 432 2042 ttotttiuibus
447 1978 593 2058 praebuit.
638 1978 756 2053 Antiqui
779 1978 923 2056 ‘aucipes’
946 1978 1125 2056 ‘praecipes'
1148 1976 1284 2056 ‘biclpes’
1307 1980 1531 2043 ιιειιιίιιιιιίιιε15

198 2082 342 2161 singulari
357 2078 543 2141 decliuabaut
559 2087 588 2138 et
604 2077 660 2139 alio
684 2078 770 2137 modo
794 2077 932 2138 dicebaut
954 2080 1107 2157 ‘praeceps
1128 2080 1299 2158 praecipis’.
1328 2080 1490 2145 Ennius:

198 2187 375 2266 praecipe
392 2201 494 2249 casu;
511 2183 552 2240 sic
569 2182 655 2240 otiam
665 2182 859 2241 uetustissimi
869 2178 1064 2260 ‘supellectis’
1074 2179 1493 2264 proferebautanomlnatluo.

282 2288 315 2347 lu
347 2304 396 2345 ers
423 2284 482 2343 diro
510 2290 622 2343 tautum
653 2283 771 2342 nomina
801 2284 967 2343 communia
997 2283 1085 2342 trium
1116 2300 1259 2360 generum
1287 2285 1491 2358 inueniuntur,

198 2399 230 2449 ut
252 2388 300 2448 laic
324 2397 352 2449 ει
374 2387 447 2446 bace
470 2393 499 2445 et
520 2384 578 2445 hoc
600 2383 708 2454 solers,
743 2384 800 2444 ltoc
828 2383 993 2446 estaoleus
1016 2392 1109 2445 artem
1132 2384 1306 2460 frequenter
1334 2404 1491 2458 exercere;

198 2493 267 2551 item
291 2489 338 2550 llic
362 2487 486 2549 ethaeo
509 2496 538 2548 et
560 2486 615 2546 lroc
636 2487 717 2545 iners
738 2487 842 2546 inertis
865 2487 952 2546 inerti
981 2486 1061 2546 latine
1084 2485 1210 2546 albane
1232 2488 1358 2549 inertem
1381 2497 1412 2550 et
1433 2490 1529 2553 ιιεειυ

197 2595 279 2653 iuers
301 2611 319 2653 o
341 2595 423 2652 iners
445 2588 482 2648 ab
505 2588 561 2648 ltoc
584 2595 614 2647 ot
635 2586 672 2646 ab
695 2587 751 2646 hae
774 2596 803 2647 et
825 2586 861 2646 ab
891 2588 946 2647 laoo
974 2588 1064 2646 inerti
1087 2596 1116 2648 ει
1139 2585 1292 2668 pluraliter
1319 2588 1350 2651 lai
1377 2599 1409 2653 et
1434 2592 1492 2655 bae

197 2696 308 2754 iuertcs
332 2689 456 2751 ethaeo
482 2690 588 2751 inertia
617 2689 723 2748 borum
747 2698 777 2747 et
799 2688 904 2749 ltaruui
927 2698 956 2748 et
979 2689 1085 2749 borum
1113 2690 1254 2751 inertium
1277 2690 1322 2752 liis
1344 2692 1490 2757 inertibus

196 2793 250 2855 laos
273 2802 303 2854 ει
324 2792 378 2853 ιιεε
401 2792 511 2851 inertes
533 2800 563 2850 et
584 2789 658 2849 liaeo
679 2791 785 2849 inertia
809 2809 827 2848 o
849 2791 960 2849 inertes
983 2798 1012 2850 ct
1033 2810 1051 2849 o
1074 2791 1180 2850 inertia
1204 2789 1241 2851 ab
1264 2790 1310 2853 lais
1331 2795 1487 2859 inertibus.

281 2895 314 2955 lu
338 2912 436 2972 curps,
467 2899 499 2951 ut
521 2891 568 2950 bic
591 2889 706 2969 hiemps
729 2891 816 2951 liuius
838 2889 961 2960 biemis,
991 2893 1061 2951 item
1091 2891 1164 2953 baec
1191 2895 1318 2981 sirqmps
1340 2896 1429 2959 liuius
1449 2899 1490 2959 si·

195 2998 329 3075 rempsis.
1501 3005 1528 3045 as

281 3097 313 3157 lu
341 3097 417 3174 irps,
446 3093 548 3152 utlaio
576 3094 666 3173 stirps
694 3091 783 3153 liuius
811 3094 926 3173 stirpis:
957 3095 1074 3173 quaudo
1101 3099 1144 3156 ad
1170 3096 1319 3160 bominem
1347 3103 1487 3181 pertinet,

195 3200 370 3258 leutiuiuum
393 3202 451 3263 est;
475 3194 593 3271 quaudo
615 3202 714 3255 atatem
736 3196 780 3254 nd
800 3194 953 3266 arborem,
978 3197 1172 3258 trrasculiuum
1196 3207 1249 3260 εει.

281 3300 312 3360 lu
336 3301 398 3377 ips,
428 3306 459 3357 ut
482 3297 529 3357 liic
553 3297 627 3376 stips
649 3296 737 3357 liuius
759 3298 857 3376 stipis,
887 3298 943 3358 lroc
966 3309 1011 3358 ost
1033 3302 1157 3378 pectmia
1187 3300 1234 3361 uel
1263 3319 1371 3363 munus
1396 3306 1487 3383 sigui·

195 3403 276 3471 sacal,
311 3400 388 3478 quod
418 3416 564 3479 pauperes
591 3405 710 3478 petunt,
740 3407 771 3459 ut
794 3407 838 3458 est
859 3398 947 3460 illud:
980 3410 1016 3462 ct
1048 3401 1146 3462 sedit
1175 3403 1312 3483 stipem
1342 3413 1486 3485 petens.

195 3503 279 3565 illiurl
303 3512 400 3563 atatem
425 3519 547 3569 laomen,
571 3501 650 3580 quod
672 3508 717 3562 eat
732 3503 818 3581 stips,
843 3504 981 3579 genetiuo
997 3502 1107 3573 differt,
1132 3506 1269 3581 quoniam
1285 3507 1393 3586 stipitis
1407 3508 1486 3578 lacit,
1499 3510 1528 3551 ³⁰

194 3606 273 3684 quod
298 3622 405 3664 trouaeu
429 3603 574 3679 siguificat
594 3601 715 3681 longum
737 3602 850 3682 liguum
875 3605 1035 3664 rirernoriae
1058 3622 1145 3665 causa
1169 3605 1325 3668 eleuatum.

278 3707 310 3765 lu
336 3703 387 3784 ybs
410 3721 500 3763 uuum
526 3722 632 3763 raomeu
656 3704 849 3766 masculinum
872 3708 1036 3774 iruteuitur,
1066 3716 1098 3767 ut
1121 3716 1165 3768 est
1188 3706 1235 3769 bie
1257 3707 1378 3790 chalybs
1400 3710 1488 3773 huius

194 3804 338 3884 chalybis,
369 3803 446 3881 quod
471 3822 579 3864 nomon
602 3804 719 3882 aliquod
743 3806 893 3868 metallum
918 3809 1048 3869 lcrreum
1071 3810 1216 3886 siguificat
1238 3810 1359 3882 durum,
1387 3820 1420 3873 ut
1441 3820 1488 3874 est

195 3909 250 3968 boc
274 3905 455 3986 esetuplum:
480 3910 585 3966 ua'sta
609 3906 759 3966 loruace
782 3907 962 3986 liquescit
986 3908 1147 3988 chalybs·

195 4062 419 4071 ..ῳ-ι-

263 4145 378 4210 leeleps
447 4144 575 4210 2cclepis
644 4142 761 4208 3eeleps
814 4143 887 4192 altius
956 4144 1045 4210 aplos
1119 4148 1178 4197 biu
1197 4148 1241 4197 ebs
1294 4164 1401 4215 preceps
1470 4155 1487 4202 6

194 4215 329 4280 precepltis
382 4214 470 4279 pleeps
489 4214 601 4278 pieipitis
662 4215 677 4263 7
695 4212 788 4260 crescis
807 4213 831 4260 iu
851 4211 983 4277 gestetiuo]
1005 4213 1112 4264 Eoect'dt't
1127 4217 1256 4278 fortasse:
1274 4216 1324 4265 aliu
1342 4233 1404 4268 uero
1422 4219 1488 4269 dna-

193 4285 240 4332 bus
308 4282 432 4346 Spiceps
452 4282 564 4345 piclpltis
616 4281 650 4328 ita
667 4281 758 4329 addidi
843 4282 874 4330 10
891 4293 1071 4347 ειιιιρειιιιιιιιιι
1121 4284 1210 4350 plceps
1266 4284 1368 4336 duobus
1455 4290 1485 4339 11

192 4360 294 4400 creeuut
362 4359 387 4397 et
403 4350 473 4410 quod
491 4349 582 4397 addidi
650 4351 680 4397 12
699 4347 870 4410 trissyllabum
942 4353 973 4399 15
990 4351 1091 4415 prebuit
1159 4353 1256 4418 pieipes
1326 4355 1358 4403 16
1376 4355 1486 4421 siugulis

261 4413 371 4481 Ennius]
391 4417 425 4478 cs.
445 4417 528 4465 Prisc.
549 4415 566 4463 I
581 4432 607 4479 p.
627 4418 691 4477 281,
711 4419 726 4463 9
744 4417 781 4466 II.
870 4417 901 4466 17
920 4415 1095 4484 subpellectis]
1120 4420 1155 4482 es.
1174 4421 1257 4470 Prisc.
1276 4421 1292 4469 I
1309 4438 1336 4486 p.
1353 4425 1417 4484 279,
1437 4428 1486 4473 15:

118 4509 123 4521 ·
193 4485 362 4535 ttettrstisslmi
379 4493 461 4532 tamen
481 4484 555 4531 etiaim
575 4484 653 4532 ‘baec
670 4483 850 4549 supellectilis’
869 4486 1051 4537 uomluatiuum
1071 4487 1246 4551 proferebant,
1264 4489 1307 4539 ubi
1322 4490 1380 4540 uide
1397 4492 1486 4543 adnot,

192 4557 249 4605 erit.
269 4550 378 4602 Ilertzii.
466 4552 497 4600 ta
515 4552 605 4599 artemi
672 4553 705 4602 20
723 4561 747 4600 et
765 4552 797 4602 lio
816 4566 830 4599 o
849 4552 916 4601 incra
935 4555 966 4603 ab
986 4555 1032 4603 ltoc
1117 4557 1148 4605 21
1168 4558 1176 4605 i
1195 4568 1251 4605 ete
1339 4560 1372 4607 22
1391 4560 1486 4609 inercia

191 4624 225 4671 ⁸24
243 4622 268 4669 iu
287 4634 340 4669 ems
392 4617 563 4668 ltaecsi1·euis
632 4619 708 4668 tutus
727 4617 853 4684 siremsis]
873 4622 906 4682 cs.
925 4622 996 4672 Fert.
1012 4640 1041 4687 p.
1062 4625 1122 4683 341,
1141 4627 1176 4673 21
1195 4624 1233 4674 Μ.
1251 4626 1336 4674 Ριιιιιι.
1355 4627 1484 4691 Ampbitr.

191 4690 305 4750 pretii
373 4686 526 4748 aequuum
545 4685 648 4736 homine
716 4688 749 4737 27
767 4700 850 4737 ειιιειιι
870 4688 954 4739 arbori
1023 4691 1056 4742 28
1074 4705 1180 4755 montis,
1202 4694 1375 4747 occupemus
1392 4696 1487 4746 Daniel

192 4751 820 4819 aniate-stillula]Fort.AcaApou.11110
889 4760 921 4807 30
939 4757 1020 4808 deleat
1071 4760 1146 4825 stipis
1215 4762 1246 4810 31
1266 4761 1389 4811 memoria
1407 4777 1485 4813 causa

193 4821 304 4870 leuatum
373 4824 405 4874 32
424 4823 463 4871 ibs
516 4820 594 4870 calibs
663 4824 696 4872 33
714 4822 802 4873 calibis
871 4826 905 4876 34
922 4825 1001 4875 calibs
