3382 5476
694 384 907 439 BERNENSIS.
1405 385 1448 451 63

150 569 322 630 uerbium
353 589 369 630 a
403 570 520 631 uerbo
552 572 748 648 segregari
780 589 851 632 nou
882 579 1014 652 potest.
1065 573 1122 634 Sed
1153 582 1250 635 tamen
1280 575 1448 635 Isidorus

150 671 238 732 dicit:
274 671 501 733 Aduerbium
531 670 574 732 de
597 673 745 733 nomine
768 674 952 745 nascitur,
982 683 1021 736 ut
1043 673 1173 737 doctus
1196 675 1312 737 docte.
1357 676 1445 737 item:

149 774 395 852 participium
424 774 467 835 de
493 775 641 834 nomine
670 781 705 834 et
727 773 844 835 uerbo
867 777 1036 837 nascitur
1058 784 1096 836 ut
1117 774 1201 854 lego
1229 775 1366 855 legens.
1412 778 1447 839 Et

148 883 308 955 propterea
331 875 441 937 dictum
464 883 509 936 est
531 877 735 955 participium,
759 884 790 936 ut
812 876 977 938 Donatus
998 879 1052 946 ait,
1076 879 1159 958 quasi
1181 880 1376 958 particapium
1399 898 1445 949 eo,

123 976 246 1056 ⁵quod
277 985 417 1054 partem
446 978 607 1038 nominis
633 979 757 1058 capiat
784 986 1003 1059 partemque
1030 978 1155 1040 uerbi:
1184 981 1321 1060 recipit
1350 983 1444 1042 enim

149 1080 329 1139 anomine
351 1096 489 1156 genera
513 1089 548 1139 et
570 1096 693 1148 casus,
709 1096 726 1138 a
742 1079 857 1140 uerbo
880 1088 1046 1159 tempora
1068 1092 1103 1141 ct
1124 1081 1445 1158 significationes,

149 1179 192 1240 ab
220 1189 380 1259 utroque
410 1198 603 1241 nnmerum
631 1189 667 1241 et
694 1180 864 1259 figuram.
909 1182 1086 1243 Coniunctio
1115 1200 1188 1243 uero
1212 1190 1241 1242 et
1262 1185 1444 1262 praepositio

148 1280 197 1342 nel
213 1282 380 1343 interiectio
402 1283 433 1342 in
456 1290 625 1342 contextum
641 1283 763 1342 istarum
784 1281 894 1344 cadunt
909 1291 939 1342 et
953 1282 1020 1343 ideo
1043 1283 1192 1352 nonnulli,
1217 1285 1292 1344 idest
1314 1285 1444 1354 Stoici,

146 1385 278 1464 quinque
311 1392 412 1464 partes
440 1385 581 1449 orationis
608 1383 802 1458 definierunt,
836 1387 904 1464 quia
937 1387 1011 1446 istae
1039 1385 1207 1464 superfluae
1224 1395 1318 1480 snut.
1363 1386 1445 1446 Vnde

108 1485 331 1563 ¹0Virgilius
354 1486 451 1545 Maro
474 1484 564 1545 dixit:
592 1485 711 1563 Atque
733 1486 783 1544 ita
806 1495 888 1546 erat
909 1495 948 1546 ut
969 1505 1035 1566 pro
1058 1495 1143 1547 octo
1166 1486 1335 1564 partibus
1358 1507 1443 1548 ura·

146 1590 263 1649 tionis
289 1589 454 1667 quinque
481 1592 731 1646 numerarent.
778 1587 836 1647 llas
864 1596 962 1648 autem
991 1596 1058 1649 octo
1080 1597 1183 1667 partes
1204 1590 1347 1649 orationis
1370 1605 1443 1666 qno·

146 1687 234 1748 modo
258 1689 363 1749 Graeci
384 1689 556 1749 nominanti
586 1686 636 1748 Sic
658 1686 776 1748 dicunt:
800 1680 907 1769 ὄνομα
918 1689 1006 1750 -idest
1028 1707 1150 1764 nomen,
1175 1682 1345 1770 dmdvopo:
1366 1689 1444 1752 idest

145 1808 326 1870 pronomen,
361 1784 449 1869 ῥῆμα
470 1788 548 1849 idest
568 1787 708 1858 uerbum,
743 1784 911 1870 ἐπίρῤημα
937 1789 994 1850 boc
1022 1798 1068 1850 est
1095 1790 1286 1860 aduerbium,
1320 1790 1442 1872 μετοχή
1499 1819 1507 1826 ·

144 1891 221 1952 idest
242 1892 445 1971 participium,
469 1884 602 1969 ἄρθρον
623 1889 681 1950 hoc
704 1897 750 1950 est
770 1889 926 1960 articulus,
950 1885 1139 1972 σύνδεσμος
1161 1891 1239 1953 idest
1260 1894 1439 1967 coniunctio,

85 2002 133 2070 ¹1⁶
145 1990 308 2072 πρόθεσις
336 1993 392 2052 boc
415 2002 460 2053 cst
481 1992 671 2071 praepositio.
717 1992 823 2052 Graeci
845 2009 918 2070 ergo
941 2000 970 2054 et
992 1993 1088 2056 Latini
1110 1996 1141 2053 in
1164 2012 1289 2055 numero
1311 1997 1441 2073 partium

145 2096 289 2156 orationis
311 2094 515 2162 consentiunt,
544 2095 614 2172 quia
636 2095 754 2173 utrique
777 2101 845 2154 octo
867 2102 968 2173 partos
990 2113 1056 2156 esse
1078 2094 1230 2165 deliniunt,
1254 2095 1306 2157 scd
1331 2097 1362 2156 iu
1383 2114 1462 2159 una.

144 2198 260 2258 ratione
288 2195 430 2256 diiierunt
447 2184 486 2256 ¹et
514 2194 703 2264 dissentiunt,
737 2194 817 2274 quod
845 2197 951 2257 Graeci
978 2195 1134 2257 articulum
1163 2204 1296 2258 octauam
1325 2206 1440 2277 partem

144 2299 288 2358 orationis
318 2296 442 2367 babent,
475 2296 569 2356 Latini
604 2305 702 2357 autem
731 2297 888 2357 articulum
915 2298 946 2357 in
974 2316 1099 2359 numero
1127 2308 1194 2359 octo
1223 2300 1351 2378 partium
1381 2318 1441 2360 non

144 2407 315 2468 numerant,
338 2399 443 2459 sedin
467 2400 642 2478 pronomine
666 2395 821 2459 articulum
837 2397 957 2459 babent.
989 2400 1062 2460 item
1087 2400 1180 2461 Latini
1204 2403 1439 2462 interiectionem

104 2510 279 2563 ”octauam
302 2508 416 2581 partem
439 2500 582 2561 orationis
604 2517 669 2559 esse
696 2499 811 2569 dicunt,
836 2500 941 2560 Graeci
969 2519 1043 2562 nero
1070 2487 1309 2563 interiectionem
1331 2505 1363 2562 in
1386 2521 1439 2563 nu·

144 2604 378 2682 meropartium
401 2621 460 2663 uon
483 2601 609 2671 habent,
632 2598 738 2661 sedin
760 2599 905 2671 aduerbio
927 2620 992 2662 eam
1014 2611 1137 2682 pouum.
1181 2603 1254 2664 lude
1277 2603 1440 2665 bonatus
1481 2654 1484 2665 .

144 2705 229 2767 dixit:
267 2705 391 2766 Latini
427 2701 629 2764 articulum
660 2720 733 2763 uon
771 2703 1016 2766 adnumerant
1046 2722 1112 2765 nco
1149 2705 1282 2765 Graeci
1318 2706 1439 2766 inter·

135 2809 353 2868 lectionem.
391 2806 470 2878 Quot
491 2813 562 2867 snnt
583 2823 619 2865 ex
641 2803 702 2874 bis,
726 2822 801 2884 quae
823 2803 1019 2880 declinantur,
1043 2813 1073 2866 et
1095 2823 1170 2883 quac
1192 2813 1269 2877 sunt,
1287 2823 1363 2884 quac
1379 2824 1439 2868 nou

142 2907 351 2970 declinantnri
395 2907 475 2968 idest
496 2914 635 2987 quattuor
657 2905 859 2967 declinantur:
883 2924 990 2969 nomen
1012 2925 1178 2986 pronomen
1200 2906 1325 2968 uerbum
1348 2911 1438 2987 parti·

104 3022 131 3062 2⁶
144 3012 263 3090 cipium.
302 3009 443 3086 Reliquae
464 3027 539 3069 uero
560 3015 701 3086 quattuor
723 3018 838 3087 partes,
861 3008 938 3069 idest
959 3008 1136 3070 adnerbium
1160 3011 1331 3071 coniunctio
1352 3029 1437 3090 prae·

143 3113 252 3191 positio
278 3113 459 3181 interiectio,
488 3108 713 3171 indeclinabiles
741 3119 819 3171 sunt.
863 3109 940 3181 Quid
968 3128 1041 3189 ergo
1062 3112 1189 3172 interest
1209 3111 1288 3172 inter
1310 3111 1438 3173 declina·

143 3213 252 3273 tionem
276 3214 403 3272 nominis
426 3219 455 3272 et
476 3213 663 3291 pronominis
685 3221 715 3273 et
738 3211 842 3273 uerbii
858 3209 870 3294 ΙΙ
884 3211 936 3272 iol.
954 3209 1042 3294 79⁵1]
1073 3212 1134 3272 Hoc
1161 3213 1299 3273 interest:
1329 3231 1438 3274 nomen
1477 3242 1481 3251 ·

143 3331 307 3392 pronomen
336 3315 523 3394 participium
559 3332 613 3393 per
640 3331 725 3374 casus
759 3311 938 3384 declinatur,
973 3321 1006 3374 ut
1038 3312 1203 3374 bonatus
1236 3313 1324 3374 dixit:
1369 3314 1436 3374 Ve-

142 3433 221 3477 rnm
252 3435 292 3476 cx
322 3414 379 3475 bis
406 3415 579 3477 omnibus
604 3424 682 3476 tres
710 3423 812 3484 suut,
846 3433 940 3494 quae
967 3433 1029 3476 sex
1056 3414 1208 3475 casibus
1235 3412 1438 3475 inflectun-

103 3525 212 3586 ocur,
235 3535 369 3578 nomeu
398 3534 601 3596 pronomen
628 3517 883 3596 participium.
927 3515 1057 3577 Verbum
1080 3523 1177 3577 autem
1201 3534 1256 3595 per
1276 3515 1387 3578 formas
1408 3525 1439 3577 et

141 3618 245 3680 modos
276 3618 451 3680 declinatur.
504 3620 564 3681 Cur
590 3637 700 3679 nomen
736 3616 889 3697 praecedit
920 3625 988 3679 octo
1021 3625 1121 3696 partes
1153 3617 1314 3678 orationis?
1363 3617 1436 3688 Quia

137 3725 209 3795 lteri
235 3739 295 3782 non
323 3727 433 3800 potest,
464 3729 496 3780 ut
516 3723 628 3782 sciatur
656 3719 714 3781 ulla
743 3738 805 3789 res,
836 3720 893 3779 nisi
920 3721 1003 3798 prius
1030 3736 1138 3780 nomen
1169 3718 1276 3789 inerit,
1305 3721 1373 3798 quia
1402 3739 1437 3781 ex

142 3824 262 3884 nomine
278 3841 333 3884 suo
349 3825 446 3883 omnis
461 3830 597 3883 creatura
612 3823 812 3900 cognoscitur.
849 3820 922 3880 lude
944 3819 1112 3881 isidorus
1133 3819 1220 3881 dicit:
1244 3822 1318 3882 nisi
1342 3823 1436 3882 enim

141 3941 272 3985 nomen
304 3925 454 3993 scieris,
493 3925 664 4001 cognitio
697 3941 819 3983 rerum
854 3924 968 4002 perit,
1003 3924 1144 4002 quoniam
1174 3924 1295 3984 uomina
1324 3924 1436 4002 primo·

102 4035 128 4077 ³⁶
141 4028 241 4103 genita
257 4028 369 4087 suntin
386 4024 477 4086 rebus
497 4024 643 4086 omnibus.
680 4023 796 4085 Nomen
811 4024 960 4103 quomodo
982 4023 1124 4085 delinitur
1139 4023 1304 4085 secuudum
1319 4043 1435 4095 sonum,

209 4309 370 4380 lisidorus]
390 4312 485 4377 1⁶,2
571 4313 769 4380 3psrticipium
786 4310 847 4382 eto]
877 4312 942 4367 laid.
960 4313 978 4363 i.
997 4316 1013 4364 i.
1098 4310 1435 4381 tuonatuslp.sst,1t

141 4381 303 4446 participium
372 4384 522 4446 6tempore
589 4378 1330 4450 'lConiunctiouero—snperlluaesnut]cs.1sid.i.
1350 4386 1367 4435 l.
1418 4384 1435 4433 8

140 4448 165 4495 in
183 4458 304 4498 mntextu
389 4449 582 4510 9diiinierunt,
604 4451 643 4500 sio
657 4450 716 4514 fere
733 4465 834 4516 semper
883 4451 932 4499 iste
949 4448 1080 4514 superilue
1160 4452 1192 4500 10
1210 4450 1334 4517 Virgilius
1353 4447 1435 4516 Maro]

142 4515 323 4567 &manticas
343 4519 440 4567 scilicet
461 4519 537 4567 medii
557 4521 627 4579 aeui,
654 4520 703 4569 sed
724 4533 775 4569 non
796 4526 870 4568 earm
890 4521 913 4568 is
931 4521 1001 4568 loom
1018 4519 1089 4582 apud
1105 4519 1140 4568 Α.
1159 4517 1255 4570 Maium
1272 4523 1347 4571 etan.
1365 4526 1433 4570 meet.

144 4583 203 4632 Vnt.
220 4591 277 4635 tora.
294 4585 326 4634 V.
396 4587 427 4635 12
445 4587 526 4650 greci,
545 4589 583 4636 aio
598 4601 700 4650 semper
739 4600 832 4636 onoma
850 4593 909 4648 etc,
931 4587 1026 4636 litteris
1042 4587 1128 4637 latinis
1180 4587 1212 4637 te
1230 4588 1343 4653 epiremn
1381 4601 1434 4636 me-

90 4672 94 4677 ,
139 4649 222 4700 docbc
291 4654 322 4702 14
339 4653 415 4702 arclro
468 4653 613 4703 sindesmos
688 4656 719 4706 15
739 4655 846 4719 partium
883 4653 1045 4719 participium
1115 4657 1146 4706 lt
1164 4653 1294 4719 differunt]
1314 4656 1434 4705 deserunt

139 4719 172 4768 il
191 4717 318 4783 Donatus]
334 4736 361 4785 p.
381 4724 443 4782 ³72,
462 4724 496 4771 27
563 4723 596 4772 23
614 4721 684 4783 quod
735 4737 785 4784 qne
802 4722 961 4774 decidantur
1011 4736 1061 4784 que
1079 4736 1131 4772 uon
1192 4724 1226 4774 25
1243 4723 1339 4786 relique
1401 4725 1434 4773 26

139 4784 324 4837 indeclinabilis
408 4789 494 4840 atho
579 4789 613 4838 28
631 4803 769 4855 pronomen
789 4791 893 4840 uerbum
911 4790 1076 4856 perticipium
1125 4788 1242 4840 Donatus
1271 4808 1300 4855 p.
1319 4793 1381 4856 3⁷2,
1400 4794 1434 4842 29

139 4853 174 4904 29
190 4870 241 4917 qus
290 4856 407 4906 cassibus
476 4859 508 4908 at
528 4856 688 4906 declinantur
705 4873 770 4920 quur
838 4859 871 4909 32
890 4858 1008 4910 beriam.
1077 4861 1111 4908 ³2
1129 4858 1242 4907 isidorus
1275 4857 1365 4921 lna
