3382 5476
605 363 752 416 conrcrs
770 365 972 438 amnnnsrs
990 367 1033 422 sa.

322 550 425 611 lndia
449 551 568 613 mittit
590 550 698 621 ebur,
721 551 852 614 molles
874 570 937 613 sua
961 562 1041 613 tura
1065 552 1198 614 Sabaei
1220 587 1262 598 -

322 652 499 714 Castorea
523 652 692 714 Eliadum
714 653 855 733 palmas
875 654 1011 733 Epirus
1034 672 1213 734 equarum

169 853 318 934 ‘abyssus’
342 854 523 936 ‘baptisma’,
546 875 672 936 quorum
696 855 875 935 paenultima
898 858 1046 936 positione
1069 859 1257 935 cognoscitur
1279 875 1344 918 esse
1366 857 1463 937 longa,

143 956 222 1016 ssetl
253 957 368 1018 acuitur
396 957 662 1036 antepaenultima,
692 958 759 1036 quia
788 965 913 1038 propter
942 958 961 1019 h
986 959 1033 1020 uel
1057 977 1074 1037 y
1096 958 1230 1019 aufertur
1257 969 1398 1022 accentus
1427 960 1465 1021 de

170 1048 366 1136 paenultima,
396 1078 452 1119 nec
474 1060 598 1128 mirum,
628 1077 695 1119 cum
719 1059 797 1139 aputl
821 1078 875 1120 nos
897 1077 1014 1138 quoque
1037 1059 1211 1139 ‘locupletis
1233 1059 1412 1140 locupletes'
1435 1070 1466 1122 et

171 1158 337 1238 ‘locupleto
360 1159 540 1238 locupletas’
564 1169 593 1221 et
614 1160 766 1221 ‘asseuero
789 1163 954 1222 asseueras’
978 1163 1153 1241 ‘perseuero
1175 1165 1363 1240 perseueras’
1387 1167 1464 1224 ‘era-

170 1259 236 1323 dico
259 1260 404 1321 eradicas’
428 1261 513 1339 longa
537 1263 575 1321 sit
597 1261 771 1322 naturaliter
793 1260 973 1340 paenultima
997 1272 1026 1323 et
1050 1271 1148 1324 tamen
1172 1272 1294 1344 propter
1316 1263 1467 1326 euloniam

170 1371 326 1424 accentum
349 1363 438 1424 ltabet
459 1361 724 1442 antepaonultima,
749 1371 778 1423 et
799 1381 815 1422 e
839 1365 988 1425 contrario
1004 1362 1166 1425 ‘calefacis’
1182 1364 1363 1426 ‘leruelacis’
1387 1372 1464 1428 ‘are-

133 1465 260 1526 rolacis'
285 1465 460 1544 ‘tepefacis'
483 1463 647 1526 ‘labelacis'
671 1464 866 1525 ‘malefacis’
890 1473 1044 1526 accentum
1067 1464 1156 1527 habet
1178 1466 1372 1546 paenultima,
1396 1467 1465 1530 lieet

170 1567 209 1626 sit
230 1563 347 1636 breuis,
377 1575 407 1626 et
429 1584 534 1627 rursus
556 1565 752 1646 ‘aliquando'
777 1566 970 1645 ‘nequando'
994 1567 1174 1646 ‘siquando'
1203 1578 1358 1631 accentum
1383 1579 1465 1631 tenet

170 1666 435 1746 antepaenultima,
460 1665 529 1728 licet
550 1666 637 1745 longa
660 1669 699 1728 sit
719 1666 909 1747 paenultima.

140 1827 143 1833 ,
256 1768 349 1829 l‘orro
371 1768 449 1848 quod
472 1770 641 1830 accusatiuo
663 1771 744 1830 casui
767 1767 892 1830 uerbum
916 1767 1105 1832 ‘calumnior’
1127 1773 1260 1834 iunctum
1285 1775 1465 1854 repperitur,

170 1869 335 1931 secundum
363 1871 493 1932 Graecos
521 1870 550 1931 it
579 1868 728 1950 prolatum
756 1878 815 1939 est,
843 1878 976 1931 ceterum
1004 1870 1108 1933 Latine
1136 1890 1194 1933 non
1223 1883 1278 1935 est.
1323 1874 1383 1936 lam
1406 1894 1466 1937 nort

134 1985 160 2026 15
172 1969 331 2031 «licendum
354 1971 531 2034 ‘calumnior
553 1972 717 2041 Catonem’,
741 1970 820 2051 quod
843 1972 958 2052 antiqui
980 1971 1119 2034 dicebant
1134 1971 1145 2055 ll
1162 1974 1180 2035 l.
1195 1971 1237 2036 5¹³
1254 1973 1265 2057 ΙΙ
1281 1975 1389 2043 Latini,
1413 1978 1465 2038 secl

170 2072 348 2133 ‘calumnior
371 2073 496 2143 Catoni',
525 2074 604 2153 quod
627 2083 657 2134 et
678 2075 775 2154 ipsum
797 2075 954 2154 perspicax
978 2082 1081 2135 auctor
1103 2077 1333 2153 Augustinus
1355 2097 1467 2158 super

170 2174 350 2254 psalmum
379 2174 485 2236 Beati
513 2174 735 2250 inmaculati
758 2174 832 2235 dixit
854 2183 883 2236 et
904 2174 1013 2237 clocuit.
1058 2176 1095 2236 Et
1115 2175 1175 2237 illic
1203 2178 1281 2238 enim
1304 2178 1468 2240 secundum

172 2275 315 2337 Graecam
345 2275 525 2338 locutionem
554 2276 676 2337 dicitur:
711 2277 765 2336 ‘ne
788 2276 888 2337 tradas
911 2295 958 2337 me
981 2275 1230 2338 calumniantibus
1252 2281 1319 2340 me'
1342 2289 1372 2340 et
1394 2283 1467 2341 ‘nou

171 2378 388 2439 calumniantur
410 2397 457 2439 me
479 2375 627 2458 superbi!
671 2376 731 2437 Nos
760 2384 858 2438 tamen
888 2377 1028 2438 nostratis
1055 2395 1170 2438 morem
1198 2389 1357 2459 sequentes
1386 2380 1467 2442 locu·

132 2495 159 2535 ao
173 2480 263 2540 tionis
285 2479 424 2540 dicimus:
448 2479 588 2540 ‘Oremus
609 2495 665 2558 pro
688 2476 937 2540 calumniantibus
959 2477 1066 2539 nobis'.

256 2580 331 2641 lllud
353 2600 470 2661 quoquc
493 2579 670 2649 notandum,
694 2579 773 2657 quod
788 2578 979 2642 '‘subscribo’
1002 2578 1102 2641 datiuo
1117 2582 1262 2660 iungitur,
1278 2591 1311 2644 ut
1326 2592 1371 2644 est
1386 2584 1468 2647 ‘sult-

171 2680 273 2744 scribo
304 2682 458 2762 epistulis',
492 2684 568 2745 sicut
600 2683 709 2760 legitur
741 2690 772 2741 et
804 2684 839 2743 in
872 2679 1097 2745 canonibus:
1132 2681 1234 2744 ‘huic
1268 2685 1421 2746 ‹lecreto
1451 2705 1467 2747 a

174 2784 285 2846 nohis
321 2782 547 2865 prouulgato
584 2781 827 2863 subscripsi',
867 2782 947 2863 quotl
980 2784 1047 2845 itleo
1084 2786 1378 2848 commemorandum
1411 2798 1467 2858 est,

172 2888 240 2967 quia
267 2906 334 2947 cum
364 2885 489 2965 simplex
519 2887 616 2964 ipsum
645 2882 771 2946 uerbum
794 2892 822 2945 et
844 2893 943 2945 cetera
972 2888 1087 2956 omnia,
1116 2869 1258 2965 quae'ab
1287 2908 1323 2949 eo
1346 2908 1468 2970 compo·

132 2996 312 3072 eruuntur,
334 2987 452 3049 tralrant
486 2988 701 3055 accusotluum,
730 2995 762 3047 ut
788 2984 887 3046 scribo
915 2985 1073 3047 conscribo
1101 2987 1240 3048 describo
1268 2989 1398 3051 inscribo
1420 3011 1468 3052 re·

171 3090 273 3152 scribo
289 3087 456 3151 transcribo
479 3086 624 3159 ‘librum’,
647 3087 721 3149 haec
736 3087 845 3156 solum,
869 3086 944 3148 idest
958 3085 1114 3148 subscribo
1129 3097 1158 3150 et
1172 3091 1346 3169 praescribo
1362 3101 1470 3172 regunt

173 3193 322 3263 datiuum,
347 3200 391 3253 ut:
415 3188 600 3269 ‘praescribo
622 3188 688 3249 tibi’
710 3191 741 3250 in
763 3186 921 3250 scribendo
944 3188 1117 3250 contradico
1139 3188 1203 3251 tibi.

259 3293 429 3354 lllllerentia
451 3310 569 3372 quoque
591 3293 670 3351 inter
693 3291 891 3370 ‘utrumque'
915 3297 944 3350 ct
965 3291 1144 3371 ‘utrosque'
1169 3310 1227 3352 nou
1250 3312 1356 3372 parum
1380 3294 1469 3356 ‹lebct

173 3394 309 3475 placere,
332 3397 400 3472 quia
424 3392 566 3455 lalluntur
588 3392 628 3453 ibi
651 3391 796 3472 plerique.
841 3392 996 3469 ‘Vterque’
1020 3389 1130 3452 dicitur
1152 3391 1189 3453 de
1217 3394 1332 3455 ‹luoltus
1355 3403 1468 3457 tantum

133 3496 360 3574 aolrominiltus,
388 3496 542 3574 ‘utrique’
571 3513 644 3556 uero
672 3495 710 3554 cle
737 3492 854 3554 duobus
883 3500 933 3553 aut
961 3492 998 3554 dc
1019 3490 1154 3572 pluribus
1176 3513 1212 3554 ex
1235 3502 1361 3574 utraque
1383 3505 1469 3576 parto

173 3599 293 3679 positis,
319 3606 347 3658 et
370 3600 515 3677 ‘uterque
537 3597 636 3657 uenit'
661 3604 690 3656 et
711 3597 841 3674 ‘utrique
863 3600 1034 3655 uenerunt’.
1080 3592 1139 3655 Setl
1161 3604 1261 3657 tamon
1285 3615 1391 3658 uerum
1414 3608 1468 3669 cst,

172 3699 252 3779 quod
275 3698 402 3760 sulricoit
432 3701 527 3778 ipse:
562 3694 671 3758 ‘haec
701 3696 848 3782 quidem
882 3695 1067 3756 distincta
1100 3705 1200 3768 sunt,
1235 3696 1299 3759 sed
1333 3700 1468 3762 iterum

173 3801 400 3861 auctoritate
422 3800 578 3860 confusa
600 3799 710 3858 sunt’.'

259 3902 393 3964 ‘vador'
424 3920 497 3964 uero
526 3902 603 3962 idest
630 3899 687 3961 lide
714 3900 796 3967 dico,
830 3901 897 3979 quia
931 3898 1116 3962 subobscura
1138 3900 1236 3979 glossa
1265 3911 1325 3970 est,
1353 3900 1471 3982 planius

133 4003 367 4085 &aperiendum
389 4021 508 4064 censeo.
553 4000 674 4063 ‘Vatlor'
698 4001 776 4063 idest
797 4001 855 4062 noe
878 4002 960 4071 (lico,
983 4000 1041 4062 hoc
1056 4011 1101 4063 est
1117 4011 1225 4062 memet
1244 4004 1339 4080 ipsum
1363 4002 1469 4063 uatlcm

174 4105 213 4166 tlo
236 4104 283 4167 uel
306 4107 335 4166 in
359 4104 560 4165 tradimonium
583 4102 677 4165 trado.

244 4378 256 4424 l
277 4371 361 4442 lmlin]
384 4376 462 4439 Verp.
483 4374 550 4425 Geor
569 4416 575 4427 .
595 4373 612 4423 1
628 4378 662 4423 57
746 4375 880 4422 tencrone
898 4371 1024 4420 cellarium
1042 4370 1141 4436 palmos
1159 4371 1247 4436 epirus
1265 4387 1388 4435 equarum
1407 4370 1471 4437 (pro

175 4459 276 4494 ecorr.
294 4445 321 4506 a)
424 4447 441 4494 ll
459 4391 567 4509 Epirusq
585 4440 704 4491 Sermusa
727 4439 795 4489 Saue
813 4441 899 4506 epiros
917 4439 1012 4489 Graece
1030 4438 1165 4504 profertur,
1186 4440 1253 4489 unde
1271 4441 1346 4489 etlam
1364 4457 1378 4488 o
1396 4440 1472 4491 habet

174 4522 316 4561 accentum.
350 4509 414 4560 Nam
433 4512 456 4560 si
473 4511 592 4560 Latirmm
611 4520 679 4559 esset
698 4508 805 4574 Epirus,
825 4509 850 4572 pi
868 4507 972 4556 liaberet
991 4518 1133 4568 occentum,
1152 4508 1212 4570 quin
1235 4507 1377 4574 longeest.
1455 4511 1471 4560 9

796 4600 831 4629 mo
1237 4589 1280 4629 sub

175 4648 314 4713 penultima
401 4650 433 4697 14
451 4649 500 4696 iam
520 4662 586 4695 rrrrnc
671 4642 930 4694 connumerandum
1016 4643 1050 4693 26
1069 4642 1118 4692 hoo
1135 4641 1217 4691 solum
1237 4642 1353 4694 ascribo
1438 4645 1469 4694 3l

174 4776 200 4814 et
217 4712 327 4831 utzrque
346 4778 470 4816 uenerunt
554 4766 588 4816 82
605 4762 665 4825 Quo
681 4764 715 4812 cit
733 4762 775 4811 ille
793 4761 880 4824 (ἕρπ’,
904 4758 1009 4822 difficile
1027 4761 1095 4810 dictu
1113 4768 1163 4822 ect;
1187 4767 1258 4810 certe
1275 4775 1326 4810 nou
1343 4767 1382 4809 est
1399 4761 1471 4810 Pris-

173 4836 272 4885 cianus·
340 4837 373 4885 34
390 4834 464 4899 glosa

199 4932 296 4976 Graan.
308 4943 360 4974 nar.
373 4934 456 4976 suurn
1222 4962 1225 4966 ,
1238 4913 1269 4962 12
