3382 5476
452 406 644 460 AVCTORES
665 406 830 461 anonim
847 408 896 458 DE
915 404 1085 459 inustus
1103 405 1133 459 (l.
1378 403 1440 470 30¹1

234 598 268 657 n.
298 597 428 658 Ecclesia
450 615 531 659 nuuc
551 616 605 677 per
624 596 879 676 contemplationis
894 598 985 658 uitam
1000 595 1140 657 caelestia
1156 594 1346 678 amplectitur
1362 613 1441 655 nune

149 719 202 780 per
225 699 368 760 actualem
392 697 585 761 terrestribus
607 706 780 778 occupatur.

233 802 263 862 S.
295 802 357 862 Vita
379 810 548 862 sauctorum
570 800 700 879 undique
723 800 849 880 prouida
871 802 927 862 isto
949 800 1098 877 designari
1119 799 1238 861 uidetur
1257 801 1439 862 charactere.

232 902 268 964 Τ.
299 903 440 965 Extensio
463 903 655 965 brachiorum
684 901 793 964 Christi
819 908 913 963 totum
937 902 973 963 ad
995 921 1029 964 se
1051 901 1162 981 colligit
1183 900 1288 962 orbem
1309 902 1374 982 ipso
1397 901 1441 962 di·

123 1013 250 1066 scente:
282 1004 362 1066 ‘eum
386 1004 530 1067 exaltatus
552 1005 637 1066 luero
660 1023 676 1065 a
698 1012 793 1074 terra,
824 1005 922 1065 omnia
950 1004 1065 1066 traham
1094 1003 1129 1064 ad
1153 1022 1202 1065 nae
1224 1006 1344 1083 ipsum',
1370 1002 1440 1065 bor·

149 1116 225 1178 tatu,
255 1126 314 1186 quo
343 1108 430 1169 dicit:
460 1109 576 1169 ‘uenite
603 1106 639 1167 ad
668 1124 716 1167 me
744 1125 850 1169 omnes
877 1108 928 1184 qni
956 1105 1096 1169 laboratis
1124 1113 1154 1167 et
1175 1107 1291 1168 onerati
1319 1107 1391 1168 estis
1414 1113 1444 1166 et

149 1227 204 1288 ego
227 1229 282 1270 uos
303 1212 457 1270 retioiam'.

232 1312 266 1372 V.
297 1312 390 1382 Quam
414 1310 470 1372 lata
495 1318 525 1372 et
546 1312 674 1391 spatiosa
697 1311 757 1372 uita
787 1320 846 1380 est,
875 1329 950 1390 quae
979 1310 1062 1372 ducit
1089 1310 1125 1372 ad
1154 1318 1280 1371 mortem
1304 1318 1333 1370 et
1354 1328 1442 1389 quam

148 1422 211 1474 arta
239 1423 269 1475 et
297 1420 419 1493 angusta
448 1417 497 1475 uia
525 1420 583 1484 est,
618 1431 693 1493 quae
721 1412 804 1473 ducit
831 1411 868 1472 ad
897 1413 1003 1483 uitam,
1037 1413 1176 1492 quocirca
1209 1413 1382 1493 prosperior
1409 1431 1443 1473 ea

116 1535 141 1572 re
155 1518 296 1585 noscitur,
320 1534 395 1593 quae
417 1523 534 1577 constat
555 1534 620 1576 esse
642 1515 791 1576 dexterior
814 1515 869 1575 hac
891 1517 922 1575 iu
944 1516 1129 1594 figuratione.

234 1617 269 1679 X.
301 1618 379 1679 Crux
403 1619 514 1680 Christi
533 1622 565 1679 in
588 1636 691 1679 omnes
714 1616 817 1678 mundi
839 1617 1028 1697 protenditur
1050 1624 1150 1697 partes
1173 1625 1203 1679 ct
1224 1615 1363 1677 subditu.
1383 1663 1389 1676 .
1409 1662 1438 1677 ..

155 1766 353 1782 ..........
371 1718 439 1780 idus
462 1719 533 1780 lleo.

232 1822 264 1881 Y.
296 1821 533 1882 Fundamentum
555 1821 633 1883 aliud
656 1841 743 1884 nemo
766 1830 863 1902 potest
885 1840 1008 1902 ponere,
1031 1839 1122 1898 quum
1143 1822 1220 1902 qnod
1244 1822 1372 1902 positum
1388 1829 1443 1890 est,

150 1925 227 2001 rpuod
252 1931 296 1985 est
319 1922 455 1985 Christus
478 1924 569 1985 lesus.
615 1924 677 1985 Hoc
701 1942 843 2004 namque,
873 1932 906 1985 ut
927 1926 968 1986 ait
995 1923 1201 2004 apostolus,
1232 1924 1445 2005 prophetarum

114 2045 138 2085 re
152 2034 181 2085 et
216 2025 417 2104 apostolorum
447 2034 491 2087 est
519 2025 755 2096 tundamentum,
790 2029 820 2088 in
849 2046 908 2107 quo
939 2029 1034 2088 omnis
1067 2025 1229 2088 aedificatio
1262 2027 1445 2088 constructio
1541 2027 1545 2035 '

151 2130 257 2188 crescit
280 2130 311 2189 in
334 2129 479 2208 templum
502 2136 636 2190 sanetum
659 2131 690 2190 in
714 2128 849 2190 Domino.
1007 2204 1010 2210 Ι

237 2230 266 2289 Z.
298 2228 355 2290 Per
377 2232 608 2292 incarnationem
632 2230 739 2292 Christi
768 2233 920 2293 terrestria
949 2229 1126 2292 caelestibus
1148 2232 1256 2292 sociata
1280 2232 1371 2292 luisse
1394 2249 1445 2292 ne·

153 2333 226 2392 mini
248 2330 381 2392 fidelium
405 2332 540 2393 dubitare
563 2331 672 2394 licebit.

783 2861 818 2934 O.

196 3013 306 3074 Omnes
330 3032 403 3075 uero
426 3015 542 3075 litterae
564 3013 600 3074 ad
623 3013 846 3075 similitudinem
870 3015 951 3075 uocis
968 3012 1155 3075 clraracteras
1170 2990 1359 3091 aeceperunt.

116 3137 141 3173 re
237 3119 260 3175 Α
283 3125 387 3195 aperto
410 3133 462 3176 ore
483 3134 615 3204 congruo
637 3115 701 3178 solo
723 3118 829 3196 spiritu
850 3124 1042 3178 memoratur.

240 3215 261 3274 ll
285 3216 376 3278 labris
398 3220 612 3299 perspiritum
636 3220 747 3300 impetu
769 3217 892 3280 reclusis
914 3219 1070 3280 edicimus.

239 3318 260 3379 C
283 3319 443 3382 molaribus
466 3340 556 3401 super
578 3320 697 3398 liuguae
720 3330 850 3383 extrema
873 3319 1006 3400 appulsis
1028 3320 1213 3400 exprimitur.

239 3420 262 3480 b
285 3422 410 3501 appulsu
433 3422 551 3500 liuguae
573 3425 652 3485 circa
673 3424 843 3503 superiores
866 3420 971 3482 dentes
992 3423 1164 3484 innascitur.

239 3523 261 3583 Ε
283 3525 386 3603 spiritu
409 3524 480 3585 lacit
502 3522 603 3602 lingua
620 3521 666 3605 111.
685 3520 761 3584 109·
778 3523 790 3605 ΙΙ
805 3522 958 3604 paululum
981 3524 1140 3602 pressiore.

129 3645 141 3684 s
239 3623 262 3683 F
284 3624 388 3684 dentes
409 3622 525 3685 labrum
547 3625 673 3685 inferius
695 3624 903 3705 deprimentes.

239 3727 261 3787 G
286 3727 421 3806 spiritum
444 3745 512 3787 cum
533 3727 641 3807 palato.

240 3827 265 3887 ll
287 3830 420 3889 conrasis
441 3828 593 3908 paululum
616 3827 749 3890 saucibus
772 3829 793 3909 †
815 3829 970 3891 uentribus
993 3828 1118 3890 exhalat.

246 3929 257 3988 l
286 3931 406 4007 spiritus
428 3949 521 4011 prope
544 3931 683 3993 dentibus
709 3950 837 4011 pressus.

242 4030 265 4091 li
289 4031 424 4093 faucibus
446 4033 542 4110 palato
565 4035 719 4098 formatur.

118 4155 143 4193 eo
242 4133 264 4193 b
286 4133 385 4212 lingua
408 4153 483 4214 quae
506 4133 604 4215 palato
627 4137 647 4216 †
671 4135 779 4198 dulcet.

222 4359 383 4404 denractere
451 4358 568 4406 bortotu
654 4356 805 4407 libonorati
890 4357 1059 4423 ilproperior
1145 4358 1175 4407 11
1195 4355 1265 4408 Crux
1287 4394 1395 4410 .......
1401 4374 1447 4409 nes

156 4424 242 4472 mundi
314 4426 345 4474 13
363 4437 439 4486 quum
458 4425 530 4475 deest
599 4427 630 4475 15
648 4423 774 4474 edificatio

226 4492 289 4541 Cori.
308 4490 388 4544 Bere.
408 4495 459 4540 m
476 4508 545 4543 rece.
563 4492 645 4556 1xs.
665 4491 839 4555 todi-109¹,
857 4495 997 4558 maembso
1016 4494 1101 4543 titulo:
1126 4493 1205 4543 tren
1224 4492 1268 4542 DE
1286 4492 1445 4544 LITTERlS.

158 4559 231 4608 Inter
248 4560 313 4608 larue
331 4566 466 4610 tractatam
484 4568 509 4610 et
526 4563 601 4623 illum,
615 4577 686 4626 quem
703 4577 739 4611 ex
755 4563 804 4613 isto
823 4564 910 4612 codiee
932 4577 1012 4626 supro
1029 4562 1107 4623 edidi,
1126 4564 1225 4613 inserte
1241 4569 1281 4613 erl
1297 4563 1383 4613 bruas
1400 4579 1447 4613 ece·

154 4628 247 4691 positio
266 4629 298 4678 dc
316 4629 420 4677 litteris:
456 4626 500 4676 DE
518 4626 667 4677 Ltt'rums
686 4626 889 4679 EXCERPTVM
912 4631 1037 4694 incipiens
1054 4630 1087 4681 ab
1104 4629 1145 4681 llis
1161 4631 1259 4682 sabb:
1295 4629 1390 4681 Littera
1408 4639 1448 4682 est

156 4711 216 4760 pars
235 4697 341 4744 minima
358 4697 430 4745 uocis
449 4695 602 4746 articulatae.
640 4695 790 4746 Litterarum
813 4698 877 4746 aliae
899 4710 960 4748 sunt
980 4698 1096 4757 uocales,
1119 4699 1184 4748 alite
1201 4710 1373 4750 consonantes
1391 4710 1448 4760 etc,

155 4780 220 4828 quoe
239 4771 293 4814 toto
310 4771 410 4814 constet
428 4780 463 4814 ere
478 4765 598 4826 [numito
616 4765 714 4815 Donati
728 4783 755 4830 p.
775 4768 834 4825 30⁷,
845 4770 902 4815 9-
913 4769 973 4829 368,
984 4770 1008 4820 7.
1078 4768 1110 4817 19
1128 4778 1269 4818 caracteres
1338 4770 1372 4820 20
1389 4765 1448 4834 spxir

155 4833 186 4879 21
207 4832 342 4882 reclusisse
359 4833 467 4883 dicimus
536 4834 570 4882 22
587 4832 684 4899 apuleis
737 4836 770 4885 23
787 4834 881 4899 apulsu
937 4836 971 4884 24
988 4837 1094 4901 spiritus
1147 4838 1289 4902 pressiores
1357 4838 1391 4888 25
1408 4839 1448 4885 in-

156 4899 261 4950 terimus
330 4902 362 4951 st
381 4901 465 4951 exalat
533 4901 567 4950 28
583 4902 702 4951 dentibus
721 4903 803 4968 presit
870 4905 904 4954 30
921 4902 1009 4969 lingua
1026 4919 1052 4966 q;
1070 4902 1156 4968 palato
1174 4904 1258 4955 didcet

1186 4986 1242 5041 20*
