3382 5476
197 368 259 435 180
579 369 832 434 Qvnssrtouss
852 369 1119 423 autumem

195 580 213 621 o
235 562 265 620 in
288 578 307 621 u
329 562 473 629 nectitur,
497 559 614 639 quando
636 567 835 619 consonantes
856 558 932 619 duae
953 566 1128 638 sequnntur,
1151 565 1184 619 ut
1205 556 1288 619 ‘nolo
1309 557 1400 628 nnlt’,
1423 560 1494 621 ‘uo-

195 662 293 724 lumus
316 661 427 732 uultis',
451 660 578 723 ‘uultus'
601 680 617 721 a
634 660 786 721 uoluntate
800 660 896 721 dictus
910 679 965 740 pro
980 658 1117 729 ‘uoltus’;
1141 659 1219 720 ‘colo
1233 657 1346 722 cnltus’
1360 657 1496 741 ‘uulpes’

196 784 249 845 pro
273 762 410 844 ‘uolpes',
441 762 577 842 eoquod
600 764 638 822 sit
661 760 799 822 uolubilis
821 759 961 840 peninon
984 762 1098 823 ‘ursus'
1119 779 1176 841 pro
1198 763 1330 832 ‘ernust
1354 762 1495 843 eoquod

195 884 246 926 ore
267 883 336 925 suos
359 866 469 926 lormet
490 865 602 933 foetus:
632 863 815 942 ‘iuglandis’
839 879 893 940 pro
916 862 1109 942 ‘ioglandis',
1132 861 1209 924 idest
1230 864 1333 925 ‘iocus
1354 861 1495 941 glandis'.

194 968 243 1028 Sic
266 976 296 1028 et
319 965 355 1028 ab
378 965 469 1027 ‘oleo’
492 968 523 1027 in
547 963 772 1026 ‘adolescente’
794 962 844 1025 uel
867 963 1073 1026 ‘adoliscente’
1093 962 1349 1027 ‘adoliscentiori'
1372 963 1520 1027 ‘adolio-⁵

194 1068 332 1130 centulo’
367 1066 593 1129 ‘adoliscentia’
615 1075 755 1128 manente
780 1066 960 1143 regulariter
985 1084 1019 1136 o,
1053 1069 1165 1147 qnippe
1192 1084 1261 1129 cum
1288 1065 1365 1128 hacc
1390 1066 1492 1129 omnia

196 1171 301 1230 uenire
324 1177 440 1230 constet
462 1167 499 1229 ab
522 1167 682 1238 adolendo;
705 1175 837 1229 mutatur
860 1175 958 1228 tamen
980 1187 998 1227 o
1022 1164 1034 1249 ll
1050 1166 1070 1227 l.
1087 1163 1126 1228 9·
1141 1166 1156 1249 ΙΙ
1178 1170 1266 1239 inu,
1288 1186 1359 1231 cum
1381 1166 1495 1231 dicitnr

195 1270 346 1340 ‘adultus’,
372 1272 540 1332 necessario
562 1277 686 1351 propter
707 1276 868 1347 sequentes
891 1268 1029 1329 uidelicet
1051 1268 1125 1330 duas
1147 1278 1346 1331 consonantes
1360 1276 1493 1331 tantum·

196 1372 298 1444 modo,
329 1390 388 1433 non
417 1371 455 1433 ob
478 1371 556 1433 aliud
586 1370 749 1437 ullomodo.
779 1368 856 1449 quod
881 1372 912 1430 in
934 1372 1043 1432 ceteris
1064 1372 1228 1451 participiis
1248 1368 1286 1432 ab
1307 1370 1418 1433 olondo
1441 1390 1494 1433 ue·

195 1474 344 1536 nientihus
373 1481 402 1535 et
429 1493 515 1534 unam
546 1483 613 1554 post
641 1492 659 1532 o
687 1485 897 1532 consonantem
926 1470 1104 1532 habentibus
1131 1472 1160 1534 id
1188 1473 1280 1550 liquet
1305 1473 1410 1554 pattrlo
1439 1491 1532 1535 scuto

195 1584 276 1657 patet
297 1575 425 1657 liquido,
449 1576 588 1636 uidelicet
610 1576 640 1635 in
664 1570 804 1633 ‘aboleto'
828 1574 875 1634 uel
899 1571 1033 1634 ‘abolito’
1058 1582 1088 1635 et
1110 1574 1272 1646 ‘exoleto’,
1299 1590 1335 1635 ac
1357 1592 1413 1655 per
1435 1574 1495 1637 hoc

195 1679 354 1757 diiigenter
377 1685 407 1737 ot
428 1677 636 1755 intellegenter
658 1672 841 1736 innuentibus
868 1674 961 1734 claret
982 1674 1011 1734 id
1035 1677 1099 1736 siue
1121 1676 1275 1757 scrupulo,
1305 1676 1384 1757 quod
1414 1679 1495 1740 sicut

194 1799 248 1859 per
270 1800 288 1840 o
311 1782 366 1841 rite
389 1777 540 1859 profertur
563 1776 721 1838 ‘aboletus’
744 1775 906 1837 ‘abolitus’
929 1774 1107 1847 ‘exoletus',
1136 1779 1177 1838 ita
1204 1776 1399 1840 nihilominus
1422 1797 1494 1859 pro·

195 1881 269 1942 lerri
293 1879 384 1941 dehet
398 1878 594 1940 ‘adolescens’
610 1887 640 1939 et
654 1878 853 1947 ‘adoliscens'‚
877 1877 945 1938 licet
968 1881 1137 1940 necessario
1160 1888 1283 1960 propter
1304 1878 1493 1961 praedictam

195 1985 341 2042 rationem
365 1999 423 2041 non
447 1989 548 2041 seruet
570 1980 599 2040 id
623 1978 774 2040 ‘adultus’.
1507 1998 1533 2039 rs

279 2083 336 2154 Qui
358 2081 544 2144 solummodo
566 2082 787 2159 grammaticam
812 2090 964 2159 angustam
989 2090 1019 2142 et
1039 2092 1133 2144 artam
1162 2091 1256 2145 artem
1284 2085 1356 2155 scit,
1385 2084 1495 2146 ‘nemo

195 2186 328 2245 uirorum
353 2183 481 2253 illorum,
498 2185 548 2264 qui
572 2184 667 2244 uocati
689 2191 767 2252 sunt,
791 2183 921 2261 gustabit
943 2203 1047 2246 cenam
1072 2187 1180 2246 meam’
1203 2185 1262 2246 dici
1283 2184 1397 2247 dehere
1418 2205 1494 2249 con·

196 2291 246 2349 icit
274 2294 317 2358 et,
346 2288 429 2366 quasi
457 2303 545 2346 secus
571 2284 630 2344 dici
659 2293 798 2364 nequeat,
823 2304 911 2364 quam
939 2288 1129 2348 securissime
1157 2288 1242 2356 dicit,
1275 2286 1354 2348 idest
1382 2290 1494 2350 ‘nemo

195 2389 346 2468 gustabit’.
397 2388 534 2449 Ceterum
563 2388 613 2466 qni
641 2387 819 2447 rhetoricam
854 2389 1064 2466 amplissimam
1092 2388 1276 2449 latitudinem
1306 2390 1354 2450 uel
1383 2386 1496 2450 latissi-

196 2509 272 2552 mam
296 2489 518 2570 amplitudinem
542 2489 653 2566 attigit,
677 2491 771 2568 ipsam
794 2489 918 2550 licenter
933 2509 968 2551 ac
988 2491 1167 2568 regulariter
1188 2488 1385 2552 litteraturam
1407 2494 1494 2572 qnasi
1507 2507 1535 2546 so

194 2592 378 2673 neglegendo
400 2591 610 2672 praetermittit
632 2589 718 2650 etad
742 2608 861 2650 sensnm
884 2610 916 2651 se
939 2593 1038 2669 potins
1066 2591 1250 2652 transferens
1276 2602 1404 2672 propter
1428 2592 1495 2673 plu·

195 2695 303 2764 ralem,
332 2697 384 2771 qni
411 2695 553 2773 sequitur,
584 2710 756 2766 rotomorum,
786 2691 875 2752 idest:
905 2693 1057 2753 ‘uirorum
1085 2693 1203 2753 illorum
1227 2674 1398 2772 qni'nocati
1421 2701 1494 2756 sunt

194 2795 367 2874 gnstabnnt’
391 2795 613 2856 auctorabiliter
635 2794 833 2872 perlegeram
857 2793 939 2853 dicit.
975 2794 1064 2855 Scitis
1085 2795 1212 2866 etenim,
1235 2794 1314 2876 quod
1336 2796 1493 2859 schemata

195 2898 335 2958 dianoeas
363 2896 399 2957 ad
427 2905 561 2957 oratores
589 2898 753 2975 pertinent,
787 2894 823 2955 ad
852 2897 1061 2972 grammaticos
1089 2895 1198 2957 lexeos.
1250 2897 1352 2976 Legite
1386 2896 1493 2960 Pom·

196 3001 316 3078 peinm
340 3006 370 3057 ct
392 3000 455 3076 ipse
471 2996 557 3057 uobis
570 2996 641 3058 illud
665 2997 752 3056 laniet
771 2996 857 3074 plene
874 2998 1076 3076 perspicuum.
1121 2997 1256 3077 Namque
1277 2999 1357 3060 siout
1378 3001 1493 3079 optime
1506 3016 1534 3055 ss

195 3103 227 3160 lit
248 3100 367 3159 schema
390 3117 444 3178 per
466 3115 580 3165 casum,
605 3105 637 3157 ut

504 3198 634 3259 Vrbem
657 3217 764 3278 quam
786 3207 929 3269 statuo,
954 3208 1080 3260 uestra
1104 3208 1159 3262 est

195 3303 273 3382 quod
298 3303 374 3364 male
398 3302 561 3362 [innatus
583 3302 717 3380 exposuit
738 3302 800 3361 sine
824 3302 978 3362 Seruius
1000 3311 1029 3362 et
1046 3301 1122 3363 hene
1138 3301 1371 3374 Priscianus,
1396 3312 1427 3365 et
1444 3316 1493 3367 ut:

194 3405 349 3483 lapidem,
378 3423 465 3484 quem
489 3401 726 3483 reprobauernnt
748 3423 774 3463 c.
798 3402 827 3463 h.
851 3404 871 3463 l.
895 3404 944 3471 a.',
968 3411 1011 3463 et:
1040 3405 1222 3466 ‘sermonem
1250 3424 1338 3486 quem
1367 3405 1494 3469 arbalistis

195 3527 253 3568 non
278 3516 323 3567 est
345 3508 452 3567 naeus’·
496 3505 532 3564 Et
559 3523 613 3585 per
635 3522 744 3583 genus,
769 3513 814 3563 nt:
839 3506 959 3565 ‘orontes
980 3514 1085 3583 gentes
1107 3508 1289 3568 circuierunt
1310 3515 1340 3567 et
1361 3508 1382 3568 i.
1406 3526 1437 3569 n.
1461 3509 1491 3571 d.
1505 3524 1535 3566 so

195 3629 224 3689 q.
247 3627 291 3669 us.
315 3610 335 3669 i.
360 3607 378 3668 l.
403 3616 446 3667 et:
469 3607 591 3667 ‘euntes
619 3607 722 3667 docete
751 3624 855 3666 omnes
882 3615 986 3684 gentes
1014 3606 1198 3687 baptizantes
1219 3611 1288 3671 eos'
1311 3618 1356 3670 ct:
1384 3611 1494 3689 ‘reges

195 3713 328 3788 gentium
352 3709 542 3769 dominantur
565 3712 681 3768 eorum'
705 3716 735 3767 et
757 3716 854 3768 cetera
870 3708 977 3778 multa,
1000 3711 1045 3769 sic
1065 3711 1155 3771 etiam
1179 3711 1227 3772 hic
1249 3709 1362 3771 dimisit
1384 3728 1493 3772 nume·

195 3829 260 3871 rum
283 3809 461 3887 singularem
485 3817 569 3869 etse
591 3808 669 3869 licite
698 3810 847 3871 transtulit
870 3810 996 3889 Spiritus
1018 3810 1144 3872 Sanctus
1166 3813 1202 3873 ad
1225 3812 1385 3893 pluralem,
1414 3800 1494 3875 tam·

194 3930 282 3993 quam
312 3910 453 3972 uidelicet
479 3909 589 3970 dictum
618 3909 734 3971 luisset:
765 3911 855 3973 ‘nulli
883 3913 932 3990 qni
961 3916 1058 3973 uocati
1087 3921 1156 3974 sunt
1182 3913 1365 3993 gustabunt'.
1411 3914 1493 3977 Sanc

193 4013 346 4075 sciendum
370 4023 428 4083 est,
456 4012 534 4091 quod
562 4015 742 4092 quicumque
770 4011 842 4073 dicit
870 4016 974 4073 ‘nemo
997 4014 1153 4091 gustabit',
1183 4034 1241 4077 non
1264 4022 1362 4095 potest
1385 4031 1533 4096 repre-as

195 4117 283 4178 luendi
306 4119 345 4175 ita
369 4116 532 4187 dumtaxat,
556 4118 581 4175 si
604 4113 788 4194 ‘gustabunt'
811 4112 869 4173 dici
893 4132 979 4192 posse
1003 4134 1061 4176 non
1086 4126 1183 4195 negat.

280 4322 283 4403 l
310 4318 383 4382 tab
401 4317 414 4402 Ι
438 4320 493 4380 ‘Si'
516 4321 585 4381 licet
607 4321 791 4398 trequentius
813 4317 911 4379 trabat
933 4317 1169 4390 subiunctiunm,
1194 4321 1368 4399 [requenter
1390 4328 1491 4385 tamen

260 4544 342 4591 4sns
360 4540 451 4588 lornret
501 4538 573 4588 locus
592 4539 693 4604 glandis
746 4537 805 4589 sul
824 4539 900 4588 modo
971 4543 1002 4591 13
1021 4540 1136 4590 exoletus
1154 4557 1185 4592 m.
1206 4540 1239 4590 l!
1254 4557 1387 4606 suprascr.
1460 4546 1493 4594 rt

192 4609 343 4660 adolescens
360 4623 440 4672 supro
457 4609 524 4656 linea
543 4624 573 4656 m.
594 4608 626 4656 II
696 4608 728 4657 lii
745 4604 834 4671 quom]
854 4608 928 4669 qnasi
1007 4611 1038 4659 te
1057 4608 1225 4658 rhethoricam
1294 4611 1324 4659 21
1345 4608 1493 4661 tranferens

193 4680 226 4728 23
244 4687 355 4726 scemata
406 4675 492 4724 lexeos
560 4676 594 4725 25
613 4677 706 4725 obtime
723 4690 808 4725 scema
859 4676 892 4726 27
911 4672 1007 4741 urbem]
1024 4676 1274 4741 Verp.Aen.1573
1336 4676 1493 4743 assereres

191 4747 245 4795 siue
264 4747 403 4809 autiptnsIn
424 4745 480 4792 stuc
498 4759 598 4807 :supina
616 4759 672 4793 esse
689 4752 770 4808 putot.
840 4741 995 4809 Priscianus]
1017 4744 1048 4793 ΙΙ
1065 4762 1090 4809 p.
1110 4748 1168 4805 187,
1188 4746 1220 4794 18
1298 4747 1332 4795 30
1349 4746 1493 4797 circuirent

192 4846 225 4896 st
243 4847 287 4906 qui
306 4842 399 4909 iterati]
419 4861 483 4896 moa.
505 4844 518 4892 l
537 4846 579 4906 qni
598 4847 646 4893 otti
723 4847 755 4894 36
775 4819 857 4914 :lhgnt
