3382 5476
195 355 237 420 70
717 355 980 408 aasnaonmaa

194 543 380 606 monticellus
416 542 650 613 monticellulus,
689 543 731 606 sio
764 542 959 606 scholasticus
992 543 1152 606 fonticulus
1187 544 1315 625 agnulus
1346 544 1494 624 agnellus,

193 660 320 729 quorum
343 648 437 708 torma
460 664 639 727 quamquam
662 648 756 725 magis
784 648 942 717 minuitur,
972 648 1082 709 crescit
1103 665 1223 728 semper
1245 647 1495 731 numerussplla·

193 747 308 811 barum.
359 748 555 810 inueniuntur
588 756 687 809 autem
721 747 968 810 diminutiuorum
1006 749 1119 810 iormae
1152 749 1306 820 diuersae,
1342 760 1376 812 nt
1402 749 1495 813 homo

193 850 353 912 homuncio
387 849 584 911 homunculus
618 849 767 912 homullus
801 848 992 911 homullulus.
1050 849 1121 912 luda
1154 849 1374 914 Priscianus
1405 851 1492 914 dicit:

193 953 285 1014 Sunt
311 953 428 1031 igitur
455 953 599 1013 formae
626 951 939 1013 diminutiuorum
964 951 1167 1014 masculini
1188 954 1342 1032 generis
1362 953 1518 1018 dicer-s

192 1072 255 1116 sae
284 1062 321 1115 et
348 1056 492 1125 uariae,
528 1061 569 1114 ut
596 1062 684 1115 sunt
711 1052 793 1115 hac:
827 1055 862 1114 in
891 1051 1011 1124 culus,
1047 1055 1083 1115 ln
1111 1053 1225 1124 tulus,
1258 1056 1295 1116 in
1324 1055 1422 1126 olus,
1455 1056 1494 1118 in

193 1156 305 1227 ellus,
333 1159 370 1218 in
393 1154 523 1225 xillus,
553 1157 588 1217 in
611 1154 740 1227 cilius,
769 1157 806 1217 in
829 1154 943 1226 ultus,
973 1157 1009 1216 in
1033 1157 1105 1227 cio,
1133 1157 1169 1217 in
1198 1155 1293 1228 leus,
1322 1160 1359 1218 a'n
1379 1161 1493 1220 tutus.

195 1257 352 1338 Exempla,
387 1264 421 1319 ut
451 1256 600 1334 igniculus
632 1256 763 1319 tantulus
789 1257 946 1338 capreolus
974 1257 1118 1336 agnellus.
1169 1258 1241 1321 ltam
1269 1275 1341 1336 ager
1368 1258 1493 1339 agellus,

195 1364 329 1423 Graecus
352 1358 527 1429 Graeculus,
551 1377 607 1440 pas
630 1358 771 1438 paxillus,
796 1359 889 1422 codex
912 1358 1079 1431 codicillus,
1105 1360 1192 1422 homo
1215 1358 1365 1422 homullus
1387 1368 1418 1422 et
1439 1359 1494 1424 lio·

197 1464 332 1533 muncio,
355 1480 425 1524 acus
448 1461 581 1532 aculeus,
606 1480 699 1542 nepos
715 1460 882 1542 nepotulus.
919 1462 991 1523 ltem
1007 1461 1062 1522 llos
1077 1460 1232 1534 flosculus,
1256 1480 1319 1524 mas
1334 1460 1493 1535 masculus,
1507 1479 1532 1520 tt

197 1583 263 1629 naus
287 1563 458 1629 musculus.
488 1563 580 1624 irater
608 1563 803 1639 fraterculus,
833 1570 917 1643 pater
945 1563 1129 1643 paterculus,
1159 1581 1271 1644 pauper
1295 1562 1496 1645 pauperculus

196 1665 375 1748 paupercula
390 1664 612 1746 pauperculum,
636 1671 741 1726 arentur
757 1664 948 1735 uentriculus,
973 1665 1056 1745 lepus
1071 1664 1249 1745 lepusculus,
1273 1683 1377 1727 rumor
1391 1683 1494 1728 rumu-

195 1767 309 1839 sculus,
339 1768 416 1845 ignis
439 1767 602 1845 igniculus,
632 1769 717 1828 testis
738 1767 906 1837 testiculus,
935 1785 1041 1827 ctrrrus
1063 1765 1242 1838 curriculus,
1271 1785 1377 1830 uersus
1399 1770 1496 1830 uersi·

196 1869 293 1940 culus,
323 1876 405 1929 artus
431 1868 588 1938 articulus,
619 1869 725 1929 linctus
748 1868 930 1938 flucticulus,
961 1868 1052 1930 codex
1076 1868 1229 1931 codiculus
1252 1878 1281 1931 et
1303 1868 1464 1933 codicellus
1484 1872 1496 1933 i

197 1969 446 2050 antepaenultima
476 1971 506 2030 in
536 1970 673 2032 omnibus
701 1989 820 2050 semper
848 1979 995 2052 correpta.
1041 1970 1113 2032 ltem
1143 1977 1228 2032 uetus
1256 1971 1373 2034 secutus
1395 1970 1494 2035 uetula
1509 1995 1534 2034 u.

198 2072 346 2142 uetulum,
370 2073 428 2132 tiro
448 2071 625 2142 tirunculus,
651 2071 726 2134 latro
748 2070 947 2142 latrunculus,
971 2072 1061 2135 carbo
1084 2072 1299 2144 carbunculus,
1323 2075 1370 2135 lur
1392 2073 1496 2137 iarun·

198 2174 291 2236 carlus.
337 2174 409 2235 item
438 2191 557 2253 pugnus
586 2173 730 2254 pugillus,
760 2192 854 2254 agnus
882 2174 1030 2254 agnellus,
1060 2192 1131 2254 ager
1160 2173 1286 2252 agellus,
1316 2174 1411 2237 culter
1433 2176 1496 2241 cttl·

199 2276 301 2347 tellus,
330 2275 436 2338 ariolus
464 2275 592 2347 anellus,
620 2274 724 2338 oculus
753 2277 877 2346 ocellus,
906 2276 1035 2357 populus
1069 2275 1219 2356 popellus,
1254 2284 1335 2338 catus
1363 2276 1496 2347 catellus,

200 2389 284 2441 tener
307 2377 448 2449 tenellus,
477 2378 553 2440 liber
576 2377 706 2441 tihellus:
742 2380 814 2440 haec
838 2380 934 2456 omnia
958 2398 975 2440 e
997 2378 1207 2459 paenultimam
1231 2378 1405 2442 naturaliter
1427 2397 1496 2461 pro·

200 2481 318 2542 ductam
348 2479 466 2542 habeut.
517 2481 589 2542 ltem
617 2499 707 2560 caper
735 2480 881 2562 capellus,
910 2499 1025 2561 pannus
1053 2480 1244 2566 panniculus,
1273 2478 1351 2542 tilius
1379 2479 1535 2554 filiolus»

200 2601 307 2645 succus
339 2583 492 2653 urceolus,
528 2582 653 2645 malleus
689 2582 858 2652 malleolus;
904 2583 1048 2644 Antonius
1082 2589 1180 2643 autem
1208 2584 1396 2645 Antoniaster
1429 2584 1499 2646 iaclt

200 2686 424 2755 diarinutiuum,
454 2704 545 2746 scires
568 2705 641 2747 uero
664 2687 783 2746 senlacio
805 2685 883 2745 lacit.
929 2684 1002 2745 item
1025 2685 1158 2746 seminini
1180 2687 1300 2764 generis
1322 2685 1497 2749 diminutiua

202 2790 323 2850 nomina
345 2786 398 2848 has
421 2787 531 2848 lorriaas
554 2797 583 2848 et
604 2786 657 2849 has
679 2789 901 2848 ternariuationes
924 2787 1058 2848 diuersas
1079 2785 1204 2857 habent,
1229 2786 1286 2848 hoc
1309 2795 1354 2849 est
1376 2789 1406 2849 in
1422 2785 1497 2860 cula,

200 2891 230 2951 in
252 2887 315 2959 ula,
344 2890 375 2949 in
399 2890 460 2958 ola,
491 2889 520 2950 iu
543 2887 615 2959 olla,
644 2890 673 2950 in
698 2887 782 2959 xilla,
812 2891 842 2949 in
864 2888 929 2958 illa,
958 2890 990 2949 in
1014 2887 1088 2959 ulla,
1118 2882 1150 2949 ut
1162 2888 1287 2970 ‚anicula
1309 2889 1410 2952 arcula
1432 2908 1498 2952 cer·

201 2989 297 3052 uicula
320 2990 433 3052 diecula
456 2988 613 3071 uulpecula
635 2990 866 3060 offensiuncula,
896 3009 997 3052 mensa
1019 2989 1167 3061 mensula,
1196 2991 1301 3052 siluuia
1324 2988 1422 3054 uetula
1445 3010 1555 3070 umas

202 3092 277 3153 ciola
300 3089 411 3171 capella
435 3091 550 3153 maxilla
567 3088 579 3173 ll
595 3090 645 3154 iol.
661 3088 747 3174 83¹1}
763 3092 903 3171 anguilla.
942 3093 1014 3154 ltem
1038 3092 1120 3154 lurca
1143 3090 1271 3163 lurcula,
1296 3092 1391 3155 nubes
1406 3092 1500 3156 nube·

202 3193 282 3263 cula,
313 3202 376 3254 rete
404 3194 541 3264 reticula,
571 3196 673 3256 ceruix
701 3195 860 3256 ceruicula.
907 3194 979 3256 ltcm
1008 3200 1111 3256 catana
1139 3193 1258 3265 catella,
1288 3197 1371 3257 asina
1398 3195 1499 3268 asella,

201 3297 318 3377 gemina
341 3295 481 3375 gemella,
510 3295 648 3358 columna
672 3295 842 3368 columella,
872 3296 969 3358 labula
992 3296 1113 3367 labella,
1143 3295 1240 3358 tabula
1264 3295 1387 3368 tabella,
1410 3315 1499 3380 capra

202 3399 329 3482 capella,
354 3399 460 3461 umbra
484 3397 627 3469 umbella,
652 3417 742 3478 puera
767 3398 877 3480 puella,
902 3407 1005 3460 tenera
1028 3398 1150 3468 tenella,
1175 3399 1283 3460 misera
1299 3398 1426 3469 misella,
1450 3416 1499 3462 ara

203 3502 300 3573 arula,
335 3500 434 3562 littera
468 3499 607 3563 litterula.
659 3502 731 3563 item
769 3509 942 3563 neutrorum
976 3519 1093 3582 quoque
1129 3500 1241 3562 lormae
1269 3509 1338 3563 sunt
1365 3501 1435 3562 hae:
1470 3503 1539 3563 israe

204 3604 320 3673 culum,
350 3605 380 3663 in
404 3601 513 3672 tulum,
544 3605 574 3663 in
595 3602 690 3674 olum,
720 3605 750 3664 in
775 3603 878 3673 ellum,
908 3604 938 3663 in
960 3602 1056 3673 illum,
1086 3604 1116 3664 in
1139 3601 1247 3674 ullum,
1270 3605 1300 3663 in
1324 3600 1441 3664 xillum:
1469 3609 1503 3664 ut

204 3703 413 3787 corpusculum
451 3705 603 3767 corculum
641 3705 785 3767 torculum
822 3704 982 3786 capitulum
1020 3703 1184 3768 laureolum
1222 3704 1359 3767 lucellum
1396 3705 1501 3767 uillum

205 3806 363 3874 uerillum,
393 3823 486 3868 unum
509 3805 610 3869 ulium.
656 3808 728 3869 ltem
752 3806 818 3889 plus
840 3805 1021 3887 plusculum,
1045 3826 1078 3868 os
1099 3805 1247 3878 osculum,
1271 3809 1368 3869 miuus
1389 3809 1502 3869 miuus·

206 3908 316 3971 culum.
367 3907 438 3968 ltem
468 3926 563 3970 cornu
591 3909 789 3979 corniculum,
821 3927 898 3987 genu
927 3908 1112 3987 geniculum,
1146 3917 1235 3989 caput
1263 3906 1440 3990 capitulum,
1470 3909 1502 3969 in

206 4012 314 4091 quihus
347 4009 528 4091 paenultima
562 4020 592 4073 et
624 4011 872 4090 antepaennltima
912 4013 1123 4089 corripiuntur.
1173 4010 1245 4074 item
1279 4010 1398 4092 panium
1430 4029 1541 4091 pau-aa

208 4184 434 4193 ——-

274 4301 455 4354 lscolasticus
507 4301 641 4367 agniculus
718 4295 865 4367 isemper]
886 4315 947 4366 sepe
1025 4298 1139 4352 atorme
1190 4301 1293 4352 «litterae
1360 4300 1504 4351 ⁴{homon-

206 4373 242 4421 tio
295 4371 414 4421 homulus
433 4369 614 4420 homonululus
683 4365 841 4432 Priscianus]
859 4368 879 4417 I
892 4385 919 4433 p.
940 4370 1002 4427 102,
1021 4372 1037 4418 5
1056 4369 1091 4418 H.
1161 4368 1277 4421 blomne
1328 4382 1412 4434 genus
1464 4369 1504 4419 tli-

206 4455 280 4490 ucrse
343 4439 403 4489 hin
423 4435 492 4505 clais]
512 4439 538 4487 in
556 4437 604 4486 dns
657 4439 716 4488 'tin
735 4437 780 4486 itio
798 4436 824 4485 in
843 4451 897 4494 ears,
915 4436 1001 4486 om.la
1020 4437 1088 4486 antus
1142 4434 1312 4504 8llxempla]
1334 4437 1399 4487 Sunt
1416 4438 1504 4488 eaden

204 4509 272 4572 sere,
291 4521 356 4573 quae
374 4507 524 4557 Priscianus
541 4507 634 4556 attulit.
720 4507 736 4556 9
754 4504 837 4555 codax
859 4504 995 4554 codicellus
1065 4505 1192 4556 homullus
1211 4516 1235 4555 et
1253 4505 1385 4555 homuntio
1473 4505 1502 4554 11

207 4591 311 4626 muscus
380 4584 453 4639 pater
471 4583 543 4640 pater
629 4575 660 4623 14
677 4573 766 4623 ssectns
785 4572 923 4622 ltoeticulus
1002 4574 1134 4624 licuitne
1204 4575 1236 4625 19
1254 4574 1402 4640 psaltimam
1471 4573 1503 4622 al

209 4646 288 4694 omina
307 4641 414 4693 ortialus
482 4639 598 4692 antonici
616 4640 677 4690 lacit
743 4642 777 4691 11
795 4642 885 4691 seniaio
954 4642 987 4691 at
1006 4644 1030 4693 in
1049 4641 1120 4706 xilla]
1139 4641 1164 4690 ln
1183 4641 1248 4705 sgtia
1299 4641 1416 4690 annicula
1462 4654 1503 4689 sr-

207 4711 275 4770 cnla]
294 4709 414 4761 ornacula
481 4708 632 4760 iantacula
683 4709 812 4776 uulpicula
856 4709 1030 4760 offensiulcula
1065 4710 1160 4760 unciola
1227 4711 1261 4759 16
1278 4709 1392 4760 anarnilla
1431 4707 1505 4758 nubi·

208 4777 265 4826 cula
332 4780 365 4829 11
382 4787 449 4828 retes
522 4778 555 4828 18
573 4776 724 4826 columnella
809 4779 842 4829 19
860 4777 969 4845 capiclia
1054 4781 1087 4830 30
1106 4777 1187 4827 iorme
1271 4771 1459 4843 artnentum]
1479 4776 1504 4824 in

209 4844 278 4893 litum
348 4847 372 4896 in
391 4843 491 4912 xillum]
513 4846 539 4895 in
557 4844 649 4908 agilum
719 4848 752 4896 31
769 4846 899 4912 oapitllnm
969 4849 1002 4897 33
1020 4845 1136 4895 uixillum
1205 4847 1238 4897 34
1255 4845 1385 4911 capitilum
