3382 5476
199 357 261 405 XVI
617 343 667 392 nb
686 342 807 393 LIBRIS
826 342 1084 394 BERNENSIBVS.

198 532 329 604 Quorum
351 548 429 608 quac
451 534 481 591 in
502 533 627 591 sinistra
644 538 739 608 parte
759 533 910 606 leuantur,
941 532 1114 592 hexametri
1139 533 1286 608 dactylici
1306 551 1368 593 esse
1390 535 1494 594 iriden-

197 644 249 695 tur
276 652 373 709 neque
399 651 459 694 non
487 635 614 693 ulterius
640 635 747 694 lateris
770 650 849 708 pars
868 637 1025 710 superior:
1055 641 1159 694 cetera
1187 636 1311 694 nomina
1339 638 1496 696 octonario

198 737 355 797 trochaico
376 735 583 811 conprehendi
602 736 733 808 diceres,
757 738 786 794 si
806 736 885 795 illud
905 737 985 810 ‘que’
1011 737 1135 795 deesset.
1179 736 1259 795 llam
1277 738 1416 812 pedestri
1434 754 1496 795 ser-

197 855 284 898 mone
306 839 360 896 illa
382 838 505 896 nomina
527 839 702 897 enumerari
721 837 790 896 ideo
811 838 908 896 minias
930 838 1054 910 credas,
1085 840 1241 912 quianon
1264 839 1367 896 eodem
1390 840 1497 897 ordine

115 968 125 983 =
197 941 228 999 in
255 941 320 1015 ipso
345 939 426 998 libro
453 940 569 1013 scripta
598 947 676 998 sunt.
730 939 839 998 Versus
866 940 946 1013 ipsos
973 940 1053 998 mole
1079 942 1252 1016 conpositos
1278 956 1342 998 csse
1369 956 1429 999 nou
1452 947 1495 998 est

196 1041 280 1116 quod
299 1056 446 1100 mancam.

280 1143 318 1201 F.
336 1148 354 1200 2
374 1149 404 1201 et
418 1139 448 1213 s.
465 1148 497 1210 3,
520 1159 598 1216 quae
620 1142 663 1201 ad
684 1143 876 1218 deperditam
898 1143 1012 1202 codicis
1028 1150 1151 1217 partem
1168 1145 1356 1217 pertinuisse
1376 1145 1497 1200 numeri

197 1251 258 1302 tot
280 1249 311 1303 et
333 1249 391 1300 257
412 1245 579 1318 antiquitus
601 1244 702 1303 additi
721 1252 907 1318 coarouunt,
932 1245 1086 1303 diuersum
1108 1246 1229 1303 omnino
1251 1260 1271 1301 a
1286 1245 1401 1316 reliquo
1423 1244 1497 1302 libri

196 1346 301 1405 habita
325 1347 527 1419 arammatico
555 1354 765 1420 craumentum
786 1361 869 1420 prae
896 1362 929 1404 se
950 1345 1076 1418 seruam
1105 1361 1175 1404 nom
1194 1343 1225 1416 s.
1252 1353 1287 1403 2²
1316 1344 1354 1402 de
1375 1346 1494 1419 loquela

197 1448 362 1522 diodorum
385 1448 490 1521 coitur
511 1448 649 1506 mutilato
671 1448 709 1506 ab
732 1448 819 1506 initio
841 1454 976 1507 tractatu
997 1451 1057 1506 sic:

285 1547 353 1608 lena
376 1546 501 1624 digitum
523 1547 679 1608 inflectens
701 1550 732 1608 in
755 1545 886 1608 medinm
908 1546 1024 1626 palnme
1046 1556 1144 1607 artum
1171 1548 1292 1626 infiges,
1322 1565 1390 1607 cnm
1418 1546 1495 1607 dicis

196 1649 270 1719 dno,
293 1648 458 1710 secundum
481 1667 497 1709 a
520 1648 643 1709 minimo
666 1648 774 1709 ilerum
797 1647 908 1709 ibidem
930 1651 1057 1729 inpones
1077 1683 1120 1694 -
1137 1647 1168 1721 s.
1187 1645 1224 1707 ib
1246 1651 1340 1709 med:
1365 1649 1493 1709 eundem

196 1768 273 1831 pene
302 1751 420 1811 numeri
448 1749 596 1828 figurandi
624 1766 713 1826 quem
741 1747 894 1810 scribendi
922 1747 1072 1828 alphabeti
1094 1749 1232 1810 ordinem
1255 1758 1415 1827 sequentes
1438 1749 1494 1810 hoc

196 1852 295 1912 modo.

279 1953 431 2013 Secuntur
463 1953 587 2012 diuersa
616 1953 797 2027 alphabeta,
832 1969 923 2012 unum
956 1953 1105 2014 urceum
1136 1955 1355 2029 suprascriptis
1386 1954 1495 2027 ubique

194 2058 328 2116 numeris
348 2055 508 2122 Romanis,
531 2055 659 2113 alterum
681 2054 864 2113 Hebraiaum
885 2055 1103 2131 suprascriptis
1119 2053 1291 2113 litterarum
1313 2055 1489 2126 nominibus,

195 2159 259 2216 alia
288 2157 399 2216 nunde
426 2156 489 2214 triu
517 2155 567 2214 uel
593 2161 735 2230 quattuor
764 2155 892 2214 Gothico
919 2155 963 2214 ad
988 2162 1137 2214 secretam
1165 2155 1320 2214 scribendi
1345 2158 1493 2214 ratiorrem

196 2259 444 2333 adcommodata,
472 2273 549 2331 quus
570 2273 666 2317 natas
687 2263 800 2316 uocant
806 2301 816 2328 ‚
847 2255 955 2329 quibas
975 2256 1136 2316 subiuncta
1157 2265 1226 2317 sunt
1246 2259 1417 2318 litterarum
1440 2274 1493 2317 no-

196 2361 279 2419 mino
300 2362 422 2434 mystice
442 2361 583 2419 sonantia
604 2359 697 2438 haec:

281 2458 346 2521 och.
371 2458 451 2520 berc.
475 2459 561 2521 chen.
585 2459 643 2520 dei.
667 2458 753 2536 egch.
775 2459 854 2537 lego.
883 2457 970 2536 goba.
999 2456 1093 2518 haorl.
1117 2459 1174 2520 ish.
1198 2459 1296 2521 belod.
1320 2458 1390 2520 loto.
1414 2478 1492 2521 ntur.

195 2571 254 2625 net.
276 2580 320 2623 os.
344 2580 410 2641 per.
434 2560 541 2639 qnehu.
564 2569 620 2622 ret.
644 2560 712 2623 sinl.
736 2563 768 2622 ti.
782 2578 839 2645 ur.
863 2559 931 2620 uch.
956 2559 1010 2619 uir.
1034 2577 1096 2621 aar.

279 2663 481 2736 Postremos.
509 2661 548 2721 2¹³
575 2665 643 2724 loco
670 2665 756 2724 aliud
783 2662 975 2739 alphabetum
1001 2665 1147 2738 scriptum
1174 2670 1230 2732 est,
1260 2666 1342 2738 quod
1368 2666 1494 2725 Aethion

191 2765 371 2841 philosopho
398 2766 619 2841 cosmoprapho
645 2766 751 2826 tribuit
778 2765 944 2825 Hrabonus
971 2765 1116 2834 Maurus,
1146 2768 1189 2825 ita
1220 2773 1252 2823 ut
1280 2774 1350 2841 post
1375 2770 1491 2839 uarium

193 2867 347 2943 quodlibet
368 2868 489 2927 litterae
514 2869 659 2942 cuiusque
686 2883 793 2927 nomen
814 2854 960 2944 scriptum
986 2869 1041 2945 sit,
1070 2884 1148 2942 quac
1175 2868 1292 2942 quaem
1320 2869 1491 2928 litterarum

193 2971 316 3029 nomina
336 2972 380 3028 ita
400 2985 433 3028 se
453 2969 581 3029 habent:

280 3069 397 3131 alumni.
421 3069 523 3130 becac.
548 3071 628 3132 caiti.
651 3068 752 3131 delini.
775 3071 858 3131 eloti.
883 3071 956 3130 initi.
977 3071 1091 3150 gnrpoi.
1109 3069 1238 3130 hircani.
1254 3068 1370 3131 inhalat.
1388 3070 1421 3130 k.
1435 3117 1442 3131 .
1457 3116 1486 3132 ..

194 3169 308 3232 lethmi.
332 3168 463 3232 molathi.
487 3168 638 3233 maheleth.
661 3171 746 3232 cithi.
770 3170 903 3250 pithirin.
927 3171 1092 3249 quorizeth.
1109 3169 1281 3232 rehoniti.s
1287 3218 1380 3233 .....
1402 3172 1491 3232 tothi·

196 3292 269 3334 mos.
293 3276 398 3335 ueniet.
422 3272 524 3334 ethmi.
548 3275 639 3352 yona.
660 3272 859 3354 zothichin.*)

277 3376 375 3453 Atque
401 3377 489 3438 haias
516 3378 676 3454 alphabeti
699 3378 796 3452 uanis
822 3394 893 3438 usus
919 3384 965 3436 cst
986 3379 1119 3453 scriptor
1136 3376 1166 3449 s.
1190 3373 1245 3435 bil
1272 3378 1315 3436 ad
1336 3379 1414 3436 artis
1436 3378 1491 3436 oli-

192 3481 279 3540 cuius
299 3480 418 3540 titulmn
439 3479 666 3552 conficiendum.
680 3476 729 3555 **)

261 3729 292 3797 *J
310 3730 410 3782 Similia
427 3741 453 3782 et
470 3733 546 3797 signu
563 3742 587 3782 et
606 3731 710 3781 nomina
728 3731 807 3781 habes
826 3733 851 3781 in
870 3731 981 3781 Erebuni
1004 3731 1085 3780 blauri
1108 3731 1215 3781 Abbatis
1239 3732 1371 3782 l‘uldensis
1395 3733 1489 3792 libello,

193 3801 237 3863 qui
255 3813 295 3849 est
311 3801 355 3850 ‘de
372 3801 520 3850 inuentione
537 3799 680 3865 linguarum
699 3810 724 3850 et
741 3801 809 3850 notis
827 3801 962 3864 antiquis’,
980 3798 1014 3854 ci.
1032 3798 1146 3850 Goldusti
1166 3800 1388 3849 hlnrnanniearum
1406 3817 1490 3850 rerum

193 3878 255 3918 tom.
275 3867 297 3916 ll
335 3870 393 3920 ,92
411 3869 447 3931 (a.
468 3869 555 3920 1606.

243 3933 291 3998 “J
309 3883 381 3984 illotis
400 3938 505 3986 secretis
524 3868 574 3985 lgm
592 3937 713 3999 antiquos
736 3936 867 3986 Romanos
891 3950 953 3985 usos
975 3950 1034 3985 esse
1056 3950 1088 3984 ex
1110 3934 1279 3985 celeberrimis
1302 3936 1351 3986 illis
1375 3935 1490 3986 Suetonii

193 4003 256 4053 locis
273 4005 451 4069 cognoscitur,
476 4005 568 4066 quibus
587 4005 619 4054 de
638 4004 753 4054 Caesaris
777 4001 849 4068 (cap.
869 4002 941 4068 LVI)
963 4014 988 4053 et
1009 4004 1123 4068 Augusti
1140 4003 1209 4069 (cap.
1226 4002 1397 4064 LXXXVlllJ
1420 4019 1491 4053 mure

192 4072 258 4136 egit,
276 4070 311 4126 cl.
329 4070 391 4122 Gell.
410 4071 484 4122 xvh
501 4075 526 4124 9.
561 4073 797 4138 Hincexplicatur,
816 4072 929 4134 quadiu
948 4072 1005 4121 cod.
1025 4070 1180 4121 Eiusidlensi
1197 4072 1261 4134 326,
1285 4074 1328 4134 qui
1353 4082 1425 4121 notas
1444 4072 1491 4121 Pa·
1514 4111 1518 4118 .

192 4141 284 4205 pianes
302 4141 422 4202 continet,
440 4139 608 4190 lNGlPlVblT
627 4139 737 4189 NOTAE
756 4139 836 4188 lVLll
855 4137 1018 4188 CAESARIS
1037 4140 1240 4205 suprascriptum
1259 4151 1306 4189 est.
1331 4138 1489 4202 Qtrnmquam

193 4211 241 4258 hoc
259 4208 344 4274 ipsum
363 4209 536 4258 Mommsanus
554 4207 626 4258 aliter
643 4209 824 4273 interpretetus
843 4220 897 4266 est,
920 4209 964 4270 qui
988 4206 1067 4256 IVLll
1090 4205 1253 4257 CAESARIS
1278 4223 1310 4257 ex
1333 4208 1401 4257 notis
1420 4209 1439 4258 l.
1460 4206 1489 4259 C.

192 4277 267 4338 (iuris
284 4276 380 4338 ciuilis)
398 4276 464 4326 male
481 4275 614 4326 intellectis
632 4275 718 4326 lictum
737 4291 794 4326 esse
811 4275 915 4339 diceret,
933 4276 1044 4326 Gramm.
1063 4274 1118 4324 Lat.
1137 4276 1171 4324 lV
1189 4291 1215 4340 p.
1233 4278 1292 4327 315.
1329 4275 1401 4325 Certe
1419 4276 1488 4325 Hrc-

193 4344 274 4394 banus
293 4343 396 4394 Maurus
414 4345 446 4394 de
464 4347 522 4410 ipso
541 4345 604 4394 lulio
623 4344 731 4394 Caesare
749 4343 881 4409 cogitauit,
900 4358 958 4392 cum
976 4343 991 4393 l.
1011 4343 1027 4393 l.
1046 4358 1072 4408 p.
1091 4345 1123 4394 92
1142 4345 1283 4409 propositis
1306 4343 1404 4406 aliquot
1422 4345 1490 4393 notis

191 4412 255 4462 haec
272 4412 455 4478 subiungebat:
479 4412 643 4462 ‘Istiusmodi
661 4429 743 4478 genus
761 4412 942 4476 descriptionis
960 4410 1062 4461 «Notae
1081 4409 1220 4463 Caesaris»
1238 4412 1394 4477 appellatur,
1420 4413 1489 4473 quod

191 4496 249 4530 cum
272 4480 375 4541 litteris,
399 4497 465 4544 qtrae
487 4482 593 4543 antiqua
613 4495 705 4530 manus
728 4480 883 4546 appellatur,
908 4480 1052 4544 perlinitur’
1075 4489 1121 4530 etc.
1158 4479 1245 4541 Neque
1267 4493 1350 4529 tamen
1370 4489 1490 4528 notarum

192 4550 335 4614 specimine
357 4565 423 4612 quae
444 4550 477 4599 ad
502 4563 580 4597 unam
602 4563 689 4598 omnes
708 4550 774 4598 inter
791 4549 933 4613 Papianas,
952 4563 1017 4610 quas
1037 4559 1141 4610 uocant,
1165 4548 1284 4613 leguntur
1301 4563 1334 4597 ex
1352 4550 1410 4611 ipsc
1429 4547 1488 4598 cod.

193 4616 348 4667 Einsidlensl
375 4619 479 4683 petiuit,
507 4618 553 4666 sed
579 4631 612 4665 ex
638 4617 704 4666 libro
733 4616 773 4666 uel
795 4616 911 4665 Parisino
936 4615 980 4677 (el.
1000 4614 1152 4671 Mommsen,
1171 4615 1186 4665 l.
1207 4615 1222 4664 l.
1242 4632 1268 4681 p.
1287 4616 1349 4677 315)
1371 4615 1411 4665 uel
1433 4616 1489 4664 eius

193 4685 336 4743 simillimo,
356 4685 427 4749 quod
443 4684 551 4735 conlatis
569 4686 635 4735 inter
652 4700 681 4734 se
699 4686 766 4734 notis
785 4684 894 4750 singulis
912 4685 1054 4733 certissime
1072 4684 1205 4734 euineitur.

259 4751 308 4802 Per
333 4753 410 4803 medii
438 4768 498 4802 uero
525 4755 583 4802 nerii
609 4764 724 4818 tempora
751 4766 844 4801 noriam
872 4752 1001 4814 quandam
1027 4752 1167 4803 sententias
1189 4767 1250 4801 sune
1270 4751 1401 4816 aperiendi
1421 4751 1489 4800 uiam

193 4821 304 4885 ingressi
325 4822 507 4872 coenobiorum
530 4820 628 4870 incolae
648 4820 787 4871 litterarum
811 4820 946 4886 alphabeta
969 4821 1004 4870 its
1028 4821 1174 4881 utebantur,
1198 4830 1225 4869 ut
1247 4819 1444 4870 consonantium
1463 4820 1489 4868 ui
