3382 5476
641 390 715 440 cl'll
734 390 934 442 EXOERPTIS
954 392 1123 463 INEDI'l'lS.
1420 408 1527 455 ccxlii

235 589 267 641 et
298 589 456 658 segregant
485 579 640 641 articulum
675 600 690 639 a
721 580 905 659 pronomine.
954 578 1010 649 Qui
1045 579 1155 641 liabent
1182 581 1302 642 decern?
1350 580 1527 642 aristotelici

234 665 339 725 decem
374 668 539 742 categorias
573 666 861 738 aduuurerancrunl,
896 671 963 724 octo
990 682 1067 745 quac
1094 665 1129 725 ad
1159 675 1292 726 oratores
1320 668 1472 747 pertinent
1499 675 1529 727 el

234 751 318 817 claras,
342 769 417 828 quae
440 750 476 809 ad
500 750 667 829 filosophos.
712 749 793 819 Quae
816 757 884 810 sunt
899 752 980 829 ipsae
996 749 1089 811 duae?
1126 749 1283 829 Euergiam
1299 761 1329 812 ct
1345 751 1525 831 hypostasin,

233 835 311 895 idest
335 835 412 911 quod
437 836 465 894 lit
491 837 537 895 trel
561 837 638 912 qrrtnl
664 839 691 896 in
715 833 876 895 substantia
900 843 951 894 est.
997 836 1054 904 Qui
1083 834 1192 896 babent
1216 836 1373 897 undecimi
1416 837 1527 896 Aristo·

207 920 328 980 atelici.
374 921 429 991 Qui
460 920 582 980 decern?
627 920 736 980 lterum
764 929 922 997 segregant
948 919 1103 981 articulum
1133 941 1148 979 a
1179 924 1365 998 pronomine.
1416 922 1526 982 Verum

234 1023 270 1065 cs
295 1005 432 1065 omnibns
455 1014 515 1065 tros
537 1015 613 1078 sunt,
638 1024 712 1085 quae
735 1023 786 1065 sex
808 1004 927 1065 casibus
948 1004 1139 1065 inflectuntur
1162 1016 1217 1066 etc.

768 1136 815 1234 mi
842 1137 995 1235 nonina.

323 1345 436 1406 Nomen
466 1345 553 1404 unius
581 1344 724 1406 bominis.
761 1343 919 1422 appellatio
948 1343 1107 1405 multorum
1136 1342 1313 1406 uocabulum
1342 1353 1394 1406 est.
1445 1344 1526 1415 Quo·

237 1430 347 1490 niodo?
402 1432 523 1490 Veteres
557 1430 644 1508 ipsud
678 1428 815 1489 dicebant
849 1448 971 1499 nornen,
1015 1429 1092 1508 quod
1129 1431 1333 1509 unusquisque
1371 1432 1526 1508 proprium

200 1515 342 1583 mirabel,
378 1516 455 1575 sicut
483 1513 599 1574 Eterius
628 1512 809 1574 Fabulliuos.
854 1513 996 1590 spetiano
1024 1513 1194 1574 nnrltornm.
1237 1512 1410 1583 Quomodo?
1455 1515 1527 1576 Puta

233 1602 259 1660 si
282 1600 421 1660 dicebant
443 1600 531 1658 bomo
555 1601 602 1661 uir
625 1598 745 1667 mulier,
769 1616 828 1658 uon
851 1598 990 1659 dicebant
1011 1599 1068 1658 hoc
1091 1602 1238 1668 ‘nornerr’,
1268 1598 1319 1658 sed
1342 1599 1527 1679 ‘appellatio-

235 1689 327 1746 nem'.
373 1683 554 1745 Vocabulum
576 1702 689 1744 rerum.
727 1682 899 1752 Quornodol
936 1683 1080 1763 Quicquid
1104 1683 1140 1743 ad
1156 1683 1365 1763 possidendum
1388 1686 1526 1764 pertinet,

234 1781 302 1849 puta
327 1773 415 1831 uinea
439 1787 543 1847 agrum
559 1770 689 1844 domurn,
714 1787 773 1828 non
790 1766 929 1830 dicebant
951 1767 1021 1828 illud
1045 1787 1163 1842 nomen,
1188 1767 1240 1829 sed
1264 1768 1449 1838 uocabulum,
1473 1769 1525 1829 sed

237 1856 325 1915 niodo
354 1857 470 1915 nomina
494 1851 674 1932 generaliter
701 1853 835 1914 dicimus.
901 1852 1074 1925 Quomodo?
1116 1855 1315 1933 Vnaquaeque
1343 1872 1392 1914 res
1420 1872 1526 1915 secun·

196 1957 220 1995 rs
234 1940 304 2000 dum
328 1958 423 2017 genus
446 1958 532 1999 suum
556 1957 662 1998 nomen
686 1937 783 2000 babet.

319 2107 331 2189 ll
356 2111 375 2170 l.
399 2106 461 2169 82b
477 2106 488 2190 b
506 2109 687 2170 Praenomen
712 2109 780 2190 quid
805 2110 866 2169 est?
910 2109 944 2167 Vt
966 2117 1035 2188 puta
1058 2106 1177 2169 Flauius
1196 2106 1219 2188 †
1241 2106 1345 2169 domus
1367 2110 1415 2186 egi
1437 2126 1524 2169 carex

234 2197 281 2255 uir
309 2193 437 2255 inlustris
465 2194 696 2263 Traseruondus.
747 2193 861 2265 Quibus
893 2195 1030 2272 personis
1063 2194 1200 2254 accidunt
1233 2195 1288 2255 isla
1315 2194 1526 2272 praenominat

234 2279 374 2358 ingenuis
390 2288 513 2354 tantum,
537 2298 595 2340 non
612 2282 716 2346 seruis,
742 2288 770 2337 et
786 2280 808 2338 si
826 2276 893 2337 uolo
910 2278 1010 2340 dicere
1026 2297 1112 2340 seruo
1129 2296 1194 2338 meo
1211 2277 1331 2338 ‘Lucius
1346 2276 1524 2347 Sallustius’,

235 2383 399 2443 cognomen
424 2363 464 2423 illi
487 2365 552 2429 erit,
577 2382 636 2425 non
660 2365 712 2424 ista
729 2365 921 2443 praenomina
939 2373 1092 2432 uocantur,
1116 2366 1183 2441 quia
1200 2363 1351 2442 proprium
1369 2371 1422 2432 est,
1447 2364 1525 2440 quod

194 2466 339 2511 unomen
364 2450 479 2516 dicitur,
503 2457 535 2508 ut
558 2457 625 2527 pma
648 2451 672 2508 si
696 2447 790 2509 dicam
806 2448 1010 2516 ‘Trasmiros’,
1034 2458 1230 2525 cognomento
1253 2447 1369 2522 Lucius,
1393 2448 1472 2526 quod
1494 2450 1524 2508 in

233 2533 371 2596 babtismi
394 2535 486 2613 gratia
510 2536 564 2595 ista
589 2535 772 2611 cognomina.

317 2706 467 2782 Agnomcn
490 2704 558 2783 quid
583 2703 643 2764 esti
687 2702 771 2774 Qnod
795 2721 829 2763 ex
846 2700 945 2762 multis
961 2700 1132 2763 accidentiis
1148 2701 1263 2770 accidit,
1287 2708 1403 2780 utputa
1419 2703 1523 2764 ‘buso-

233 2792 303 2850 nius
325 2792 437 2864 cocrrs',
461 2787 583 2848 ‘Vincila
608 2788 784 2855 lontiarius’,
809 2788 977 2847 ‘brcorltius
999 2786 1170 2865 plumator’.

317 2957 394 3026 Quot
416 2967 485 3020 sunt
507 2959 561 3018 ista
585 2959 760 3035 agnomina?
804 2955 892 3018 llulta
914 2965 993 3018 sunl.
1037 2956 1116 3027 Quot
1142 2964 1211 3017 sunt
1241 2957 1358 3018 notata?
1403 2957 1522 3018 liccem.

193 3062 219 3098 ‚a
233 3044 312 3115 Quae
321 3050 332 3101 't
376 3045 415 3102 Ex
439 3043 533 3111 lando,
558 3053 588 3102 ut
604 3041 736 3103 lletellos
752 3044 894 3108 Creticus,
919 3045 969 3121 qni
987 3044 1101 3102 Cretanr
1125 3041 1256 3118 subegit:
1280 3044 1348 3121 quia
1364 3042 1524 3120 pugnando

233 3129 289 3188 sibi
318 3128 443 3189 subiecit
473 3130 606 3196 Cretam,
640 3127 709 3186 inde
737 3136 860 3188 trocalus
888 3136 932 3186 cst
959 3129 1012 3205 ita,
1060 3127 1100 3187 Ex
1134 3129 1261 3193 meritis,
1298 3135 1329 3186 nt
1355 3127 1523 3207 Torquatus

233 3213 360 3282 blallius,
384 3215 433 3291 qni
462 3214 585 3273 couduur
616 3211 730 3272 Gallum
760 3212 882 3277 occidit,
918 3213 1002 3272 cuius
1031 3219 1165 3290 torquem
1195 3231 1249 3270 sno
1277 3209 1353 3270 collo
1384 3213 1521 3271 conectit.

232 3297 346 3358 blallius
368 3301 446 3357 enirn
469 3298 570 3356 babuit
592 3315 709 3364 nornen,
733 3298 876 3377 prignauit
899 3307 1001 3357 contra
1023 3295 1148 3363 Gallum,
1172 3296 1277 3356 occidit
1293 3295 1385 3364 illum,
1409 3304 1439 3356 et
1453 3297 1520 3373 quia

233 3402 296 3443 rnos
319 3390 381 3442 erat
403 3382 508 3448 llallis,
538 3392 569 3442 ul
598 3385 624 3441 in
655 3383 715 3442 sois
737 3381 819 3441 collis
841 3399 947 3441 aureas
970 3389 1092 3460 torques
1114 3389 1320 3448 ‹sorrectoreuc
1350 3381 1416 3441 tulit
1437 3378 1521 3440 Gallo

192 3467 346 3528 :ullallius
369 3476 504 3544 torquem
535 3476 564 3526 et
592 3466 667 3526 collo
696 3485 749 3525 sno
779 3468 917 3526 conectit.
963 3465 1004 3525 ux
1028 3465 1155 3533 lortuna,
1178 3475 1211 3526 ut
1233 3467 1356 3527 Crassus
1377 3467 1469 3525 Iliucs
1492 3474 1521 3524 et

232 3552 307 3631 Sylla
331 3551 422 3617 Felix,
446 3555 513 3630 qnia
538 3569 601 3610 siros
623 3551 679 3611 illis
702 3560 765 3610 erat
786 3553 817 3610 in
839 3550 951 3611 deliciis
973 3551 1088 3611 uiuere.
1127 3549 1214 3629 lpsod
1237 3551 1351 3610 lorturra
1375 3551 1452 3610 idem
1466 3558 1519 3625 cst,

231 3637 309 3717 quod
333 3645 378 3698 est
399 3635 593 3697 consuetudo.
638 3636 679 3697 Ex
708 3637 845 3712 augurio,
875 3644 907 3696 ut
935 3636 1080 3697 Coruinus
1108 3636 1144 3695 ab
1172 3637 1296 3712 augurio
1324 3637 1423 3703 corui,
1452 3636 1520 3711 quia

231 3724 313 3781 corui
336 3721 439 3782 solitus
462 3730 523 3782 erat
546 3720 707 3781 obseruare
731 3722 899 3796 augurium,
933 3721 1001 3779 iude
1024 3722 1062 3781 ita
1085 3728 1207 3780 uocatus
1238 3728 1290 3780 est.
1335 3720 1377 3780 Ex
1407 3726 1520 3787 natura,

232 3816 263 3866 ut
284 3808 390 3867 Canius
413 3806 564 3874 llenlatus,
596 3807 662 3885 quia
686 3824 753 3866 curn
777 3803 913 3865 dentibus
934 3813 1021 3866 natus
1044 3814 1099 3866 cst.
1143 3805 1185 3866 Ex
1215 3805 1363 3873 moribus,
1393 3814 1425 3865 ut
1446 3803 1518 3864 Tar·

190 3893 349 3971 asquinus
370 3890 531 3968 Superbus,
555 3892 621 3970 qnia
645 3891 783 3969 superbia
800 3887 945 3959 utebatur,
969 3891 1036 3950 ideo
1059 3898 1182 3951 uocatus
1204 3900 1248 3950 est
1270 3893 1319 3950 ita.
1357 3889 1397 3949 Ex
1413 3896 1517 3956 aelate.

165 3968 175 3986 '
229 3984 264 4037 ut
286 3977 388 4036 Bimus
409 3976 536 4036 Trinnrs.
581 3974 774 4054 etqualitate,
799 3983 831 4035 ut
853 3975 977 4054 Sapiens
1000 3974 1151 4055 lnsipiens.
1195 3974 1239 4034 Ab
1263 3975 1377 4042 ordine,
1401 3982 1434 4033 ut
1457 3973 1518 4034 Pri·

229 4080 297 4121 mus
319 4060 482 4120 Secundus,
525 4064 546 4122 d
576 4062 750 4137 quantitate,
782 4069 813 4119 ul
834 4059 947 4119 Patruus
979 4060 1107 4139 Magnus.
1153 4063 1300 4138 rigente,
1330 4067 1362 4119 ut
1389 4059 1520 4118 Graecus

230 4147 353 4224 Spanus.
390 4143 642 4223 Appellatiuorum
665 4148 818 4205 nominum
847 4146 963 4224 species
993 4145 1102 4206 multae
1124 4152 1203 4205 sunt.
1247 4144 1326 4215 Quot
1346 4152 1414 4205 sunt
1436 4152 1518 4204 nota·

230 4232 296 4292 tae?
339 4230 447 4308 Viginti
474 4227 650 4312 septcrnlll.
675 4227 734 4291 83³
759 4228 781 4309 ll.
826 4230 952 4289 Tantum
981 4231 1062 4308 ipsae
1092 4231 1195 4308 uiginti
1227 4231 1358 4309 septem?
1401 4226 1519 4288 Addidit

189 4316 385 4393 roSergins
408 4322 437 4373 et
460 4325 592 4375 octauam
617 4334 652 4374 cr
675 4324 778 4384 aetate,
804 4322 834 4374 ut
857 4313 952 4374 bimus
973 4315 1087 4376 trimus

298 4551 451 4616 Bypotasin
520 4554 597 4613 bqrri
615 4547 715 4616 decem]
735 4552 872 4601 Fortasse:
890 4551 1034 4615 quomodo,
1054 4553 1096 4614 qui
1115 4551 1220 4600 decern?
1275 4552 1305 4600 16
1324 4550 1415 4600 llablns
1486 4551 1516 4598 l'l

225 4619 352 4668 auednnt
419 4617 612 4683 minutatius]
632 4635 678 4668 un:
699 4620 858 4667 lancearius?
922 4622 955 4669 ‘24
973 4617 1071 4683 decern]
1089 4619 1153 4669 Sunt
1170 4621 1290 4670 undecim.
1350 4621 1384 4669 25
1402 4616 1517 4666 metellus

225 4741 261 4790 ’37
280 4738 374 4803 gallus,
392 4753 514 4788 corn-os
584 4739 616 4786 28
634 4696 732 4800 ’ῬιιΙΙὶιιε
769 4737 857 4786 occisit
907 4741 1032 4788 illistam.
1086 4740 1162 4788 30ex
1181 4738 1283 4786 lortnna
1301 4751 1408 4803 gressus
1443 4734 1516 4785 dines

224 4824 275 4859 om.
329 4820 354 4853 ru
372 4805 428 4854 silln
497 4811 526 4858 31
547 4806 638 4855 diliciis
690 4806 877 4866 lortrruequod
895 4816 934 4854 est
1002 4809 1034 4856 33
1052 4821 1146 4855 cornus
1164 4807 1255 4855 solitus
1322 4806 1448 4854 34crrrus

225 4875 273 4940 qui
338 4877 472 4934 tarquinus
541 4878 573 4926 35
591 4887 655 4925 erate
723 4875 756 4925 39
774 4889 830 4938 ipae
897 4876 931 4925 40
949 4872 1067 4940 Sergius]
1088 4874 1233 4934 Ιηιειιεωιι,
1252 4875 1279 4922 ni
1293 4873 1382 4935 fallor,
1401 4868 1517 4937 [Serpiil
