3382 5476
585 360 634 412 nu
653 362 792 414 nouum
811 362 1014 415 rmomnvs.
1389 361 1448 426 153

153 549 281 609 diximus
310 557 338 607 et
365 550 502 609 inuenies
525 519 652 627 tempus·
666 567 824 628 personam
847 568 1004 610 numerum
1028 549 1207 628 singularem
1230 550 1350 612 modum
1373 550 1448 611 iudi·

153 653 281 711 catiuum
306 650 445 718 litteram,
469 649 519 738 ubi
542 659 666 730 apparet
688 652 870 730 coniugatio:
895 659 963 712 ante
979 648 1117 720 litteram,
1142 651 1259 730 quando
1276 653 1370 713 actiua
1387 660 1447 720 est;

152 754 177 812 si
205 753 353 832 passiuam
382 752 488 818 iacies,
518 760 586 811 ante
614 750 756 831 syllabam
780 755 933 832 repperies
955 772 987 822 a,
1016 772 1099 814 amor
1121 755 1237 814 amaris.
1284 754 1362 832 Ergo
1384 754 1448 814 sia

154 854 255 920 luerit,
280 854 404 931 primam
428 854 665 930 coniugatiouem
690 854 770 921 lacit;
795 856 820 914 si
844 874 869 924 e,
892 855 1070 924 secundam,
1096 846 1128 916 ut
1149 855 1242 915 doceo
1265 854 1367 923 doces;
1392 857 1448 915 sii

127 956 260 1023 sinerii,
288 956 405 1017 tertiam
428 955 507 1023 lacit,
532 973 619 1015 unam
644 955 738 1016 littera
761 963 907 1034 correpta,
932 963 964 1016 ut
986 954 1054 1033 lego
1076 939 1271 1033 legis'sunam
1295 954 1447 1035 preducta,

153 1066 185 1116 ut
207 1059 305 1116 nutrio
328 1058 435 1116 nutris.
482 1056 516 1116 Et
539 1056 617 1116 unde
639 1056 852 1135 intellegimus,
882 1056 1001 1136 quando
1024 1065 1160 1136 correpta
1184 1066 1213 1118 et
1235 1057 1353 1136 quando
1379 1076 1448 1137 pro·

153 1158 259 1217 ductat
303 1157 402 1216 Primo
432 1157 519 1217 modo
548 1159 737 1237 imperalium
766 1160 791 1218 si
820 1161 849 1218 in
880 1178 895 1218 e
925 1160 1039 1220 miserit
1066 1161 1096 1220 in
1126 1161 1276 1238 praesenti
1304 1167 1447 1238 tempore,

71 1331 74 1334 ‚
153 1267 288 1336 correpta
318 1268 377 1326 est;
406 1261 486 1319 siin
516 1260 540 1326 i,
571 1259 714 1338 producta
744 1268 797 1320 est.
842 1260 980 1320 Secundo
1009 1260 1097 1320 modo
1119 1258 1199 1321 unde
1222 1261 1449 1339 cognoscimus?

154 1361 195 1422 ue
217 1361 335 1440 passiuo
364 1361 457 1421 uerbo
479 1362 507 1420 in
526 1360 666 1421 secunda
688 1378 816 1440 persona
840 1369 974 1440 tempore
995 1364 1143 1440 praesenti
1168 1362 1255 1423 modo
1277 1361 1447 1423 indicatiuo.

114 1475 140 1512 10
154 1463 185 1523 Si
208 1464 238 1522 in
262 1463 382 1541 passiuo
406 1481 421 1521 ε
444 1464 544 1532 luerit,
568 1470 706 1542 correpta
729 1471 788 1531 est;
812 1465 837 1523 si
860 1465 879 1531 i,
903 1462 1046 1541 producta
1070 1471 1124 1531 est,
1149 1471 1265 1543 utputa
1282 1464 1348 1543 lego
1364 1463 1448 1542 legis,

152 1565 199 1624 lac
226 1565 392 1642 passiuum:
422 1562 506 1641 legor
534 1563 655 1641 legeris,
685 1571 714 1623 et
741 1582 808 1624 cum
837 1572 905 1624 ante.
928 1565 1118 1626 nouissimam
1142 1564 1285 1645 syllabam
1308 1586 1324 1627 ε
1347 1564 1446 1634 babet,

154 1683 224 1744 ergo
251 1674 389 1742 correpta
418 1673 472 1724 εει.
517 1665 590 1725 Nam
619 1667 644 1725 si
672 1667 681 1724 i
708 1664 847 1735 baberet,
877 1665 1142 1745 iproduceretur,
1172 1664 1320 1744 quomodo
1349 1669 1449 1728 nutrio

153 1768 259 1836 nutris,
283 1767 328 1826 lac
351 1768 519 1845 passiuum:
544 1767 660 1827 nutrior
683 1768 814 1835 nutriris,
838 1769 972 1828 seruauit
994 1769 1018 1828 i:
1043 1785 1114 1846 ergo
1136 1768 1253 1848 quando
1277 1787 1293 1829 ε
1317 1769 1358 1836 tit,
1381 1786 1448 1829 cor·

154 1879 237 1949 repta
265 1876 324 1935 est;
354 1868 471 1946 qnando
499 1870 508 1928 i
537 1878 638 1929 seruat
664 1869 694 1928 in
723 1871 858 1948 passiuo,
888 1869 1073 1948 producitur.
1121 1866 1251 1950 †Tertia
1280 1871 1449 1948 coniugatio

116 1981 141 2022 1⁵
154 1970 297 2049 producta
320 1969 484 2030 differentia
509 1978 552 2030 est
574 1971 719 2030 inlinitiuo
736 1967 747 2051 l
763 1969 784 2030 l.
802 1967 881 2032 145*
897 1967 908 2051 l
926 1970 1028 2039 modo;
1056 1972 1081 2031 si
1103 1973 1283 2051 paenultima
1306 1969 1416 2050 syllaba
1439 1972 1449 2031 i

154 2070 304 2140 babuerit,
329 2071 518 2151 producitur,
543 2081 575 2133 nt
597 2073 696 2132 nutrio
720 2073 829 2140 nutris,
853 2067 900 2132 lac
922 2072 1102 2133 infinitiuum
1125 2074 1255 2140 nutrire,
1281 2080 1311 2132 ει
1332 2090 1400 2133 ειιιιι
1421 2075 1449 2133 ri

151 2173 238 2251 longa
263 2180 322 2241 est,
349 2182 378 2233 ει
400 2174 574 2253 producitur
595 2171 716 2252 syllaba.
763 2173 811 2234 Sic
834 2191 905 2251 ergo
928 2173 1107 2252 colliguntur
1129 2175 1362 2252 coniugationcs.

237 2275 335 2336 Prima
359 2283 418 2345 cst,
443 2294 517 2355 quae
540 2293 556 2335 a
579 2273 683 2344 babet,
714 2283 747 2334 ut
769 2294 834 2336 amo
857 2292 953 2340 amas:
982 2275 1129 2346 secunda,
1153 2292 1228 2353 quac
1251 2292 1268 2334 c
1289 2273 1394 2344 babet,
1417 2282 1451 2334 ut

154 2377 247 2439 doceo
269 2376 372 2445 duces,
397 2379 494 2445 tortia,
517 2396 593 2456 quae
615 2377 626 2435 i
648 2375 737 2438 habet
759 2385 936 2457 correptam,
960 2385 993 2437 ut
1007 2375 1075 2456 lego
1090 2375 1174 2455 legis,
1198 2385 1249 2438 aut
1263 2376 1448 2455 productam,

114 2493 140 2530 ²⁰
155 2488 188 2540 ut
215 2479 313 2540 nutrio
343 2479 444 2539 nutris.
488 2478 526 2539 Et
548 2477 617 2557 quid
640 2497 714 2558 opus
735 2485 781 2538 est
804 2480 881 2539 scire
904 2479 1126 2557 coniugationes
1148 2476 1449 2557 praeter'iudicaliuo

154 2580 242 2640 modo
271 2588 404 2658 tempore
434 2580 551 2641 tuturo?
594 2577 698 2660 †Nam
727 2581 805 2640 inter
833 2582 1058 2658 coniugationcs
1088 2587 1200 2641 tantum
1225 2581 1326 2640 uariae
1349 2580 1402 2647 sit;
1433 2597 1448 2639 a

154 2684 249 2762 prima
273 2683 478 2759 coniugatione
501 2690 532 2744 ει
553 2682 682 2742 secunda
705 2682 735 2741 iu
759 2680 797 2741 bo
821 2682 881 2741 exit
903 2700 1035 2761 semper,
1063 2700 1129 2742 amo
1151 2680 1257 2742 amabo
1280 2681 1374 2742 doceo
1397 2680 1449 2740 do·

155 2783 239 2844 cebo.
290 2782 387 2843 Prima
422 2792 452 2844 ct
483 2782 613 2845 secunda
644 2782 798 2843 indicatiui
826 2782 906 2843 modi
933 2784 1025 2844 luturi
1054 2784 1197 2863 temporis
1224 2786 1256 2843 iu
1284 2781 1322 2843 bo
1350 2782 1449 2843 mittit.

154 2885 253 2946 Tertia
282 2894 417 2964 correpta
445 2886 474 2944 in
503 2904 549 2946 am
577 2903 711 2964 semper,
740 2894 773 2946 ut
800 2883 867 2963 lego
895 2885 1007 2963 legam;
1035 2885 1123 2946 tertia
1151 2883 1294 2964 producta
1316 2885 1449 2946 luturum

115 3000 142 3039 25
156 2987 237 3046 uaria
261 2985 361 3063 regula
384 2988 467 3048 lacit:
491 2986 649 3066 aliquando
671 2989 702 3046 in
725 3005 772 3046 am
796 2995 826 3047 ει
846 2988 876 3046 in
901 2985 940 3046 bo
961 2984 1065 3056 simul,
1089 2985 1247 3064 aliqnando
1269 2988 1301 3046 in
1325 2986 1362 3046 bo
1384 2994 1449 3047 tan·

156 3096 217 3148 tum
241 3085 412 3167 [aliquando
437 3091 467 3148 in
491 3106 537 3148 am
561 3096 590 3149 et
611 3091 641 3150 in
665 3086 728 3169 bo].
774 3075 899 3157 Quando
920 3090 929 3147 i
953 3097 1021 3148 ante
1044 3106 1062 3147 o
1085 3086 1175 3148 babet
1202 3088 1231 3147 in
1260 3089 1354 3166 prima
1381 3104 1450 3166 pcc·

154 3207 227 3250 sona
249 3187 402 3250 indicatiui
426 3189 520 3258 modi,
550 3197 673 3270 utputa
696 3191 795 3250 nutrio
808 3189 919 3249 audio:
948 3192 958 3249 i
980 3198 1049 3250 ante
1073 3208 1090 3248 o
1113 3187 1216 3256 babet:
1245 3205 1317 3266 ergo
1339 3188 1418 3270 quod
1441 3189 1451 3247 i

72 3362 75 3366 Α
156 3299 223 3351 ante
246 3310 264 3349 o
287 3289 389 3359 babet,
418 3292 548 3352 futurum
576 3300 693 3370 tempus
722 3299 752 3350 ει
779 3292 809 3349 in
832 3308 879 3350 am
902 3299 932 3350 et
954 3292 983 3350 in
1011 3289 1049 3350 bo
1070 3292 1173 3357 mittit,
1202 3296 1235 3350 ιιι
1252 3296 1328 3364 puta
1350 3288 1450 3348 dicere

156 3392 254 3452 ‘audio
271 3393 387 3453 audiam
404 3392 535 3454 audibo':
552 3392 662 3455 dixeris
674 3392 826 3461 ‘audiam’,
843 3399 925 3452 recte
940 3392 1015 3452 dicis
1030 3399 1063 3451 ει
1074 3388 1217 3458 ‘audibo',
1234 3388 1326 3471 ‘polio
1341 3388 1450 3469 poliam

116 3493 277 3571 sopolibo’,
302 3494 411 3555 ‘nutrio
435 3497 563 3555 nutriam
587 3491 730 3553 nutribo’.
776 3493 807 3553 Si
830 3493 840 3552 i
861 3500 961 3553 antem
985 3510 1044 3553 non
1066 3491 1173 3551 babeat
1194 3492 1290 3569 prima
1313 3508 1449 3570 persona,

156 3596 208 3656 sed
225 3615 249 3665 e,
266 3595 342 3656 idest
357 3604 426 3655 ante
441 3615 473 3666 o,
496 3596 628 3656 futurum
651 3602 769 3673 tempus
791 3596 822 3655 iu
845 3593 883 3653 bo
906 3602 1018 3654 tantum
1042 3595 1145 3662 mittit,
1170 3598 1293 3672 utputa
1317 3593 1365 3652 ‘eo
1387 3590 1449 3651 ibo'

157 3699 243 3758 ‘exeo
259 3696 371 3757 exibo':
401 3701 528 3757 ‘exeam’
552 3714 611 3757 non
635 3714 792 3776 possumus
815 3695 924 3755 dicere.
969 3694 1030 3756 llac
1053 3695 1167 3755 ratione
1183 3692 1364 3772 colliguntur
1379 3711 1450 3754 con·

157 3799 331 3876 iugationes.

245 3899 285 3960 De
307 3898 476 3977 generibus.
507 3900 623 3961 Genera
640 3899 800 3961 uerborum
817 3898 854 3957 V:
877 3906 928 3958 aut
945 3900 1039 3960 actiua
1062 3905 1113 3959 aut
1133 3898 1251 3978 passiua
1274 3904 1324 3958 ant
1346 3904 1451 3957 neutra

116 4010 208 4062 ³5aut
230 3985 397 4063 communia
420 4008 471 4062 aut
493 4002 681 4081 deponentia.
725 4002 828 4063 dctiua
856 4000 953 4062 addita
978 4019 992 4060 r
1014 4000 1126 4061 iaciunt
1148 4019 1183 4060 ex
1205 4018 1237 4060 se
1260 3999 1391 4078 passius,
1420 4005 1453 4058 ut

228 4258 240 4306 1
261 4271 370 4322 persono
389 4270 494 4305 numero
513 4255 638 4322 singulari
656 4256 733 4306 modo
752 4255 890 4306 indicatiuo
943 4241 1029 4304 n'ante
1046 4253 1072 4302 in
1088 4254 1202 4317 margine
1254 4249 1367 4317 quaudo]
1386 4266 1453 4314 quae

157 4326 299 4389 3passiue
368 4324 509 4374 blitterem
527 4335 668 4390 correptam
732 4324 882 4390 productam
956 4319 1066 4371 lmodn
1083 4337 1157 4370 manu
1174 4320 1211 4369 II
1226 4321 1253 4369 iu
1270 4336 1349 4385 marg.
1421 4320 1453 4369 10

158 4388 230 4456 pute]
249 4406 311 4457 puto
383 4394 414 4440 11
432 4391 549 4453 hebuerit
618 4394 650 4443 14
668 4392 821 4458 producetur
888 4388 974 4439 'lentie
991 4389 1139 4454 coniugatio
1158 4385 1220 4452 etc]
1249 4388 1371 4438 Forteuee
1387 4389 1452 4437 ecri-

158 4459 264 4509 dendum
281 4468 333 4510 est:
356 4460 421 4508 lnter
439 4461 536 4509 tertiam
555 4461 759 4525 coniugationem
778 4458 929 4526 productum
948 4466 973 4506 et
989 4470 1130 4520 correptam
1154 4454 1295 4505 differentia
1313 4455 1394 4504 estin
1414 4455 1452 4503 in-

159 4525 257 4576 flnitiuo
328 4529 360 4578 lli
378 4527 517 4592 penultimo
587 4531 618 4578 19
636 4537 753 4594 correpta
822 4526 945 4593 producte
1018 4525 1048 4573 11
1069 4523 1132 4572 Nem
1151 4525 1216 4573 inter
1233 4521 1294 4588 etc.]
1317 4521 1452 4573 Fortasse:

159 4609 218 4643 nem
236 4597 261 4643 in
280 4597 353 4643 tertie
370 4596 550 4661 coniugatione
570 4605 666 4644 ιιιιιιιιιιι
686 4597 796 4645 uarietas
815 4607 854 4644 est
938 4595 973 4642 14
989 4605 1105 4657 correpta
1123 4594 1149 4642 in
1166 4606 1245 4656 marg.
1331 4592 1364 4640 15
1382 4589 1453 4638 ιιιιι·ἱε

158 4664 192 4713 16
214 4663 314 4711 Verba:
341 4663 479 4725 aliquando
503 4664 528 4712 iu
547 4678 586 4712 am
606 4675 631 4712 et
649 4665 673 4712 iu
697 4664 730 4713 ho
752 4680 802 4729 per
823 4660 1020 4732 dittograpdinru
1043 4667 1101 4712 orto
1123 4661 1250 4710 addentur.
1320 4658 1345 4705 in
1369 4658 1453 4721 prima

158 4776 270 4829 persona
288 4790 320 4800 —
338 4774 397 4813 unte
415 4779 430 4813 o
449 4764 524 4814 babet
541 4767 567 4813 iu
584 4781 662 4828 marg.
731 4766 764 4815 17
782 4734 923 4833 indicano}
940 4733 1019 4834 modyl
1095 4763 1129 4812 18
1146 4761 1223 4811 mittit
1240 4768 1267 4807 ut
1284 4767 1347 4827 pute
1363 4759 1455 4810 addidi

193 4830 288 4880 diceret
355 4834 387 4882 31
406 4848 435 4881 ιε
453 4833 552 4881 ratione
