3382 5476
644 390 885 443 unumunurm.
1368 384 1411 452 59

117 578 194 639 uado
217 586 246 637 et
268 597 303 637 ex
327 580 537 659 praefecturis,
567 598 623 658 pro
645 578 753 639 cliente
767 578 863 638 'uenio
886 586 916 639 et
937 596 992 656 pro
1014 576 1187 647 clientibus,
1211 597 1282 658 prae
1306 579 1412 638 timore

116 681 198 759 lugio
221 688 251 740 ct
274 699 345 761 prae
368 680 541 754 timoribus,
564 681 661 759 palam
677 680 759 740 omui
781 678 857 740 iacio
880 687 911 740 et
931 679 1027 760 palam
1050 680 1198 750 omnibus,
1222 682 1287 740 siue
1310 677 1412 739 labore

116 783 238 862 quiesco
262 790 291 842 et
313 785 377 842 sinc
401 782 565 852 laboribus
595 781 705 859 absque
735 782 842 843 iniuria
859 827 964 842 .....
982 790 1012 843 et
1034 781 1145 862 absque
1167 782 1297 850 iniuriis,
1326 788 1413 841 tenus

115 881 197 962 pube
219 903 337 962 mergo,
361 883 439 963 quod
463 903 516 945 nos
538 884 663 944 dicimus
686 882 764 962 pube
786 891 881 945 tenus.

90 1003 103 1042 s
202 987 360 1065 Vtriusque
390 1004 462 1047 uero
491 1004 576 1047 casus
604 986 840 1064 praepositiones
868 983 946 1045 idest
973 987 1134 1046 aecusatiui
1158 992 1187 1045 et
1209 982 1330 1076 ablatiui
1359 981 1414 1044 bae

116 1092 200 1146 suut:
232 1087 262 1146 in
284 1087 339 1147 sub
362 1106 452 1167 super
474 1087 593 1154 subter,
622 1105 698 1166 quae
721 1095 791 1147 tune
812 1087 983 1147 accusatiuo
1006 1088 1088 1148 casui
1115 1087 1265 1154 seruiunt,
1295 1085 1413 1163 quando

116 1195 167 1248 aut
188 1205 292 1265 gressu
321 1198 371 1248 aut
399 1188 492 1248 uerbo
520 1196 572 1249 aut
599 1190 707 1249 iniuria
731 1195 780 1248 aut
802 1186 886 1266 lapsu
908 1195 959 1249 aut
981 1187 1083 1249 labore
1106 1196 1156 1249 aut
1178 1188 1221 1248 ira
1243 1195 1341 1248 motus
1364 1186 1416 1246 ad·

116 1292 263 1367 signatur,
292 1290 370 1366 quod
395 1293 434 1350 ita
458 1289 590 1367 intellegi
617 1297 730 1370 potest:
758 1291 789 1349 in
818 1308 969 1350 carcerem
992 1291 1074 1351 etin
1103 1306 1239 1350 carceres
1260 1290 1358 1358 mitto,
1382 1291 1413 1349 in
1470 1272 1483 1284 ²

117 1398 243 1451 mortem
267 1400 298 1451 et
319 1393 349 1451 in
373 1400 484 1452 mortes
507 1397 681 1471 prosterno,
710 1393 740 1451 in
764 1398 873 1453 terram
899 1393 979 1452 etin
1002 1399 1099 1453 terras
1121 1390 1211 1459 cado,
1239 1392 1269 1450 in
1297 1392 1413 1470 praeci·

77 1517 103 1555 10
117 1494 220 1570 pitium
246 1501 275 1552 et
296 1494 326 1552 in
350 1495 523 1573 praecipitia
546 1492 648 1562 ducor,
671 1495 700 1553 in
724 1492 864 1572 praedam
887 1501 918 1553 et
939 1495 971 1553 iu
994 1491 1120 1572 praedas
1141 1491 1266 1562 diuidor,
1290 1493 1320 1552 in
1343 1511 1413 1572 pro·

116 1594 257 1655 ditionem
287 1603 316 1655 et
343 1597 373 1655 io
402 1594 584 1675 proditiones
613 1597 721 1662 mittor,
750 1597 780 1654 iu
803 1603 934 1656 montem
958 1601 986 1654 et
1010 1597 1041 1653 in
1068 1600 1184 1655 montes
1211 1593 1353 1663 ascendo,
1383 1596 1414 1655 in

116 1694 221 1757 siluam
246 1704 276 1755 et
296 1698 326 1755 in
349 1694 439 1756 siluas
461 1697 552 1766 uado,
575 1699 605 1755 in
629 1695 832 1757 aduersarium
857 1704 887 1757 et
907 1697 939 1756 in
962 1694 1152 1767 aduersarios
1168 1695 1245 1766 luro,
1261 1696 1291 1756 in
1308 1697 1413 1756 uitium

86 1784 92 1802 ’
117 1799 198 1858 etin
222 1799 293 1859 uitia
316 1797 403 1871 cado,
433 1799 476 1857 sic
498 1805 528 1857 et
550 1795 596 1858 bis
618 1797 740 1866 similia;
770 1796 826 1860 sub
849 1806 959 1858 terram
982 1805 1012 1858 et
1033 1796 1089 1858 sub
1112 1805 1207 1858 terras
1234 1796 1330 1867 lodic,
1358 1796 1415 1858 sub

117 1906 247 1960 montem
276 1909 306 1959 et
333 1899 388 1959 sub
417 1908 532 1960 montes
562 1898 679 1968 laboro,
707 1898 765 1960 sub
792 1900 901 1961 lascem
924 1907 955 1960 et
977 1898 1032 1960 sub
1055 1899 1152 1961 lasces
1174 1899 1336 1978 deprimor,
1359 1897 1415 1960 sub

79 2024 105 2063 15
119 2000 336 2081 aquaeductum
353 2009 382 2061 et
396 2000 598 2079 aquaeductus
620 1999 748 2062 ambulo.
765 2035 807 2048 —-
821 2001 942 2078 ‘Super’
965 2009 1063 2062 autem
1088 2008 1158 2062 tunc
1180 2000 1311 2062 abletiuo
1333 2002 1415 2062 casui

117 2104 226 2173 seruit,
255 2103 374 2183 quando
403 2122 457 2182 pro
486 2102 558 2163 ‘de’
582 2105 711 2182 ponitur,
742 2101 819 2179 quod
849 2102 991 2163 dicimus:
1019 2121 1112 2182 super
1140 2102 1250 2183 populo
1273 2109 1302 2162 et
1324 2121 1416 2182 super

119 2204 236 2285 populis
265 2205 394 2274 uidetur,
423 2223 513 2284 super
535 2204 597 2265 tilio
621 2212 650 2264 et
671 2223 762 2282 super
784 2201 865 2273 liliis,
889 2203 946 2264 boc
968 2213 1014 2266 est
1036 2203 1073 2265 de
1095 2204 1205 2284 populo
1228 2204 1315 2265 etde
1337 2204 1413 2271 illlis,

118 2299 208 2386 super
231 2310 362 2367 exercitu
387 2315 416 2366 et
437 2325 529 2386 super
553 2305 747 2374 exercitibus,
776 2305 852 2365 idest
879 2305 916 2365 de
945 2307 1079 2367 exercitu
1108 2314 1138 2367 et
1164 2306 1201 2365 de
1224 2304 1415 2376 exercitibus,

118 2427 210 2489 super
238 2408 293 2467 bac
322 2429 354 2468 re
378 2415 405 2470 et
429 2428 519 2488 super
546 2407 593 2467 bis
620 2407 726 2476 rebus,
761 2404 818 2466 boc
847 2414 890 2466 est
913 2406 950 2467 de
973 2407 1029 2468 bac
1057 2425 1089 2466 re
1117 2415 1147 2467 et
1175 2406 1212 2466 de
1240 2406 1286 2467 bis
1314 2406 1414 2467 rebus.

80 2534 107 2573 ao
120 2509 254 2570 ‘Subter'
272 2510 396 2570 eandem
412 2512 471 2570 uim
487 2509 586 2576 babet,
602 2527 691 2588 quam
708 2517 738 2567 et
753 2505 843 2577 ‘sub',
867 2507 919 2569 sed
934 2507 992 2568 boc
1014 2507 1172 2588 specialius
1194 2507 1413 2569 obseruandum

118 2619 173 2681 est,
183 2611 261 2689 quod
275 2620 345 2672 tunc
357 2615 414 2672 leae
425 2611 661 2692 praepositiones
672 2611 844 2670 accusatiuo
855 2611 936 2670 casui
949 2611 1093 2676 seruiunt,
1106 2608 1225 2690 quando
1238 2609 1286 2671 uel
1298 2627 1414 2688 gressu,

118 2721 260 2792 utsupra
283 2712 393 2775 dictum
417 2720 475 2782 est,
500 2712 547 2774 uel
571 2715 670 2773 animo
693 2711 740 2772 uel
764 2709 857 2771 uerbo
880 2710 928 2771 uel
944 2710 1046 2772 labore
1070 2710 1118 2772 uel
1141 2708 1223 2790 lapsu
1245 2718 1342 2772 motus
1364 2711 1416 2771 ad·
1454 2742 1456 2747 v

119 2816 264 2894 signatur.
294 2815 429 2877 Ablatiuo
445 2834 518 2875 uero
534 2817 615 2876 casui
630 2821 702 2875 tunc
717 2814 773 2874 bae
788 2814 1008 2892 propositiones
1029 2814 1176 2883 seruiunt,
1199 2812 1317 2893 quando
1340 2811 1414 2873 nibil

118 2935 187 2978 cum
215 2917 367 2977 iracundia
396 2917 513 2986 dicitur,
544 2915 616 2977 nibil
645 2933 712 2975 cum
740 2913 844 2976 labore
865 2914 897 2977 iit
919 2915 966 2977 uel
990 2934 1049 2977 uon
1071 2915 1107 2975 ad
1137 2913 1246 2976 malum
1275 2916 1415 2985 curritur,

81 3017 198 3098 acquod
221 3020 260 3077 ita
284 3017 415 3096 intellegi
438 3025 543 3097 potest.
582 3018 715 3078 Dicimus
737 3018 834 3079 euim:
857 3018 887 3077 in
910 3016 999 3078 domo
1021 3024 1051 3077 et
1072 3018 1103 3076 iu
1125 3016 1265 3079 domibus
1286 3034 1362 3087 sum,
1386 3019 1416 3077 iu

119 3119 242 3181 ecclesia
266 3121 346 3179 etin
370 3119 502 3180 ecclesiis
524 3127 579 3193 sto,
603 3122 633 3179 in
656 3119 758 3181 charta
782 3129 811 3178 et
831 3120 862 3179 in
885 3117 998 3181 chartis
1019 3117 1129 3189 scribo,
1151 3123 1182 3178 in
1203 3117 1313 3197 populo
1336 3128 1366 3179 et
1386 3120 1417 3180 iu

120 3221 236 3302 populis
259 3221 415 3300 praedico,
439 3223 468 3281 in
493 3220 570 3281 lecto
586 3229 615 3282 et
631 3224 664 3281 iu
679 3220 764 3280 lectis
779 3222 914 3300 quiesco,
938 3222 969 3280 in
985 3220 1095 3301 templo
1111 3229 1140 3282 et
1155 3222 1185 3281 iu
1202 3218 1320 3300 templis
1336 3266 1361 3280 ..
1376 3267 1383 3280 .
1398 3267 1417 3299 .,

119 3322 175 3384 sub
197 3322 349 3402 disciplina
374 3331 403 3383 et
424 3322 480 3384 sub
503 3322 666 3402 disciplinis
689 3323 769 3383 uiuo.
812 3321 953 3400 Similiter
974 3321 1029 3383 sub
1052 3321 1141 3383 domo
1156 3330 1187 3383 et
1200 3321 1256 3383 sub
1279 3321 1418 3383 domibus

119 3434 180 3496 sto,
208 3425 265 3486 sub
293 3432 371 3486 tecto
399 3432 429 3485 et
455 3423 513 3485 sub
536 3427 624 3485 tectis
652 3425 798 3492 consisto,
826 3422 881 3483 sub
909 3429 1053 3503 potestate
1081 3430 1112 3483 et
1137 3423 1194 3485 sub
1221 3422 1418 3503 potestatibus

84 3544 108 3585 so
120 3526 211 3606 dego,
235 3526 290 3587 sub
312 3526 378 3604 lege
401 3534 430 3585 et
452 3525 507 3586 sub
529 3524 647 3604 legibus
667 3526 749 3585 uiuo.
783 3525 941 3586 Sciendum
958 3533 1117 3586 esttamen
1132 3525 1310 3605 specialiter,
1326 3524 1416 3606 quod,

80 3696 85 3711 ¹
120 3630 235 3708 quoties
258 3629 293 3689 ad
318 3628 425 3688 bonam
449 3636 561 3707 partem
585 3645 707 3705 gressus
729 3625 875 3704 dirigitur,
898 3628 1018 3705 ponitur
1034 3629 1065 3687 iu
1081 3624 1212 3687 ablatiuo
1229 3644 1318 3696 casu,
1341 3628 1419 3686 sicut

120 3729 230 3791 dietum
254 3739 312 3791 est:
336 3730 530 3791 ‘Benedictus
552 3730 603 3807 qui
626 3729 710 3788 uenit
732 3728 761 3788 in
784 3729 904 3788 nomine
920 3727 1055 3789 domiui’
1085 3727 1194 3788 ‘Venit’
1211 3729 1290 3788 euim
1306 3735 1416 3789 motum

191 3950 307 4015 lpreA
376 3950 508 4011 3absque
525 3949 618 3998 iniuria
636 3949 673 3998 sie
691 3960 716 3998 et
733 3949 870 4012 absqueb
938 3948 1106 4011 butriusque
1124 3949 1231 4000 enimb
1284 3950 1420 4016 praeposi-

121 4016 239 4067 tiouisA
292 4016 390 4067 baect
462 4018 622 4084 6supterB
692 4019 919 4067 'ierrtmotunut
937 4017 1054 4067 uerboB
1089 4017 1202 4082 lapsoB
1237 4018 1418 4067 autmotusb

120 4085 137 4135 8
155 4096 183 4134 ut
200 4085 225 4134 iu
244 4086 363 4134 carcirem
382 4088 401 4135 Β
504 4087 520 4135 9
543 4087 568 4134 in
592 4096 700 4134 mortem
722 4086 785 4134 eicio
808 4085 915 4134 inducor
938 4086 963 4133 in
981 4094 1088 4133 mortem
1106 4085 1218 4135 ascendo
1237 4087 1262 4134 iu
1281 4085 1372 4134 siluam
1391 4085 1417 4133 in

121 4154 214 4203 ulcium
233 4154 297 4202 cudo
316 4153 355 4201 rrel
374 4153 415 4202 bis
434 4152 527 4203 similia
546 4155 574 4216 Β,
593 4154 687 4203 ceteris
703 4155 802 4203 omisms
871 4154 901 4202 11
920 4153 946 4200 iu
964 4151 1155 4216 proditionibus
1174 4153 1197 4201 Α
1248 4152 1376 4202 descendo
1396 4152 1417 4200 A

122 4256 153 4304 12
170 4230 280 4317 ΐῖπεοΑ
368 4256 399 4305 13
417 4254 533 4304 similiter
551 4256 599 4305 sub
618 4255 748 4305 terramB
833 4255 866 4303 tt
882 4253 1071 4318 deprnemorB
1158 4255 1190 4303 lb
1207 4252 1376 4314 aqueductum
1396 4255 1418 4299 Α

120 4324 278 4384 aqueductus
296 4325 319 4371 Α
355 4337 433 4388 super
450 4323 516 4371 enim
539 4323 694 4388 ltsuperB
751 4323 783 4372 1⁶
800 4321 1009 4383 quiedieiturB
1044 4336 1122 4387 super
1139 4321 1243 4386 populis
1262 4329 1290 4369 ut
1307 4320 1329 4368 si
1346 4319 1419 4370 dices

121 4391 153 4438 ds
189 4390 267 4455 epulo
285 4401 310 4439 et
331 4390 363 4440 de
387 4390 491 4455 populis
513 4391 580 4440 idest
600 4406 679 4455 super
701 4389 813 4439 exercitu
837 4400 862 4439 et
884 4404 963 4455 super
984 4389 1137 4439 exercitibus
1160 4389 1200 4438 uel
1222 4388 1263 4438 bis
1286 4387 1419 4437 similisB

123 4459 154 4508 10
170 4405 265 4523 baptor
285 4468 368 4508 autem
392 4474 468 4521 quam
492 4459 544 4508 uim
568 4459 659 4508 babet?
687 4459 792 4507 enodem
815 4471 891 4520 quum
915 4472 992 4519 quam
1011 4467 1037 4506 et
1054 4457 1112 4506 sub.
1140 4456 1252 4505 eutariuo
1270 4456 1341 4505 cnsui
1359 4466 1420 4504 tunc

120 4525 184 4575 baec
201 4528 405 4592 praepositiones
424 4527 540 4576 seruiunt
556 4527 659 4589 quaudo
678 4526 740 4576 nibil
758 4540 816 4575 cum
834 4525 872 4573 ire
890 4535 916 4573 st
932 4525 1029 4574 inuidis
1046 4525 1139 4574 dieitur
1152 4537 1176 4574 et
1189 4524 1250 4573 nibil
1263 4539 1321 4573 cum
1333 4523 1420 4573 labore

122 4592 149 4642 tlt
166 4593 206 4643 uel
225 4608 275 4642 non
294 4597 327 4643 ed
344 4593 439 4642 malum
458 4597 566 4646 curritur
583 4594 654 4657 quod
672 4595 707 4643 its
724 4593 836 4657 intellegi
853 4602 947 4658 potest.
965 4592 1073 4642 dicimos
1092 4594 1159 4641 enim
1177 4593 1203 4641 in
1220 4593 1299 4641 domo
1317 4604 1374 4640 sum
1392 4592 1418 4639 in

121 4661 212 4711 eclesia
235 4671 260 4711 et
280 4664 305 4711 in
329 4662 427 4711 eclesiis
451 4677 508 4711 snm
528 4663 575 4710 suls
593 4662 730 4727 discipline
748 4671 773 4711 et
789 4661 837 4711 sub
854 4660 998 4726 disciplinis
1022 4661 1082 4710 uiuo
1104 4660 1153 4709 sub
1175 4670 1304 4725 potestate
1324 4669 1349 4706 et
1370 4658 1418 4707 sub

121 4730 291 4795 potestatibus
313 4731 403 4795 degeo.
440 4729 577 4780 Sciendum
601 4741 641 4778 est
663 4742 745 4778 tamen
769 4728 914 4794 specialiter
935 4728 1005 4792 quod
1028 4729 1130 4791 quoties
1153 4727 1185 4777 sd
1209 4727 1301 4776 borram
1320 4735 1418 4790 purtem
1456 4733 1472 4770 s

121 4812 227 4860 gressus
246 4797 332 4850 etcss
379 4799 508 4848 eademA
577 4799 608 4846 21
628 4807 655 4845 ut
673 4807 732 4845 trine
750 4798 985 4863 praepositouesb
1056 4795 1178 4846 2311οΑ
1248 4796 1281 4850 26
1299 4794 1416 4847 domob

121 4866 155 4916 26
171 4865 282 4915 carten
350 4868 427 4916 certis
444 4868 467 4914 Α
536 4867 569 4916 28
586 4865 706 4914 domub
774 4866 808 4916 29
825 4873 892 4914 tectu
908 4866 932 4915 A
1000 4866 1033 4917 30
1049 4864 1173 4930 degeob
