3382 5476
177 338 241 404 232
572 338 808 391 comesurum
826 336 1070 391 emsmnnnsa

179 513 310 591 rantur
340 536 459 589 autem
497 529 642 588 uomina
680 544 769 606 quae
805 534 867 589 aut
903 526 1120 607 qualitatem
1153 526 1383 608 significant
1419 536 1484 591 aut

179 630 444 708 quantitatem,
473 632 493 690 i.
517 630 615 690 omnia
643 631 778 699 nomina,
808 648 883 709 quae
911 636 1140 708 comparantur,
1168 634 1220 689 aut
1247 628 1401 709 qualitatis
1428 637 1483 692 aut

128 766 132 772 ·
179 732 460 811 quantitatissunt,
489 731 542 792 sed
566 750 625 792 non
648 733 761 800 omnia,
790 749 866 811 quae
896 729 1073 808 qualitatem
1091 738 1142 791 aut
1164 732 1360 808 quantitatem
1385 728 1481 811 signi·

179 834 280 902 deaut,
298 841 519 911 comparantur.
550 832 623 894 llam
639 837 771 895 ‘caecus’
788 834 936 894 ‘mancus’
952 839 982 893 et
995 833 1182 912 ‘perlectus’,
1198 849 1266 893 curn
1280 834 1343 896 sint
1355 834 1481 895 nomina

179 935 327 1014 qualitatis
356 934 402 996 uel
432 934 611 1005 accidentia,
639 936 761 995 minime
784 940 1003 1014 comparantur.
1048 932 1236 995 ‘Perfectus'
1264 934 1344 994 enim
1367 931 1505 997 dicituro

147 1035 150 1039 ’
179 1036 245 1106 ille,
269 1038 318 1097 eui
340 1034 412 1097 nilril
435 1035 527 1097 deest
571 1036 602 1097 Si
625 1054 697 1114 ergo
719 1043 909 1117 comparetur
932 1044 962 1096 et
983 1035 1098 1097 dicatur
1126 1035 1299 1116 ‘perfectior
1321 1035 1481 1114 perlectis·

78 1139 294 1209 sumsimus,
324 1139 402 1217 perit
428 1138 511 1215 prior
539 1139 725 1216 significatio.
770 1138 839 1198 Per
872 1155 999 1198 omnes
1028 1137 1176 1215 gradus.
1227 1134 1349 1199 Duobus
1382 1136 1482 1200 modis

182 1241 302 1301 uomina
325 1240 356 1299 iu
379 1241 600 1318 comparatione
627 1238 781 1309 deliciunt,
810 1241 830 1298 i.
853 1247 904 1300 aut
925 1239 1101 1309 litteratura,
1126 1234 1249 1321 1115211
1273 1244 1306 1300 ut
1326 1238 1407 1317 piior
1428 1246 1482 1301 aut

181 1359 285 1410 sensu,
309 1348 341 1400 ut
363 1339 531 1404 mediocris.
580 1340 650 1401 ldeo
678 1348 778 1403 autem
807 1359 861 1422 per
888 1358 992 1401 ornnes
1019 1339 1128 1418 gradus
1156 1358 1216 1401 nen
1243 1345 1366 1410 exeunt,
1398 1340 1480 1419 quia,

182 1442 345 1521 sicutipse
369 1441 498 1502 Donatus
520 1442 551 1502 in
573 1442 766 1522 sequentibus
789 1444 875 1512 dicit,
905 1441 1049 1519 quaedam
1070 1449 1155 1512 sunt,
1184 1459 1261 1520 quae
1287 1448 1405 1503 tantum
1422 1440 1481 1503 -lra-
1495 1458 1519 1498 uo

183 1543 254 1604 bont
276 1545 452 1622 positurum,
484 1552 517 1603 ut
539 1543 711 1612 mediocris,
742 1544 797 1604 alia
822 1545 983 1622 positiuum
1007 1550 1037 1604 et
1058 1544 1308 1622 comparatiuum,
1332 1550 1366 1604 ιιι
1387 1560 1482 1605 senex

184 1647 293 1712 senior,
317 1644 425 1724 quibus
447 1644 530 1705 deest
552 1645 768 1723 superlatiuus,
792 1646 848 1706 alia
870 1647 1031 1725 positiuum
1055 1653 1085 1704 et
1106 1642 1335 1722 superlatiuum,
1358 1651 1393 1705 ut
1415 1645 1483 1725 pius

182 1747 347 1825 piissimus,
383 1745 491 1823 quibus
523 1747 606 1806 deest
640 1747 869 1826 coruparatiuus.
930 1744 1152 1823 Aliquando,
1192 1747 1217 1805 i,
1247 1763 1482 1825 nonnumquam.

185 1848 377 1908 l‘ositiuus
404 1845 541 1923 gradus
564 1856 703 1907 tantum
733 1849 945 1916 inuenitur,
968 1849 987 1907 i.
1011 1850 1075 1908 sine
1099 1847 1302 1927 comparatiuo
1324 1855 1354 1907 et
1375 1865 1482 1928 super·

184 1947 283 2009 latiuo.
331 1950 372 2008 Vt
405 1946 623 2008 urediocris.
667 1948 700 2008 lu
733 1950 788 2009 hoe
816 1951 950 2024 nomine,
986 1947 1064 2027 quod
1094 1956 1140 2008 est
1168 1946 1340 2017 mediocris,
1374 1965 1520 2011 sensusu

185 2038 375 2117 contradicit,
410 2067 447 2108 ne
476 2047 585 2110 haheat
612 2053 845 2129 comparatiuum
870 2060 899 2112 et
926 2048 1151 2131 superlatiuum.
1196 2049 1378 2111 ‘Mediocris'
1401 2052 1482 2113 euim

185 2151 293 2211 dicitur
323 2153 417 2211 iustus
447 2158 642 2230 temperatus,
678 2153 741 2211 siue
772 2153 851 2230 quod
880 2152 1011 2213 medium
1039 2149 1136 2213 locum
1166 2158 1280 2220 teneat,
1309 2151 1373 2211 siue
1402 2152 1483 2232 qued

95 2311 99 2319 ,
186 2252 333 2313 modicum
350 2254 368 2311 i.
386 2251 569 2313 moderatum
594 2253 703 2331 aliquid
726 2253 767 2315 illi
791 2233 925 2315 sufficiat.
957 2255 1035 2332 Ergo
1050 2253 1254 2314 ‘mediocrior'
1278 2269 1336 2313 non
1360 2250 1482 2328 dieitur,

84 2363 220 2427 surmont
241 2372 299 2413 non
323 2353 439 2414 desinat
460 2373 525 2415 esse
548 2355 717 2417 mediocris.
762 2356 972 2436 Aliquando
1007 2355 1199 2434 positiuus
1228 2360 1264 2413 et
1292 2371 1502 2453 compara-l

185 2457 300 2523 tirius.
330 2457 481 2517 inuenitur
509 2458 573 2517 siue
596 2457 793 2538 superlatiuo‚
822 2466 861 2518 ut
888 2457 999 2517 senex
1029 2457 1167 2525 senlor.
1213 2454 1309 2517 Senex
1333 2455 1445 2517 dieitur
1467 2476 1523 2518 aso

186 2557 380 2618 diminutione
404 2575 509 2618 seusus
531 2567 561 2617 et
582 2557 648 2636 plus
670 2561 815 2637 significat
838 2559 984 2638 positiuus
1006 2559 1092 2618 istius
1115 2557 1256 2635 nominis,
1289 2574 1378 2635 quam
1401 2576 1485 2618 com·

186 2660 353 2739 paratiuus,
376 2660 444 2738 quia
468 2658 591 2720 ‘senior’
614 2658 722 2720 dicitur
744 2662 795 2738 qui
817 2662 894 2720 intra
918 2666 1103 2720 senectutem
1125 2665 1178 2727 est,
1196 2660 1313 2719 ‘senex'
1335 2676 1411 2720 uero
1434 2661 1487 2738 qui

84 2783 170 2831 eum
186 2760 221 2820 ad
245 2759 377 2821 ultimam
401 2762 458 2820 iam
481 2762 618 2838 peruenit
646 2769 781 2822 aetatem.
828 2759 1035 2838 Aliquando
1064 2759 1257 2840 positiuus
1285 2767 1322 2822 et
1349 2779 1485 2841 super·

64 2848 67 2853 ’
186 2861 342 2931 latiuus,
372 2851 537 2930 inuenitur,
568 2868 605 2921 ut
632 2863 715 2940 pius
743 2863 950 2940 piissimus.
995 2861 1065 2922 Pius
1093 2860 1202 2922 dieitur
1230 2859 1403 2938 religiosus,
1435 2863 1488 2940 qui

187 2961 319 3022 diuinum
343 2959 455 3021 cultum
478 2960 615 3041 religiose
638 2961 837 3030 administrat,
862 2971 996 3023 econtra
1019 2979 1089 3022 uero
1113 2963 1222 3042 impius
1244 2962 1352 3023 dicitur
1381 2962 1486 3025 inreli·
1501 2985 1526 3025 as

186 3065 297 3141 giosus.
348 3061 412 3122 Non
446 3062 536 3123 habet
567 3072 665 3123 autem
700 3061 755 3121 hoc
788 3083 895 3125 nonren
930 3065 1166 3143 comparatiuum
1200 3080 1288 3124 causa
1323 3061 1437 3138 hiatus,
1467 3065 1488 3126 i.

187 3169 310 3243 propter
338 3164 458 3223 nimiam
487 3165 547 3223 oris
574 3165 769 3244 apertionem.
813 3165 849 3224 Et
871 3165 925 3226 alia
950 3167 1085 3236 nomina,
1116 3184 1190 3245 quae
1213 3167 1243 3225 in
1266 3166 1312 3226 ius
1334 3163 1487 3237 desinunt,

189 3283 247 3326 non
263 3265 375 3325 iaciunt
390 3267 624 3344 comparatiuum
647 3265 786 3343 gradum,
811 3275 843 3327 ut
866 3268 991 3327 eximius
1014 3286 1072 3328 uon
1096 3267 1166 3329 lacit
1188 3266 1338 3328 ‘eximior’
1362 3274 1489 3346 propter

187 3366 386 3446 supradictam
415 3385 541 3429 oausam.
592 3366 673 3428 Nam
704 3386 770 3446 pro
798 3368 960 3429 seeundo
990 3368 1119 3446 gradu,
1148 3370 1168 3428 i.
1192 3386 1247 3448 pro
1270 3369 1486 3446 comparatiuo.

87 3469 302 3547 aaa,mllagis
325 3468 542 3530 aduerbium
566 3470 750 3548 ponimus,
775 3489 843 3532 cum
866 3471 1005 3548 positiuo.
1050 3471 1093 3531 Vt
1116 3471 1233 3548 magis
1254 3469 1346 3549 pius.
1384 3464 1526 3537 Quen-so

188 3579 249 3632 tum
273 3570 395 3639 ualeret,
418 3573 442 3631 si
458 3569 625 3632 diceremus
648 3572 760 3650 ‘pilor’,
784 3579 897 3632 tantum
921 3570 1009 3640 ualet,
1033 3590 1099 3632 cum
1123 3571 1249 3632 dicimus
1271 3570 1378 3648 ‘magis
1393 3570 1486 3649 pius'.

189 3669 398 3750 Aliquando
429 3675 708 3750 companaticus
732 3681 766 3734 et
789 3674 1064 3753 superlatiuus,
1094 3692 1117 3734 s.
1142 3673 1296 3734 inuenitur
1317 3672 1383 3731 stne
1404 3672 1487 3750 posi·

87 3774 260 3843 auertiue.
305 3770 347 3830 Vt
369 3771 533 3832 ulterior
562 3771 720 3834 ultimus
744 3770 876 3855 ii153'l.
923 3773 1002 3834 llaec
1025 3773 1084 3834 duo
1107 3793 1166 3835 nou
1190 3771 1301 3834 habent
1322 3772 1485 3852 positiuum

189 3873 323 3952 gradum.
369 3873 442 3933 Nam
465 3872 557 3942 ultra,
581 3892 596 3932 a
620 3893 678 3954 quo
701 3877 757 3935 ista
780 3877 921 3944 ueniunt,
951 3883 982 3936 ut
1006 3875 1225 3936 Priscianus
1247 3874 1333 3943 dicit,
1358 3891 1418 3935 non
1442 3886 1488 3935 est

190 3995 315 4043 nornen,
343 3974 394 4035 sed
424 3973 598 4036 aduerbium
627 3974 684 4037 loci
714 3974 761 4049 uel
791 3978 978 4056 praepositio.
1030 3975 1240 4053 Aliquando
1277 3974 1526 4056 superlati-m

190 4097 256 4138 uus
284 4085 440 4145 tantum,
472 4098 494 4138 s.
520 4079 672 4138 inuenitur
700 4079 763 4138 siue
791 4079 919 4158 positiuo
942 4087 971 4137 et
994 4080 1206 4158 comparatiuo.
1234 4069 1291 4137 ‘Vt
1320 4078 1487 4138 nouissi-

195 4198 283 4240 mus.
328 4178 511 4241 Nouissimus
533 4179 670 4240 ordinem
693 4181 837 4257 significat
859 4180 879 4237 i.
904 4177 1050 4243 ultimum.
1090 4179 1239 4250 Quantum
1263 4198 1335 4255 ergo
1358 4162 1398 4238 ad
1417 4195 1485 4239 sen·

191 4299 254 4341 sum
277 4283 420 4360 pertinet,
445 4281 542 4342 deficit
563 4283 594 4341 in
617 4283 745 4361 positiuo
762 4287 790 4340 et
805 4281 1016 4358 comparatiuo,
1039 4284 1106 4358 quia
1130 4282 1239 4342 ‘nouus
1261 4281 1381 4341 nouior'
1405 4277 1487 4358 aliud

259 4605 276 4652 8
294 4599 371 4668 pi'or]
391 4602 425 4652 In
442 4617 533 4665 maru:
553 4603 601 4651 uisi
621 4602 688 4667 piior
705 4602 845 4651 diceremus
864 4602 989 4651 nbseuum
1008 4612 1077 4652 esset
1088 4613 1112 4651 ot
1124 4603 1200 4651 nimia
1214 4603 1265 4653 oris
1278 4601 1376 4666 opertio
1395 4600 1489 4651 luisset

193 4685 250 4719 cum
269 4684 363 4735 magno
383 4671 453 4719 lriatu
522 4671 554 4719 15
572 4680 600 4717 ut
617 4668 763 4733 mediocris}
783 4670 816 4719 In
833 4684 922 4734 uturp:
947 4687 1052 4721 ...rsus
1071 4685 1121 4719 non
1141 4671 1264 4737 permittit
1282 4680 1309 4718 ut
1328 4664 1488 4734 [com]pare-

193 4747 235 4786 tur
251 4739 388 4789 mediocris
410 4734 506 4803 [rrc]rbi
525 4738 607 4801 gratie
626 4752 735 4802 magnus
754 4748 793 4787 est
815 4756 892 4790 ....e
904 4738 981 4788 lromo
995 4740 1078 4789 maior
1094 4755 1172 4789 ....e
1189 4741 1237 4789 iste
1250 4737 1385 4788 mediocris
1455 4738 1489 4787 20

194 4805 369 4855 admiuutione
436 4808 470 4858 34
486 4802 645 4871 Priscianus]
668 4805 682 4854 I
698 4823 725 4871 p.
743 4808 789 4869 83,
807 4809 824 4856 8
