3382 5476
264 381 384 431 ccxxn
556 366 607 416 DE
625 363 776 416 IVLIANO
794 364 989 417 TOLETANO
1007 363 1248 418 GRAMMATICO

262 554 396 633 regulam
426 572 491 615 eum
520 552 753 633 praepositione:
782 552 909 613 ‘doctior
931 552 1114 613 Trasemirus
1142 570 1157 612 a
1181 551 1291 627 Petro’,
1320 551 1443 612 ostendo
1471 550 1551 621 illud,

263 641 343 721 quod
366 639 553 700 Trasemirus
580 639 650 708 scit,
679 656 693 696 a
718 637 806 698 Petro
835 637 982 699 didicisse.
1028 638 1086 697 lam
1110 638 1134 697 si
1156 637 1258 697 dixero
1281 637 1442 697 secuudum
1468 655 1553 713 regu-

262 726 321 787 lam
347 727 412 785 sine
439 723 673 803 praepositione:
707 723 834 782 ‘doctior
858 723 945 784 Petro
967 723 1176 790 Trasemirus’‚
1205 722 1329 782 ostendo
1351 721 1553 783 Trasemirum

263 810 329 889 plus
361 811 437 871 scire
472 808 509 868 de
535 807 633 868 Petro.
684 807 752 886 lpse
785 809 994 886 conparatiuus
1027 808 1137 884 gradus
1166 807 1273 883 quibus
1300 807 1417 867 casibus
1444 807 1554 867 seruit?

264 894 381 956 Tribus.
419 893 551 965 Quibus?
587 893 677 953 Sexto
698 894 824 970 septimo
839 899 868 952 et
883 893 1066 954 nominatino
1084 893 1253 971 interposita
1268 895 1392 970 ‘quam'.
1430 892 1580 962 uuaodos

262 981 355 1041 seruit
382 980 486 1040 sexto?
527 976 651 1047 Quando
680 975 782 1037 dixero
810 995 877 1037 eum
904 979 1137 1056 praepositione:
1167 978 1293 1038 ‘doctior
1318 976 1505 1039 Trasemirus
1534 995 1554 1036 o

264 1065 377 1126 Petro!
422 1064 545 1134 Quando
573 1062 717 1140 septimo?
761 1061 884 1134 Quando
912 1062 1015 1123 dixero
1042 1056 1204 1123 secundum
1228 1060 1359 1139 regulam
1382 1063 1446 1122 sine
1470 1079 1554 1140 prae·

264 1151 425 1230 positione:
449 1148 577 1210 ‘doctior
600 1147 786 1208 Trasemirus
807 1147 920 1209 Petro!

350 1321 392 1380 lla
415 1316 585 1396 exemplum
607 1318 778 1396 congregati
801 1317 912 1396 pupuli.

439 1403 504 1463 llic
527 1402 683 1482 populus
705 1402 890 1463 dominum
912 1402 1003 1463 dura
1026 1404 1178 1464 ceruice
1200 1404 1361 1481 negauit.

267 1490 355 1552 ltem:
379 1488 485 1549 ‘audi
507 1466 644 1567 popule
666 1494 789 1547 meus'
833 1489 881 1547 Da
902 1492 1071 1565 exemplum
1092 1490 1219 1548 arboris.

438 1572 602 1650 Populus
624 1574 660 1632 in
683 1570 810 1642 siluis,
833 1572 934 1633 abies
956 1574 991 1632 in
1015 1574 1205 1635 montibus
1228 1573 1325 1633 altis.

265 1661 352 1721 ltem:
383 1657 539 1719 ‘Subter
567 1656 740 1737 populum
769 1666 805 1719 et
833 1658 1077 1726 terebintum,
1106 1660 1188 1739 quia
1212 1657 1304 1717 bona
1328 1668 1406 1717 erat
1428 1655 1556 1717 umbra

266 1747 370 1805 eius!

351 1910 366 1995 ΙΙ
384 1913 404 1973 1.
421 1910 483 1973 2211
498 1909 512 1993 ΙΙ
527 1911 711 1973 Tantundem
734 1913 789 1989 ipsi
812 1931 862 1972 ser
887 1930 971 1973 casus
994 1911 1140 1974 habentur
1163 1914 1192 1972 in
1215 1913 1351 1972 nomine?
1392 1911 1444 1972 Est
1465 1914 1554 1990 septi·
1572 1922 1594 1960 ¹⁵

268 2006 383 2060 musei
407 2006 538 2058 octauus.
583 1996 705 2067 Quando
728 1998 784 2056 erit
806 1999 966 2075 septimus?
1003 1997 1125 2070 Quando
1148 1997 1293 2059 ablatiuus
1315 1996 1471 2075 singularis
1491 1999 1556 2056 sine

267 2084 484 2164 praepositione
507 2081 666 2161 prolertur,
690 2089 816 2158 utputa:
841 2082 983 2143 ‘doctiore
1000 2086 1141 2161 magistro
1158 2088 1249 2143 utur.’
1280 2081 1403 2153 Quando
1419 2083 1557 2141 octauus?

268 2169 392 2239 Quando
415 2186 470 2248 per
492 2168 690 2227 accusatiuum
714 2184 814 2228 casum
837 2166 957 2244 loquor,
980 2177 1117 2247 utputa:
1148 2168 1196 2228 ‘ad
1219 2166 1321 2228 cellam
1345 2166 1444 2227 uado'
1489 2166 1556 2227 ‘Ad’

307 2304 497 2312 .-...-.--..-

335 2385 562 2422 sturnt'rvmttns.
902 2409 903 2414 =

267 2444 421 2520 positione?
449 2442 533 2515 Puta,
556 2443 579 2498 si
601 2443 686 2500 dicam
713 2451 808 2500 eontra
832 2444 951 2516 regulam
975 2462 1035 2500 cum
1059 2445 1261 2518 praepositione
1284 2440 1409 2500 ‘doctior
1430 2442 1559 2515 Virgilius

268 2548 282 2586 a
305 2529 430 2598 Catnnc’‚
453 2529 584 2595 ostendo,
615 2536 645 2583 ut
672 2529 746 2602 quod
770 2527 899 2601 Virgilius
928 2533 996 2598 scit,
1026 2548 1039 2583 a
1062 2530 1163 2585 Catone
1192 2529 1244 2584 lrue
1272 2529 1423 2584 didicisset:
1453 2546 1512 2583 nam
1535 2530 1559 2583 si

267 2615 358 2671 dixero
386 2614 533 2669 seeundum
562 2613 682 2686 reguiam
711 2616 770 2669 sine
799 2615 1003 2687 praepositione
1031 2613 1156 2670 ‘doctior
1185 2614 1250 2693 Catu
1275 2612 1416 2685 Virgilio’,
1444 2614 1559 2668 ostendo

268 2702 396 2756 Catonem
420 2698 481 2771 plus
503 2700 574 2754 seire
596 2698 629 2754 de
653 2698 776 2771 Virgilio.
822 2698 870 2755 23.
899 2699 959 2773 lpse
982 2702 1184 2773 comparatiuus
1207 2699 1307 2770 gradus
1331 2699 1430 2773 quibus
1452 2692 1559 2758 casibus

267 2780 404 2840 deseruit?
441 2782 546 2839 Tribus.
585 2780 706 2849 Quibus?
735 2783 815 2838 Sexto
844 2785 960 2856 septimo
990 2793 1017 2840 et
1045 2785 1214 2839 nominatiuo
1242 2784 1402 2858 interposita
1433 2783 1586 2857 ‘qtram'.5

267 2867 427 2936 Quomodo?
457 2867 488 2922 Vt
511 2876 593 2941 puta,
617 2871 639 2923 si
662 2868 747 2924 dicam
771 2885 830 2923 cunt
855 2871 1070 2943 praepositione:
1095 2868 1212 2925 ‘doctior
1234 2869 1310 2923 Plato
1333 2868 1366 2923 ab
1389 2868 1560 2940 Aristotele,

268 2963 311 3009 est
333 2962 426 3009 sextus
449 2970 537 3008 casus.
576 2952 603 3007 Si
626 2952 686 3008 dieo
709 2953 769 3009 siue
792 2954 995 3026 praepositione
1011 2954 1145 3009 ‘doctiore
1161 2955 1291 3027 aragistro
1308 2952 1394 3023 utur'‚
1418 2963 1459 3009 est
1476 2954 1560 3028 septi·

269 3056 329 3094 mus
351 3054 439 3093 casus.
475 3033 582 3093 ‘Stoico
605 3036 711 3093 doctior
734 3038 879 3109 liederus,
903 3055 982 3111 quarn
998 3037 1144 3094 Antonius'
1163 3047 1227 3093 tunc
1242 3038 1363 3094 deseruit
1379 3040 1559 3108 nominatius,

268 3124 430 3197 interposita
453 3121 567 3197 ‘quanr’.
1229 3180 1233 3190 ,

285 3206 288 3211 ’
354 3208 371 3265 9
394 3206 526 3263 Iulianus
551 3224 580 3278 p.
605 3211 658 3263 du:
695 3208 729 3262 lla
758 3209 964 3279 auctoritatem,
993 3208 1038 3264 ubi
1067 3209 1174 3281 legatur
1201 3227 1250 3281 pro
1278 3208 1443 3264 hominibus.
1495 3207 1561 3264 ‘llic
1575 3219 1599 3257 10

270 3293 388 3368 populus
411 3293 549 3349 llominum
572 3292 638 3348 dura
660 3293 766 3348 ceruice
789 3292 920 3365 negauit'.
951 3295 985 3348 lla
1008 3312 1058 3368 pro
1081 3293 1234 3350 arboribus.
1266 3292 1398 3366 ‘Populus
1422 3294 1447 3348 in
1472 3293 1560 3365 siluis,

269 3378 344 3436 abies
366 3379 392 3433 in
417 3377 554 3434 montibus
578 3377 661 3432 altis’.

334 3462 373 3519 15
395 3463 528 3519 lulianus
547 3481 577 3535 p.
595 3465 645 3518 69:
668 3462 865 3520 Tantummodo
888 3463 955 3525 sex?
975 3463 1022 3519 Est
1044 3464 1176 3539 septimus
1199 3473 1226 3519 et
1249 3471 1372 3519 octauus.
1401 3461 1561 3530 Quomodo?

270 3547 382 3616 Quando
405 3548 541 3604 ablatiuus
563 3548 710 3620 singularis
733 3549 792 3603 sine
815 3550 1018 3623 praepositione
1041 3551 1195 3623 profertur,
1219 3558 1248 3604 ut
1272 3557 1336 3622 puta
1360 3547 1484 3603 ‘doctore
1507 3565 1562 3602 rna·

271 3637 359 3707 gistro
382 3632 476 3702 utor'‚
504 3642 546 3687 est
573 3634 706 3705 septimus
734 3650 829 3704 casus,
858 3635 966 3707 quando
990 3652 1038 3707 per
1060 3637 1243 3690 aecusatiuum
1267 3650 1358 3690 casum
1387 3631 1502 3706 loquor,
1531 3642 1560 3687 ut
1577 3645 1600 3683 ts

272 3728 335 3793 {tuta
359 3716 402 3773 ‘ad
426 3718 520 3773 cellam
543 3716 642 3780 uadu’:
679 3717 746 3773 ‘ad’
771 3721 939 3792 praepositio
963 3729 1020 3790 est,
1055 3719 1185 3776 ‘cellam'
1209 3719 1381 3774 accusatiuus
1403 3734 1482 3773 casus
1504 3726 1560 3772 est:

271 3805 379 3876 dempta
403 3805 606 3877 praepositione
629 3801 684 3858 ‘ad’
709 3821 789 3859 uerso
811 3807 967 3861 aecusatiuo
991 3807 1018 3860 in
1041 3805 1160 3860 datiuum
1185 3804 1248 3861 lacit
1271 3803 1365 3859 ‘cellae
1380 3802 1473 3868 uado’:
1497 3811 1562 3858 tunc

271 3897 314 3945 est
336 3897 449 3945 octauus
472 3906 561 3945 casus.
735 3899 737 3903 “

271 4121 382 4157 conrcrs
400 4120 558 4156 nsnssusre
576 4109 625 4156 207
644 4120 792 4157 vaurms.

340 4177 521 4225 iitrusemirus
542 4185 612 4240 petro
682 4175 804 4225 8dictior
892 4172 1316 4238 11doexemptomorbortsoo.
1388 4177 1418 4224 12
1437 4172 1561 4239 populus]

273 4242 384 4309 pupulos
403 4245 428 4292 in
447 4243 533 4292 lluuiis
552 4254 599 4292 ete.
616 4244 744 4307 l'erpilius
756 4245 802 4292 ecl.
821 4243 879 4292 VII
898 4245 930 4291 66
998 4244 1029 4292 17
1048 4241 1189 4306 praefertur
1258 4245 1289 4292 18
1306 4243 1338 4292 ad
1356 4242 1460 4291 coelium

273 4460 384 4498 tvmtrtt
403 4461 516 4497 coniers
534 4459 688 4495 nnnnnusrs
708 4448 756 4495 123
775 4459 921 4495 vanrnrts.

341 4514 492 4578 2uirgilius
511 4515 569 4563 iscit
644 4512 785 4563 4ratl10ne
804 4513 860 4579 plus
927 4513 954 4561 in
974 4528 1002 4561 se
1019 4514 1200 4578 conparatibus
1269 4515 1395 4576 bquibus
1414 4514 1562 4579 particulam

274 4593 347 4632 sexto
366 4579 487 4646 septimo]
507 4583 560 4632 Pro
579 4584 751 4645 ‘porticulum’
765 4585 834 4646 lepos
847 4584 995 4646 ‘particulo’
1007 4583 1084 4647 idque
1096 4589 1153 4646 post
1167 4584 1331 4647 ‘interposita
1342 4585 1426 4649 quaan'
1444 4585 1561 4634 colloces.

274 4653 289 4699 7
307 4652 406 4700 doctior
424 4651 547 4714 magistro
566 4662 593 4697 ut
612 4665 640 4698 or
658 4661 696 4698 est
713 4651 838 4713 septimus
848 4665 931 4702 casus.
954 4647 981 4698 Si
992 4649 1049 4698 dieo
1068 4651 1167 4698 :lectior
1185 4651 1301 4699 esidorus
1371 4654 1403 4700 10
1420 4649 1458 4699 Do
1476 4661 1564 4700 ancto-

274 4716 386 4783 ritorem]
406 4718 460 4768 Ful.
479 4717 545 4766 119?
598 4732 644 4781 pro
663 4717 779 4766 ltomines
849 4720 879 4767 11
899 4732 945 4782 pro
963 4718 1074 4767 arbores.
1110 4717 1214 4783 Populis
1302 4721 1332 4769 13
1350 4719 1405 4770 Fol.
1425 4717 1492 4768 120b
1510 4731 1564 4767 tan-

274 4786 377 4834 tundam
391 4802 437 4836 sex
489 4786 593 4845 octabus
647 4787 678 4834 lb
697 4797 792 4833 osorem
811 4787 935 4851 septimos
987 4801 1032 4850 per
1050 4788 1194 4835 aeetrsutibo
1248 4787 1279 4834 16
1297 4787 1329 4835 ad
1349 4789 1563 4851 praepositionem

274 4852 361 4902 cellam
416 4857 444 4905 17
463 4855 549 4905 demta
567 4853 758 4922 praepositione
775 4853 883 4903 aduersu
902 4856 1049 4904 accusation
1067 4853 1264 4904 cusoiodutibu
1300 4854 1361 4905 celle
1414 4856 1445 4907 18
1458 4856 1563 4906 octabus
