3382 5476
613 167 617 175 '
720 190 738 235 t

538 375 812 426 nta‘rnttnurmn
831 375 1041 429 sttrtuouvu.
1370 375 1433 440 283

227 562 306 623 luter
328 564 418 624 imum
442 573 471 623 et
494 563 627 623 infimum
650 563 706 622 ltoc
729 564 868 631 interest,
892 561 970 642 quod
987 564 1064 623 imus
1079 563 1159 633 loco,
1183 565 1300 625 intimus
1315 565 1430 626 ordino.

227 665 306 725 luter
334 682 435 725 curam
466 672 495 724 et
517 663 699 742 diligentiam
722 670 752 724 et
774 664 886 724 curiam
917 663 974 723 hoc
1001 665 1141 733 interest,
1170 666 1248 746 quod
1272 685 1341 726 cura
1365 686 1432 728 cru·

142 767 248 826 ciatum
272 765 376 835 habet,
401 764 551 844 diligentia
574 783 675 826 rerum
699 765 931 833 administratio,
956 766 1051 836 curia,
1076 784 1150 845 quae
1172 775 1266 828 curat.

226 867 305 928 luter
328 868 409 928 uires
432 875 460 928 et
483 868 611 928 uirtutes
633 867 690 927 ltoo
712 866 850 936 interest,
873 866 952 945 quod
968 866 1048 928 uires
1063 869 1198 948 corporis
1212 877 1291 939 sunt,
1309 870 1433 930 uirtutes

116 970 242 1029 aanimi.

226 1070 306 1131 luter
328 1072 454 1131 animam
478 1078 508 1130 et
530 1071 660 1130 animum
684 1077 713 1129 rt
733 1070 870 1148 spiritum
894 1076 924 1128 et
946 1078 1075 1131 montem
1098 1069 1155 1130 hoc
1183 1072 1321 1142 interest,
1353 1072 1431 1149 quod

141 1173 252 1241 anima,
277 1189 332 1249 qua
355 1173 498 1242 uiuimus,
522 1173 651 1240 animus,
676 1189 734 1249 quo
757 1171 901 1249 regimur,
925 1171 1063 1249 spiritus,
1087 1192 1146 1251 quo
1162 1173 1324 1250 spiramus;
1348 1192 1433 1234 meus

141 1273 265 1351 qualitas
289 1281 407 1334 estant
431 1273 505 1333 bona
529 1271 692 1343 animala,
717 1291 791 1351 quae
814 1272 849 1333 ad
873 1273 1081 1350 cogitationem
1105 1282 1201 1352 potest
1223 1277 1340 1334 reterri.

227 1374 307 1435 lutet·
322 1392 413 1454 graue
429 1383 457 1433 ot
472 1373 674 1454 ponderosum
690 1374 748 1434 hoc
762 1375 903 1452 interest,
927 1372 1005 1450 quod
1022 1392 1114 1451 graue
1130 1375 1292 1437 secundum
1310 1378 1434 1437 terentis

104 1493 129 1530 ιο
141 1475 326 1555 qualitatem,
351 1476 551 1556 ponderosum
574 1483 688 1538 natura.

226 1578 307 1638 luter
330 1577 455 1639 ultorem
479 1587 508 1638 et
530 1577 678 1638 uindicem
702 1577 759 1638 ltoc
780 1578 918 1645 interest,
942 1577 1019 1656 quod
1044 1578 1215 1642 ulciscimur
1237 1599 1291 1639 nos
1313 1589 1432 1659 accepta

141 1681 264 1749 iniuria,
289 1679 488 1749 uindicamus,
512 1699 549 1740 ne
572 1680 760 1760 accipiamus.

225 1781 307 1842 lnter
329 1781 463 1843 fallacem
487 1790 516 1842 et
538 1780 679 1862 pellacem
703 1781 759 1841 ltoo
781 1782 920 1850 interest,
951 1780 1029 1861 quod
1052 1779 1140 1841 fallax
1165 1783 1305 1854 infidelis,
1335 1782 1430 1862 pellax

142 1883 255 1952 ueritis,
280 1882 412 1962 dictura
435 1883 628 1963 pelliciendo,
652 1882 728 1945 idest
749 1901 893 1963 peruerse
914 1881 1070 1963 loquendo.

104 1999 127 2038 1⁵
227 1985 306 2045 luter
329 1985 483 2046 immolare
499 1993 529 2046 et
544 1995 673 2047 mactare
695 1986 751 2046 hoc
773 1986 911 2059 interest,
935 1984 1013 2063 quod
1037 1984 1183 2046 immolari
1206 1985 1312 2047 dicitur
1328 1987 1431 2057 ltostia,

140 2105 207 2147 cum
231 2085 306 2146 mola
331 2085 405 2147 salsa
428 2087 458 2147 in
481 2093 569 2164 caput
592 2086 704 2148 adiecta
727 2095 786 2162 est,
810 2093 969 2148 mactatum
986 2093 1083 2148 autem
1101 2087 1209 2149 lactum
1232 2090 1316 2168 quasi
1339 2090 1433 2168 magis

138 2189 259 2249 lactum.

225 2289 304 2350 luter
326 2289 451 2350 hostiam
476 2299 504 2351 et
526 2291 676 2352 uictimam
700 2291 757 2350 ltoc
772 2292 913 2357 interest,
937 2288 1016 2369 quod
1033 2290 1125 2351 ltoslia
1142 2290 1250 2351 dicitur
1266 2298 1346 2360 tuuc,
1363 2310 1430 2353 cum

140 2390 198 2451 dux
223 2393 251 2452 in
275 2391 390 2452 hostem
413 2393 619 2470 proficiscitur,
642 2393 777 2459 uictima,
801 2408 870 2451 cttm
892 2391 973 2451 uicit
1244 2472 1246 2481 A

102 2507 128 2546 20
224 2492 305 2553 luter
328 2495 505 2573 nequiquam
522 2501 552 2555 et
566 2510 751 2573 nequaquam
775 2490 830 2551 ltoc
853 2491 990 2564 interest,
1014 2492 1092 2572 quod
1110 2495 1288 2574 nequiquam
1312 2496 1431 2566 lrttstra,

142 2612 325 2673 nequaquam
349 2594 430 2656 nullo
453 2594 540 2655 modo
562 2594 717 2672 significat.

227 2696 306 2756 luter
329 2699 386 2756 iter
410 2705 439 2757 et
461 2698 550 2757 itiner
573 2697 629 2756 ltoc
651 2697 789 2763 interest,
814 2695 891 2775 quod
915 2698 981 2766 iter,
1004 2715 1063 2776 quo
1086 2697 1176 2772 imus,
1201 2698 1291 2758 itiner
1313 2716 1329 2758 a
1353 2699 1410 2759 uia.

226 2797 304 2858 luter
334 2797 442 2859 liberos
471 2806 501 2857 et
523 2798 598 2858 filios
620 2796 677 2857 ltoc
698 2797 838 2866 interest,
867 2796 945 2874 quod
973 2796 1025 2858 lilii
1054 2797 1218 2859 utaseulino
1246 2816 1356 2876 genere
1378 2819 1432 2878 po-

60 2926 65 2950 t
141 2907 266 2968 tutatur,
294 2898 384 2960 lilteri
412 2903 441 2959 in
471 2907 598 2976 utroque
626 2916 712 2969 sexu,
741 2906 772 2957 et
801 2898 878 2978 quod
913 2897 962 2959 lilii
997 2901 1027 2959 in
1061 2917 1218 2962 numerum
1250 2900 1431 2980 singularem

103 3013 128 3053 2⁵
142 3002 278 3061 reuocari
297 3009 438 3077 possunt,
461 3003 551 3062 liberi
571 3020 630 3062 uon
652 3007 790 3079 possunt:
818 3017 906 3061 nemo
929 3003 1008 3061 euim
1033 3000 1124 3072 dicat,
1155 3002 1205 3078 qui
1228 3002 1319 3063 habet
1340 2999 1431 3063 illium

141 3121 246 3163 unum:
277 3102 420 3163 ‘liberum
443 3102 568 3167 liabeo'.
613 3102 685 3163 ltem
714 3100 765 3162 lilii
794 3103 961 3190 promiscue
984 3104 1081 3162 omnis
1103 3102 1282 3165 conditionis
1304 3111 1363 3165 tam
1386 3106 1430 3164 iu-

140 3207 247 3281 genui,
282 3223 369 3283 quam
404 3205 485 3266 serui
507 3202 519 3285 ΙΙ
540 3200 656 3265 1114ὴ
675 3198 690 3285 ΙΙ
710 3202 937 3282 intelleguntur,
972 3202 1058 3265 lilteri
1092 3223 1150 3264 non
1184 3206 1338 3276 dicuntur,
1375 3206 1432 3266 nisi

140 3305 271 3383 ingenui.

210 3560 345 3608 limmum
399 3561 465 3608 luter
482 3560 560 3607 imnm
579 3585 612 3593 —-
631 3556 720 3605 ordine
739 3556 912 3617 Gotltofredut
928 3575 955 3621 p.
974 3562 1022 3608 100
1099 3559 1203 3608 3cttrio
1221 3559 1289 3621 quod
1309 3569 1398 3608 euertat

141 3626 208 3674 lutet·
225 3643 310 3675 euram
330 3636 355 3676 et
373 3627 530 3690 diligentiam
549 3624 597 3675 ltoo
615 3626 730 3682 interest,
753 3624 822 3686 quod
845 3640 931 3672 curam
950 3628 1088 3676 ciliciolum
1109 3625 1183 3675 habet
1200 3627 1243 3688 qui
1262 3637 1431 3683 commoueat,

140 3694 272 3758 diligentia
290 3710 373 3743 rerum
393 3694 578 3743 administratio
598 3692 772 3753 Gothosredtta
786 3708 813 3754 p.
826 3695 883 3742 100.
900 3695 947 3742 101
1014 3692 1097 3743 4ltoc
1116 3703 1155 3742 est
1222 3691 1327 3744 5a⁰¹mi
1362 3697 1431 3745 uires

140 3763 269 3810 —animi
290 3763 504 3825 Gothosrednep.
525 3763 586 3819 101,
610 3760 855 3824 (1110100201
939 3762 1089 3810 dammum
1108 3771 1132 3810 et
1149 3762 1259 3810 animam
1345 3765 1430 3825 'lqno

142 3830 252 3878 uitrinms
304 3832 433 3894 spiramnr
484 3829 569 3877 anima
590 3839 614 3876 et
637 3842 687 3890 qua
712 3828 873 3876 uiuimus-
897 3843 968 3878 mens
991 3829 1100 3891 qualitas
1123 3844 1189 3890 quae
1210 3829 1278 3879 bona
1299 3841 1344 3879 aut
1364 3831 1430 3879 mala

142 3907 225 3959 potest
243 3896 335 3944 reterre
353 3897 384 3945 ad
404 3897 584 3960 cogitationem
604 3896 776 3958 Gotltosredtta
791 3912 819 3959 p.
839 3899 888 3944 101
990 3899 1112 3963 tigranis
1132 3898 1271 3947 secundum
1289 3923 1323 3934 -·
1343 3908 1430 3947 natura

142 3963 313 4024 Gotltosredtta
329 3981 355 4027 p.
374 3968 422 4014 101
527 3965 556 4012 11
576 3963 643 4012 lnter
661 3962 765 4012 ultorem
783 3989 818 3999 -
837 3979 867 4011 ue
889 3965 1044 4029 accipiamur
1067 3965 1240 4027 Gotltosredtta
1260 3982 1286 4030 p.
1309 3967 1373 4028 101,
1396 3966 1432 4028 ef.

142 4031 217 4094 liciff.
235 4047 262 4095 p.
280 4034 332 4081 201
401 4035 463 4081 lla
484 4030 600 4095 poliendo
635 4030 712 4079 lallax
730 4030 839 4080 iulldelis
857 4031 958 4092 dicitnr,
976 4032 1062 4096 pellax
1079 4033 1104 4082 in
1124 4033 1208 4082 uerbis
1227 4033 1259 4081 ab
1277 4032 1431 4098 appellando
1477 4050 1483 4061 ·

141 4098 206 4146 itleat
224 4114 269 4162 per
287 4115 315 4148 se
333 4099 461 4161 loquendo
481 4099 653 4163 Gotltosredtts
668 4115 695 4162 p.
714 4101 763 4148 101
867 4101 899 4150 15
916 4099 940 4147 b·
959 4101 1083 4162 estquod
1106 4100 1237 4149 immolare
1255 4100 1348 4149 dicitur
1365 4101 1431 4150 ostia

140 4181 195 4213 cum
216 4166 290 4215 molis
309 4165 375 4215 facta
393 4168 418 4215 iu
438 4167 521 4232 captid
608 4169 639 4218 16
658 4176 793 4215 mactatum
812 4165 838 4215 lt·
856 4167 949 4215 laetum
1002 4167 1133 4216 immolare
1151 4167 1243 4216 dicitur
1261 4167 1344 4217 ltostitt
1361 4183 1431 4217 com·

141 4232 220 4282 moles
239 4233 304 4283 lalsa
322 4236 417 4299 inrupit
434 4235 532 4284 adiecta
549 4244 597 4297 est,
616 4243 751 4284 mactatum
771 4234 819 4284 ltoc
837 4234 929 4283 laetum
949 4235 1022 4296 quasi
1040 4236 1124 4299 magis
1142 4245 1243 4284 auctum
1258 4235 1432 4297 dottosredus

139 4303 296 4364 10101,οβ
317 4303 509 4366 lieiff.p.275
586 4305 618 4353 19
636 4303 812 4351 uictimarum
831 4303 910 4351 uincit
961 4301 1044 4351 ltostia
1062 4303 1209 4369 perhibetur
1226 4313 1285 4351 tune
1303 4318 1360 4351 cum
1378 4303 1430 4352 dux

141 4371 165 4415 iu
185 4368 259 4417 ltoste
277 4371 454 4433 proficiscitur,
473 4371 575 4419 uictima
593 4371 747 4419 conaturum
765 4370 832 4419 sicut
848 4367 956 4419 Ouidius
974 4370 1000 4418 in
1014 4370 1112 4420 Fastis:
1131 4370 1241 4419 Victima
1258 4385 1325 4432 quae
1341 4370 1431 4419 dextra

140 4437 230 4484 eccidit
253 4438 356 4486 uictrice
377 4447 496 4495 uocatur,
525 4437 642 4487 trostiltns
660 4452 674 4486 a
693 4438 796 4487 domitis
823 4436 908 4486 ltostia
931 4451 1022 4486 nomen
1047 4437 1123 4501 hapet
1145 4438 1317 4500 Gotdosredtts
1336 4454 1363 4501 ρ.
1382 4440 1431 4488 101

140 4506 173 4552 20
193 4505 340 4565 necuiqttam
390 4505 436 4553 ltoc
449 4517 488 4554 est
522 4507 889 4568 nequiquam-nequaquam
906 4519 981 4555 nemo
999 4505 1129 4570 significat
1147 4505 1320 4567 Gotltosredttt
1334 4508 1431 4570 0101,

140 4572 175 4632 cf.
197 4572 270 4635 ttetff.
287 4588 313 4634 p.
333 4575 384 4622 282
486 4574 519 4621 22
541 4575 588 4622 iter
605 4598 638 4608 -
655 4586 671 4620 n
689 4573 731 4621 nia
753 4572 845 4621 dicitnr
869 4572 1084 4637 601001000000.
1103 4576 1166 4636 101,
1184 4574 1219 4635 rs.
1237 4573 1315 4636 Reiff.
1333 4589 1360 4636 p.
1380 4576 1432 4622 2⁷5

175 4640 207 4686 24
226 4640 384 4687 innumerum
403 4639 528 4703 singulari
547 4641 659 4689 reuocari
679 4654 730 4688 uon
749 4651 865 4703 possunt.
887 4654 962 4689 nemo
980 4641 1046 4689 enim
1065 4640 1111 4689 lilii
1128 4640 1271 4689 masculino
1289 4655 1382 4705 genere
1398 4665 1431 4676 -

141 4706 255 4753 reuocari
278 4709 386 4770 possim.
424 4705 503 4757 Nemo
526 4707 592 4756 enim
615 4707 726 4755 dicit-
743 4707 803 4756 item
825 4707 895 4769 qnod
921 4706 966 4756 lilii
992 4710 1139 4773 promiscue
1167 4709 1249 4756 omnis
1275 4707 1431 4757 conditionis

140 4772 324 4835 intelliguntur.
359 4774 420 4823 Tam
439 4775 543 4839 ingenui
562 4789 637 4837 quam
656 4775 723 4823 serui
742 4773 813 4822 liberi
833 4789 882 4824 non
905 4775 1037 4837 dieantur,
1059 4777 1108 4825 nisi
1130 4777 1235 4838 ingenui
1260 4775 1432 4838 Gotdofredttt

139 4858 167 4904 p.
186 4843 244 4903 101,
262 4844 297 4904 rs.
316 4843 392 4907 Ret'ff.
408 4860 437 4908 p.
456 4844 513 4904 277,
533 4845 674 4908 quitatum
693 4842 875 4904 Gothosrednm
891 4845 944 4893 olio
959 4858 1068 4907 prorant
1085 4845 1208 4894 dicentem
1224 4844 1359 4908 produxit.
