3382 5476
593 286 597 297 ·
711 274 920 328 cessensis.
1404 273 1465 338 109

169 464 375 527 schematis
398 463 628 526 toreumatis
651 460 888 524 emblematis.
920 463 1094 525 Inuenimus
1116 465 1206 534 enim,
1229 465 1368 542 antiquos
1390 462 1464 524 dati·

168 585 239 629 uum
263 578 293 628 et
316 566 479 630 ablatiuum
502 564 648 644 pluralem
670 567 700 626 in
724 567 749 626 is
770 564 945 644 productam
969 565 1108 645 prolerre
1129 568 1162 626 in
1183 564 1229 626 lris
1244 568 1358 627 neutris
1373 566 1465 627 Grae·

168 671 248 730 cisa
271 671 375 741 linitis,
399 676 433 730 ut
454 686 560 748 poema
582 668 727 748 poematis
750 676 780 727 et
801 673 909 729 cetera.
953 666 1135 728 Laberius
1162 685 1236 728 uero
1265 667 1352 728 dixit:
1381 667 1465 748 ‘Py-

168 765 786 851 thagoreamllol.102⁸ldogmam
810 767 943 829 doctus
964 768 1049 837 est’,
1072 768 1151 848 quod
1174 767 1342 848 exemplum
1364 777 1465 830 osteu-

139 870 225 942 edit,
250 871 323 932 haec
346 874 465 932 nomina
490 872 578 932 etiam
601 873 717 951 primae
740 869 949 933 declinationis
968 871 1075 942 luisse,
1104 869 1156 931 sed
1179 878 1277 931 tamen
1301 869 1464 930 secundum

167 991 252 1035 usum
283 981 313 1032 et
344 975 490 1033 rationem
522 973 627 1033 tertiae
661 971 868 1032 declinationis
900 977 977 1032 sunt.
1020 969 1093 1031 lude
1125 972 1346 1033 Priscianus
1375 970 1465 1032 dicit:

166 1074 305 1137 Neutra
328 1093 417 1135 uero
439 1076 476 1134 in
499 1091 515 1133 a
538 1072 679 1135 Graeca
708 1081 792 1134 sunt
814 1080 850 1133 et
871 1073 1009 1133 tertiae
1036 1070 1323 1141 declinationis;
1351 1089 1463 1150 gene·

166 1177 235 1236 tiui
258 1176 352 1236 euim
376 1177 509 1237 Graeci
531 1193 597 1246 τος
619 1176 650 1235 in
673 1176 724 1235 tis
746 1180 977 1235 conuertunt
998 1173 1094 1252 apud
1116 1190 1198 1244 nos,
1223 1182 1262 1234 ut
1283 1174 1353 1235 boc
1375 1192 1465 1252 poe·

166 1296 220 1339 ma
243 1277 354 1339 liuius
375 1278 567 1358 poematis.
613 1276 698 1347 Quod
720 1293 776 1336 nos
798 1275 925 1337 dicimus
946 1275 1033 1336 huius
1059 1277 1204 1354 poematis
1226 1319 1335 1336 .....
1359 1274 1466 1335 Graeci

127 1397 153 1437 ro
166 1378 269 1440 dicunt
290 1377 359 1440 τῶν
380 1373 585 1459 ποιημάτων,
609 1395 664 1438 nos
685 1384 785 1439 autern
808 1376 937 1438 dicimus
958 1374 1064 1437 horum
1087 1384 1259 1455 poematum
1273 1376 1344 1437 τῶν
1357 1377 1387 1437 in
1404 1386 1466 1437 turn

166 1489 385 1544 conuertentes.

250 1581 329 1652 Quot
343 1599 452 1660 genera
469 1583 499 1642 iu
516 1599 532 1641 e
547 1583 746 1643 terminantur
760 1581 792 1641 in
807 1583 895 1642 tertia
911 1578 1129 1641 declinatione?
1158 1580 1231 1650 lluo,
1247 1578 1304 1642 hoc
1320 1586 1365 1640 est
1380 1578 1465 1640 lemi-

166 1687 269 1746 ninum
285 1693 314 1744 et
325 1690 480 1753 ueutrmn;
498 1684 641 1744 feminina
653 1683 774 1763 propria
789 1682 873 1753 haee,
886 1691 918 1743 ut
930 1681 1059 1762 Euterpe
1067 1681 1206 1761 Calliope.
1229 1682 1304 1743 ltem
1319 1682 1349 1741 tn
1365 1699 1381 1742 e
1398 1699 1465 1742 eor·

164 1794 279 1867 reptem
295 1788 393 1846 omnia
408 1786 528 1846 nomina
543 1784 645 1846 Latina
661 1784 826 1846 desinentia
841 1791 945 1845 neutra
956 1791 1036 1853 suut,
1046 1792 1079 1845 ut
1090 1783 1183 1845 sedile
1194 1782 1304 1845 monile
1319 1781 1465 1843 luminare

126 1903 152 1945 rs
165 1906 310 1968 praesepe
326 1905 408 1948 mare
422 1896 486 1948 rete
502 1886 596 1948 altare
610 1885 718 1966 reptile
733 1903 822 1947 omne
837 1883 973 1965 sculptile
984 1884 1129 1964 argentile
1141 1883 1278 1947 mirabile
1290 1883 1465 1946 rationabile

165 1989 322 2050 cochleare
338 1988 417 2049 ouile
433 1997 463 2049 et
478 2007 568 2049 unum
585 2006 694 2061 nomen
709 1996 847 2065 aptoton,
866 1988 922 2049 boc
937 1994 983 2048 est
997 1986 1149 2048 incasuale
1165 1994 1195 2046 et
1208 1984 1419 2048 indeclinabile
1434 1987 1481 2047 iu.

164 2090 309 2170 singulari
331 2108 465 2159 numero,
487 2089 545 2150 boc
559 2097 604 2151 est
618 2089 715 2160 mille,
736 2088 815 2169 quod
836 2107 945 2150 nomen
967 2107 1124 2150 commune
1140 2098 1186 2150 est
1202 2091 1291 2151 trium
1306 2105 1464 2167 generum.

164 2193 296 2254 Dicimus
318 2192 397 2253 enim
414 2190 494 2252 mille
510 2193 568 2252 uiri
584 2198 614 2251 et
628 2190 709 2251 mille
724 2191 851 2252 feminae
867 2198 897 2251 et
911 2189 992 2252 mille
1008 2189 1155 2251 animalia.
1192 2190 1271 2251 llaec
1290 2201 1389 2251 autem
1411 2209 1465 2251 no·

165 2296 245 2355 mina
259 2302 365 2354 neutra
377 2294 407 2353 in
420 2311 436 2353 e
448 2292 611 2353 desinentia
623 2292 663 2353 ita
675 2291 876 2354 declinantur:
892 2292 957 2354 lloc
967 2291 1121 2367 luminare,
1131 2292 1219 2353 huius
1231 2291 1384 2353 luminaris
1395 2291 1465 2352 huic

123 2413 152 2453 so
165 2394 302 2457 luminari
318 2393 374 2454 hoc
390 2393 536 2456 luminare
551 2413 568 2454 o
583 2393 729 2455 luminare
746 2394 784 2456 ab
805 2394 862 2456 boc
882 2393 1022 2456 luminari
1038 2405 1067 2455 et
1081 2392 1191 2474 plurali
1214 2394 1288 2454 haec
1308 2393 1464 2455 luminaria

164 2498 272 2559 horum
295 2496 486 2558 luminarium
509 2496 556 2557 his
577 2495 774 2558 luminaribus
796 2497 870 2558 baec
888 2495 1043 2557 luminaria
1059 2514 1077 2555 o
1092 2494 1249 2555 luminaria
1265 2493 1302 2555 ab
1317 2495 1364 2555 bis
1377 2495 1464 2556 lumi-

163 2597 296 2667 naribus,
311 2597 425 2659 ethaeo
438 2601 560 2659 uomina
577 2600 697 2677 triptota
714 2606 783 2659 sunt
796 2599 861 2659 siue
876 2600 907 2658 in
923 2596 1068 2676 singulari
1083 2614 1209 2657 nurnero
1223 2597 1287 2657 siue
1301 2598 1332 2656 iu
1349 2595 1464 2676 plurali,

163 2700 222 2761 boe
244 2702 342 2761 estin
366 2719 383 2760 e
405 2702 435 2760 in
458 2701 483 2760 is
505 2701 535 2759 in
559 2702 585 2759 i:
610 2703 639 2761 in
661 2700 804 2778 singulari
826 2717 963 2768 numero,
987 2707 1021 2760 ut
1043 2697 1189 2760 luminare
1210 2696 1357 2758 luminare
1379 2696 1464 2757 lurni·

164 2818 237 2861 nare
260 2802 442 2862 nominatiuo
458 2810 489 2860 et
510 2801 682 2861 accusatiuo
705 2809 734 2861 et
756 2802 903 2872 uocatiuo,
927 2809 956 2862 et
978 2799 1133 2861 luminaris
1154 2802 1303 2879 genetiuo,
1328 2807 1358 2861 et
1378 2798 1465 2860 lumi·

124 2905 231 2965 senari
259 2900 360 2964 datiuo
389 2909 419 2963 et
447 2901 586 2963 ablatiuo.
630 2902 704 2966 ltern
730 2900 838 2983 plurali
866 2920 992 2964 numero
1019 2904 1049 2963 in
1079 2920 1095 2962 a
1123 2903 1154 2962 iu
1182 2903 1243 2964 ium
1270 2904 1301 2963 111
1330 2900 1401 2975 bus,
1431 2906 1466 2962 ut

164 3003 322 3066 luminaria
345 3002 503 3065 luminaria
527 3004 684 3065 luminaria
707 3002 898 3065 luminarium
921 3002 1127 3065 luminaribus.

249 3105 282 3166 lu
305 3107 315 3165 i
339 3103 396 3166 dua
425 3107 545 3166 nomina
575 3115 680 3167 neutra
704 3105 815 3166 Graeca
843 3107 1054 3176 inueniuntur,
1083 3113 1116 3166 ut
1142 3106 1199 3167 boe
1221 3107 1334 3184 gummi
1357 3113 1386 3166 et
1407 3104 1464 3166 boc

163 3207 271 3288 sinapi,
295 3214 325 3267 et
346 3209 436 3267 trium
460 3225 604 3285 generum
628 3210 807 3277 communia,
830 3215 864 3268 ut
885 3208 933 3268 hic
957 3216 987 3269 et
1008 3207 1083 3269 baec
1106 3215 1135 3268 et
1156 3207 1213 3267 lroe
1235 3209 1322 3287 frugi,
1347 3207 1465 3268 ethaeo

163 3309 232 3370 trux
254 3307 302 3369 uel
324 3307 426 3386 fruges
448 3306 537 3369 huius
559 3310 654 3388 lrugis
675 3309 746 3370 lacit
768 3353 905 3370 .....
930 3308 1020 3387 ‘frugi
1042 3308 1143 3370 bomo’
1166 3312 1274 3389 posuit.
1319 3308 1393 3369 ltem
1416 3308 1465 3369 hic

85 3419 89 3425 “
125 3428 153 3469 eo
167 3418 197 3472 et
218 3410 292 3471 baec
315 3417 344 3470 et
366 3408 422 3470 hoc
445 3409 539 3478 nihili,
563 3410 612 3470 laic
634 3409 759 3472 ethaeo
783 3417 813 3471 et
834 3410 891 3472 hoc
914 3411 1051 3490 mancipi.
1090 3409 1162 3470 ltem
1186 3412 1263 3488 lrugi
1286 3410 1402 3471 datiuus
1419 3418 1465 3471 est

165 3531 181 3573 a
204 3513 387 3573 nominatiuo
410 3513 477 3572 lrur
500 3510 547 3572 uel
569 3512 685 3590 fruges,
716 3520 745 3573 et
767 3513 909 3591 municipi
931 3530 947 3572 a
970 3528 1126 3591 manceps,
1150 3519 1180 3571 et
1201 3510 1285 3573 nihili
1306 3513 1464 3591 genetiuus

165 3613 387 3675 anomiaatiuo
412 3610 549 3673 nibilum.

249 3714 292 3775 lle
314 3715 525 3797 terminatione
548 3733 575 3775 o.
613 3713 645 3774 ln
669 3733 686 3775 o
709 3723 782 3795 quot
803 3731 912 3794 genera
930 3715 1143 3777 inueniuntur?
1179 3715 1333 3787 Quattuor.
1371 3714 1403 3777 ld
1420 3724 1465 3778 est
1523 3789 1529 3797 ⁴

165 3814 325 3876 masculina
348 3815 490 3876 feminina
514 3822 620 3876 neutra
642 3818 822 3879 communia.
861 3815 1022 3879 llasculina
1039 3819 1174 3897 propria,
1198 3824 1231 3878 ut
1245 3817 1345 3899 Scipio
1359 3807 1489 3900 Apoltp'

127 3927 154 3969 ³⁶
167 3916 238 3978 uate
260 3916 376 3977 Cicero.
414 3908 487 3977 ltem
510 3915 687 3997 appellatiua
709 3917 882 3986 masculina,
906 3928 939 3980 ut
960 3918 1011 3979 hic
1033 3918 1080 3980 leo
1095 3918 1185 3980 draco
1208 3919 1297 3988 ordo:
1321 3920 1463 3981 feminina

165 4018 298 4097 propria,
320 4025 354 4077 ut
375 4018 449 4078 haec
470 4018 544 4079 luno
562 4017 635 4079 llitlo
650 4017 764 4080 Allecto
778 4020 888 4092 llanto,
911 4031 941 4082 et
963 4020 1037 4082 baec
1053 4024 1171 4083 nomina
1188 4022 1308 4101 propria
1321 4022 1462 4083 feminina

234 4205 407 4254 ltoriomatis
461 4205 614 4256 emblimaeis
683 4208 742 4256 2111
761 4204 801 4255 lais
858 4205 982 4257 saunis
1035 4206 1144 4272 polecina
1196 4203 1312 4272 liberius]
1332 4208 1365 4271 cs.
1379 4185 1493 4273 Prisc.⁴

165 4271 182 4322 1
196 4289 225 4338 p.
239 4275 299 4335 200,
312 4277 327 4322 9
379 4273 555 4339 plritagoream
624 4275 642 4322 4
660 4274 779 4340 exemplo
831 4275 847 4323 6
865 4272 1022 4341 Priscianus]
1043 4276 1083 4325 De
1095 4277 1193 4326 nomae
1205 4283 1253 4326 ete.
1265 4291 1292 4339 p.
1305 4278 1368 4338 ud,
1380 4278 1414 4327 18
1424 4276 1462 4332 K.

166 4341 320 4406 ⁷⁸⁶⁰“¹⁰⁰
338 4356 430 4405 ΨΜ
447 4357 496 4400 '⁰⁶
513 4343 539 4390 ³¹¹
559 4342 591 4391 ²³⁵
609 4342 1123 4474 “tit03ttti:t¹t⁰⁰‘'rlmtit.
1176 4340 1464 4474 telleriani}

167 4408 267 4459 Graeca
282 4409 368 4470 sermo
384 4411 523 4459 intercidit.
578 4411 610 4460 10

165 4473 216 4525 ueri
266 4476 298 4526 13
317 4474 391 4541 baec]
410 4477 486 4526 huius
539 4476 659 4541 euterplre
676 4475 777 4542 caliope
828 4478 877 4526 iter
894 4477 952 4525 ine
1004 4480 1036 4528 14
1054 4479 1143 4546 laica]
1162 4480 1223 4531 latet
1274 4478 1368 4532 munile
1431 4482 1464 4533 tu

165 4543 263 4594 scultile
315 4544 422 4594 euclisre
475 4546 631 4611 terpaton
682 4544 802 4594 incessite
855 4545 947 4594 l'lhoc
959 4544 1027 4594 mille
1080 4550 1111 4600 18
1130 4549 1251 4598 feminine
1304 4550 1336 4600 ts
1353 4546 1464 4599 lomina-

165 4612 346 4672 res‚eorr.ris
399 4614 432 4663 20
449 4612 582 4674 luminare,
595 4627 663 4664 corr.
673 4613 695 4662 ri
729 4613 875 4678 22tripto¹⁸
925 4614 960 4662 ts
971 4623 997 4662 et
1008 4613 1133 4666 luminare
1143 4617 1231 4668 detiuo
1266 4619 1300 4668 25
1312 4617 1362 4668 lter
1372 4615 1464 4682 plurali

165 4679 259 4730 2'ldua
293 4689 410 4730 neutrum
420 4696 496 4746 greca
530 4680 699 4731 28cemmuni
733 4676 1462 4753 29l'rugislscit]Exciditnoraeneiua,qui‘sragilmmo’

163 4749 394 4810 poeuluedr'ca‘tur.
429 4748 529 4799 3011111
540 4747 610 4798 nihili
645 4747 754 4812 mantipi
788 4743 1078 4816 datiuusest]datiuem
1112 4754 1306 4819 itimaucipisa
1351 4753 1462 4804 secieto
