3382 5476
198 266 259 330 102
711 264 778 316 ins
796 262 972 316 anonrun
997 241 999 245 ’

100 447 105 457 '
191 457 374 517 nominatiuo
397 454 513 522 dicitur.
536 453 621 514 iridis
643 453 714 515 lacit
735 453 885 531 genetiuo.
929 450 1001 512 lnde
1023 451 1289 531 grammaticus
1309 448 1397 513 dicit:
1420 451 1496 513 iris

155 610 157 614 ,
190 560 285 619 enim
310 563 346 618 et
366 555 481 617 iridis
503 553 650 634 duplici
672 556 851 632 genetiuo
874 552 1104 615 elleruntur.
1149 552 1181 614 ln
1204 571 1242 614 ur
1263 570 1358 615 unum
1380 570 1494 617 nomen

191 659 386 721 masculinum
408 657 560 719 inuenitur
582 656 612 717 in
636 656 764 717 secunda
788 654 999 724 declinatione,
1022 660 1055 716 ut
1076 654 1126 715 hic
1146 661 1237 724 satur,
1265 654 1352 715 cuins
1373 654 1494 717 lemini-

191 779 261 822 num
291 761 321 821 in
349 779 364 821 a
394 760 505 821 desinit
534 767 563 819 et
589 758 702 838 primae
731 764 775 818 est
801 755 1017 817 declinationis.
1066 758 1137 816 Alia
1164 773 1240 818 nero
1260 758 1362 816 amnia
1382 758 1494 837 ter-tiu

191 864 402 924 declinationis
424 867 506 931 sunt,
530 869 563 920 ut
583 859 632 920 hic
655 860 703 919 lur
725 859 799 919 luris
821 866 851 918 et
872 857 930 918 hoc
952 857 1077 938 sulphur
1098 856 1186 919 huius
1207 856 1370 938 sulphuris.
1407 856 1442 921 ln
1457 876 1520 925 uss

191 966 221 1025 in
245 963 374 1025 secunda
403 963 600 1025 declinatione
628 960 789 1022 masculina
819 960 961 1020 feminina
990 967 1095 1021 neutra
1124 960 1292 1021 communia
1320 960 1494 1039 promiscam

191 1067 384 1127 inueniuntur
408 1066 540 1126 nomina:
571 1060 749 1131 masculina,
778 1067 810 1122 ut
831 1061 880 1122 hic
908 1060 1014 1122 doctus
1042 1059 1129 1122 huius
1156 1060 1249 1127 doctis
1279 1061 1438 1133 remotas,
1459 1069 1503 1125 nt.

191 1167 266 1229 liaeo
295 1170 459 1247 Aegyptum
496 1172 616 1235 neutra,
651 1171 683 1224 ut
711 1164 767 1224 hoc
794 1163 931 1243 pelagus;
962 1162 1129 1224 communia
1158 1165 1248 1225 trium
1270 1180 1432 1243 generum,
1459 1171 1494 1229 nl

177 1269 241 1335 ,liic
269 1277 299 1329 ct
325 1267 399 1328 haec
428 1277 457 1328 et
485 1268 542 1328 hoc
564 1284 680 1347 specus.
726 1264 798 1325 inde
826 1264 1052 1326 Priscianus
1081 1263 1168 1327 dicit:
1206 1281 1286 1326 nam
1314 1282 1430 1346 pecus
1456 1274 1494 1327 ot

192 1388 329 1449 specus
350 1378 421 1430 tam
437 1358 641 1430 'masculini
665 1373 700 1428 et
721 1366 894 1428 leminini
916 1374 952 1426 et
974 1367 1099 1427 neutri
1120 1367 1272 1445 generis
1292 1368 1531 1433 lonsoldo-ro

194 1479 262 1532 tur.
308 1471 343 1531 Et
370 1469 519 1531 secundae
547 1478 577 1530 et
605 1471 710 1543 tertiae
738 1467 958 1537 declinationis,
987 1476 1021 1529 ut
1041 1468 1091 1529 hic
1112 1474 1142 1529 et
1164 1466 1237 1528 haec
1265 1486 1376 1548 penus,
1405 1468 1496 1532 huius

193 1574 272 1653 peni.
310 1573 408 1634 Penus
431 1581 527 1634 autem
552 1571 671 1653 qnando
685 1570 833 1633 secundae
849 1567 860 1651 ]
877 1567 897 1630 l.
913 1565 970 1630 99·
987 1566 999 1650 ΙΙ
1015 1568 1222 1643 declinationis
1244 1575 1303 1640 est.
1325 1570 1496 1633 communis

194 1675 322 1736 duorum
345 1693 489 1753 generum
511 1682 571 1744 est3
601 1673 720 1751 qnando
742 1690 851 1733 nomen
874 1672 971 1750 gentis
994 1678 1194 1732 est
1225 1689 1291 1731 nam
1315 1670 1435 1732 Poenus
1456 1669 1495 1732 de

115 1817 117 1821 ,
194 1777 354 1838 Phoenicia
377 1776 501 1845 dicitur;
524 1775 594 1836 hinc
616 1773 802 1852 Virgilius
825 1772 912 1834 dicit:

345 1876 424 1937 Non
448 1885 518 1937 tam
541 1876 632 1938 adeo
654 1883 843 1954 gestamus
865 1881 1024 1953 optunsa
1048 1882 1199 1953 pectora
1221 1874 1344 1936 Poeni.
1508 1908 1533 1950 ‚5

195 1981 231 2041 Et
244 1979 299 2039 lroc
314 1997 409 2058 penus
424 1978 513 2038 huius
528 1979 649 2057 penoris
662 1986 691 2037 ct
706 1978 762 2037 linc
778 1995 890 2056 penum
905 1975 993 2036 huius
1008 1977 1078 2056 peni
1093 1982 1123 2036 et
1137 1975 1195 2036 hoc
1205 1994 1285 2056 penu
1299 1976 1494 2053 trimpenm

195 2079 332 2141 similiter
347 2079 396 2139 hic
412 2089 441 2140 et
457 2080 531 2141 llaec
545 2097 652 2159 specus
667 2078 756 2140 huius
772 2080 867 2156 speci,
891 2086 921 2136 ct
936 2078 993 2138 hoc
1007 2094 1114 2154 specus
1129 2077 1218 2139 huius
1232 2078 1376 2156 spccor‘ns,
1392 2085 1424 2139 et
1437 2076 1497 2139 hoc

194 2201 316 2262 specum
340 2182 427 2242 liuius
448 2183 545 2260 speci,
576 2189 606 2241 et
628 2180 683 2241 hoc
712 2198 804 2258 specu
832 2179 921 2241 huius
948 2198 1048 2259 specu.
1093 2179 1173 2240 ilaec
1201 2178 1260 2240 duo
1290 2180 1410 2241 nomina
1432 2186 1497 2241 nes

195 2285 427 2362 significationes
449 2291 479 2343 et
501 2292 561 2344 tres
589 2281 802 2343 declinationes
831 2283 992 2342 continent.
1035 2280 1107 2340 ltem
1132 2280 1168 2341 de
1191 2280 1237 2342 his
1258 2279 1375 2343 dnobus
1397 2282 1497 2343 nomi·

197 2385 284 2447 nibus
311 2386 531 2446 Priscianus
558 2383 644 2445 dixit:
674 2401 780 2463 specus
803 2392 833 2444 et
855 2402 950 2463 penus
977 2391 1037 2443 tam
1066 2382 1221 2444 masculini
1248 2401 1336 2462 quam
1359 2382 1535 2457 feminini„

198 2497 228 2550 ot
250 2490 347 2549 neutri
369 2488 488 2566 generis
511 2506 577 2547 esse.
599 2496 737 2547 auctores
759 2469 906 2564 probant..
941 2484 1074 2544 Seruio
1102 2484 1200 2563 placet
1228 2485 1284 2545 lroc
1305 2502 1413 2564 specus
1435 2484 1497 2547 dict

196 2592 227 2650 in
251 2587 395 2669 singulari
418 2590 498 2650 etin
521 2588 629 2669 plurali
652 2589 682 2648 lii
706 2606 821 2667 specus,
866 2587 1057 2647 Horatius:

350 2688 426 2759 Quo
448 2710 501 2751 mc
523 2691 666 2752 Bacche
690 2691 791 2769 rapis
813 2691 869 2749 tui

349 2791 522 2853 Plenuml
545 2810 637 2872 qnae
660 2809 811 2852 nemora
836 2799 870 2850 et
892 2808 982 2870 quos
1003 2808 1091 2868 agor
1114 2792 1152 2850 in
1175 2792 1328 2869 specus?

198 2897 231 2955 Α.
247 2892 397 2954 Gellius
420 2894 563 2953 leminino
579 2911 688 2970 genere
705 2892 792 2952 dixit:
816 2891 897 2952 sole
919 2890 1041 2952 medio
1065 2901 1100 2952 ct
1121 2890 1226 2952 arido
1250 2898 1286 2952 et
1307 2891 1550 2973 flagrante-51,

198 3012 347 3073 specum
377 2992 557 3071 quandam
586 3003 746 3054 nanctus
773 3001 949 3053 remotam
981 2990 1224 3074 [inueniens]
1249 2992 1496 3067 latebrosam·

198 3113 282 3174 quc,
307 3102 467 3173 penetro
490 3103 527 3155 et
549 3095 709 3156 recondo
732 3113 793 3154 me.
839 3094 993 3154 Ennius:

352 3197 438 3257 Tum
460 3215 552 3259 caua
574 3196 640 3257 sub
663 3204 787 3257 monte
809 3195 883 3257 late
906 3214 1040 3274 specus
1063 3196 1163 3258 intus
1185 3196 1345 3276 patebat.

200 3299 395 3360 Pacuuius:

352 3399 520 3461 Aduenio
542 3402 579 3462 in
602 3399 865 3481 scrupulosam
887 3418 1046 3479 specum.

199 3572 434 3583 ——-——

267 3671 390 3721 llriridis
443 3674 598 3737 gramaticus
651 3673 714 3722 lriris
783 3671 908 3722 ntriridis
926 3669 1054 3737 dupplici]
1074 3670 1240 3722 Scribendurn
1256 3672 1334 3734 fort:
1353 3674 1376 3722 ir
1387 3675 1456 3724 enim
1474 3686 1499 3726 et

199 3742 244 3790 iris
263 3740 357 3805 duplici
378 3756 403 3803 g.
424 3756 456 3800 e,‚
476 3740 542 3790 idest
560 3742 604 3789 iris
624 3750 648 3790 et
666 3741 746 3789 iridis.
801 3741 827 3789 in
846 3738 888 3805 ur]
907 3741 941 3803 es.
960 3740 1088 3791 Priscian·
1108 3741 1141 3790 de
1159 3742 1257 3791 nonnae
1275 3748 1323 3790 ete.
1339 3757 1367 3806 p.
1385 3742 1447 3806 444,
1460 3744 1498 3793 23

199 3807 284 3886 dolie
302 3822 363 3856 uero
383 3808 469 3856 omilin
487 3810 575 3858 tertiae
593 3807 770 3857 declinationis
788 3825 835 3861 om.
859 3808 983 3873 ..supplent
999 3824 1035 3859 ear
1051 3809 1183 3858 Priscian
1199 3810 1242 3862 l.l.
1288 3808 1431 3874 osulphor
1481 3811 1498 3859 6

199 3891 293 3976 leniris
345 3928 485 3991 8egyptus
520 3926 685 3992 liecpelngns
732 3924 1150 3991 ttPriscinnus]cs.Ip.259,18:
1170 3925 1434 3992 etlricspeonsqnod
1445 3938 1497 3979 tam

199 3994 368 4044 masculinum
387 4009 464 4058 qnam
483 4005 599 4044 neutrum
612 3994 753 4049 inuenitur:
772 3995 832 4049 tora.
842 3998 888 4046 23:
906 3996 1029 4044 l'eminino
1038 4004 1122 4043 tamen
1132 3993 1181 4043 hoc
1191 4009 1283 4045 nomen
1294 4010 1499 4063 qnoquegenere

200 4064 337 4114 irruenitur.
369 4064 407 4113 De
425 4067 541 4128 ‘pecore'
559 4064 594 4126 cs.
608 4068 626 4116 l.
640 4066 655 4113 l.
668 4080 695 4127 p.
706 4065 794 4123 27⁰‚3
854 4066 883 4112 ll
903 4064 994 4128 penius
1048 4064 1079 4111 13
1092 4077 1213 4126 generum
1226 4064 1328 4125 quondo
1371 4064 1499 4129 penusde

200 4128 320 4196 plrinitia]
341 4130 460 4182 Laconas
472 4134 509 4182 ita
521 4135 642 4196 expleas:
661 4147 707 4195 per
720 4145 750 4180 oc
764 4146 813 4179 ιιοιι
827 4147 873 4197 per
891 4147 904 4178 c
922 4130 1084 4180 scribendum
1142 4132 1174 4180 14
1185 4128 1324 4196 Virgilius]
1344 4131 1411 4185 Aen.
1421 4131 1437 4182 1
1449 4135 1500 4182 567

200 4214 251 4249 iton
270 4199 362 4248 obtusa
379 4199 443 4249 adeo
461 4212 593 4266 gestamus
611 4210 714 4266 pectora
732 4200 810 4248 Poeni
863 4201 894 4249 15
913 4210 1024 4265 optonsn
1041 4207 1144 4262 pectoro
1163 4197 1241 4263 pheni
1294 4200 1325 4248 16
1342 4199 1466 4264 phenoris

201 4268 313 4332 plrenum
350 4267 426 4333 plreni
463 4269 625 4334 phcnulruius
644 4284 711 4333 penu
724 4268 815 4318 addidi
884 4269 913 4317 ll
933 4268 998 4330 speti
1052 4266 1290 4331 illsigniflentionis
1325 4267 1500 4317 Interdelris

201 4339 234 4385 20
252 4334 412 4400 Priscianus]
432 4337 467 4398 rs.
487 4337 506 4385 I
520 4354 547 4400 p.
567 4339 675 4399 259,18
691 4352 746 4401 sep.
784 4334 993 4401 Insequentibus
1011 4334 1176 4398 artigraphus
1194 4341 1312 4386 nontam
1329 4335 1409 4385 uerba
1426 4352 1500 4402 quarn

200 4405 340 4454 sententias
358 4405 490 4454 Prisciani
506 4406 645 4467 expressit.
714 4406 746 4453 et
766 4403 847 4468 pleoet
864 4403 904 4451 hic
922 4417 1014 4467 specus
1067 4404 1099 4452 22
1117 4401 1158 4450 liic
1176 4418 1269 4468 specus
1321 4402 1408 4453 hotius
1465 4405 1499 4454 23

200 4470 279 4519 bache
348 4473 383 4520 tui
402 4472 497 4519 amoris
516 4471 617 4535 plenam
642 4468 731 4536 inque]
756 4471 914 4534 Scriptorcnr
937 4471 1064 4520 menon
1088 4471 1200 4521 codicem
1223 4475 1361 4535 plamaton
1386 4471 1500 4522 maanes

200 4541 310 4589 tenuisse
328 4540 463 4588 uerisimde
481 4545 528 4588 est.
596 4540 630 4587 25
647 4536 786 4605 oggellius]
806 4539 840 4601 cf.
859 4538 897 4589 M.
912 4539 1016 4587 llertzii
1031 4539 1221 4590 adnotationem
1238 4541 1276 4590 ad
1290 4539 1375 4593 stite.
1393 4543 1409 4593 l.
1426 4542 1444 4593 l.
1462 4541 1499 4589 2³

235 4623 299 4671 gene
384 4607 417 4657 26
434 4606 568 4655 inueniens
585 4610 656 4656 naen
673 4609 775 4669 inclusi,
795 4610 855 4671 qnia
871 4607 988 4657 vocabuli
1004 4609 1132 4657 ‘nanetus’
1142 4611 1230 4673 glossa
1247 4613 1295 4658 ert.
1366 4608 1500 4657 latebram-

201 4690 250 4735 que
319 4676 351 4724 at
370 4671 480 4740 Eirnins]
501 4675 584 4725 Prisc.
603 4678 619 4726 l.
637 4679 654 4726 l.
671 4692 699 4740 p.
718 4677 816 4738 260‚3
901 4675 934 4726 ‘28
952 4689 1016 4724 cano
1069 4675 1134 4731 inter
1219 4677 1252 4727 29
1271 4674 1397 4725 Pnculrius
1465 4676 1500 4730 30

202 4743 365 4807 crupnlosnm
