3382 5476
83 430 90 443 .
197 395 238 464 66
711 394 778 454 aas
797 398 972 452 cunutus

196 615 228 667 ut
249 606 345 674 Nero;
370 605 527 686 aliquando
550 605 626 667 <luae
647 609 763 687 species
786 605 939 675 accidunt,
964 606 1021 667 boc
1044 613 1091 668 est
1112 624 1278 685 cognomen
1300 622 1493 687 praenomen,

195 714 228 769 ιιι
255 707 363 769 Sextus
391 707 524 770 Roscius.
573 707 738 787 Aliquando
766 716 828 769 tres
855 711 984 789 species,
1019 718 1050 770 ut
1077 706 1199 770 Publius
1227 706 1370 787 Virgilius
1394 709 1492 777 blato:

195 809 354 890 aliquando
382 818 521 888 quattuor
541 813 673 889 species,
704 818 738 872 ut
759 809 880 872 Publius
902 810 1058 874 Cornelius
1081 810 1182 889 Scipio
1201 810 1370 873 Africanus.
1415 808 1494 871 llaec

196 913 274 972 enim
302 919 441 992 quattuor
469 913 587 972 nomina
616 931 692 973 unus
719 912 808 973 bomo
838 912 941 973 babuit
967 912 1045 973 idest
1066 912 1178 992 Scipio.
1224 910 1308 973 Scias
1336 918 1436 973 tamen
1462 912 1493 973 ln

195 1012 251 1074 bac
284 1015 428 1074 uarietate
462 1015 651 1093 propriorum
685 1015 854 1083 nominum,
889 1013 983 1093 quod,
1019 1015 1044 1074 si
1071 1013 1136 1074 aliis
1164 1011 1326 1093 speciebus
1354 1011 1518 1083 omento

194 1114 273 1175 idest
294 1115 489 1194 praenomine
512 1115 631 1175 nomine
654 1116 824 1193 agnomine,
849 1134 1009 1195 numquam
1026 1116 1203 1193 cognomine
1219 1112 1348 1185 carebit,
1372 1121 1405 1175 ut
1426 1122 1495 1175 sunt

195 1218 315 1296 propria
338 1217 459 1277 nomina
482 1218 627 1277 montium
651 1226 680 1278 ιι
702 1218 856 1278 fluminum
881 1225 910 1277 et
932 1219 1083 1289 ciuitatum
1100 1225 1130 1278 ιι
1145 1215 1307 1278 multorum
1328 1216 1493 1286 hominu..

195 1336 272 1396 quae
300 1336 360 1378 uon
387 1313 502 1379 habent
528 1319 584 1380 uisi
611 1321 818 1397 cognominata
846 1317 1005 1387 uocabula,
1036 1329 1069 1379 ut
1093 1318 1185 1379 Roma
1208 1318 1358 1380 Caucasus
1379 1316 1495 1379 Tiberis

195 1418 288 1482 Dauid
305 1418 445 1481 Salomon
462 1428 492 1481 et
506 1429 620 1489 cetera;
645 1431 674 1481 ιι
689 1420 768 1481 aliud
790 1422 865 1483 scias
887 1400 996 1480 in'bac
1019 1422 1161 1481 uarietate
1183 1421 1375 1500 propriorum
1397 1420 1492 1481 nomi·

195 1540 282 1598 num,
312 1521 406 1602 quod,
436 1523 462 1582 si
489 1540 566 1584 unus
595 1520 683 1584 bomo
707 1521 774 1600 plus
796 1540 885 1600 quam
908 1529 1047 1599 quattuor
1069 1520 1213 1583 uocabula
1235 1520 1390 1593 babuerit,
1418 1532 1528 1603 quactt

194 1623 337 1694 diximus,
371 1642 554 1703 praenomen
588 1643 696 1685 nomen
731 1643 896 1703 cognomen
930 1641 1091 1702 agnomen,
1127 1629 1160 1683 ιιι
1190 1622 1313 1684 Publius
1340 1622 1494 1684 Cornelius

194 1724 295 1805 Scipio
322 1726 478 1786 Africanus
507 1725 704 1786 Numantinus
733 1725 914 1787 Aemilianus
943 1725 1026 1802 (bace
1055 1727 1135 1786 enim
1164 1744 1217 1786 sex
1244 1725 1364 1786 nomina
1393 1723 1493 1804 Scipio

194 1826 276 1888 solus
308 1825 437 1906 babuit),
471 1827 523 1889 sed
553 1837 650 1889 tamen
681 1846 739 1888 uon
767 1825 980 1906 multiplicatur
1009 1845 1152 1889 utunrerus
1177 1829 1345 1906 specierum
1374 1832 1493 1905 praeter

194 1937 347 2008 quattuor,
378 1927 430 1989 sed
459 1929 608 2006 agnomini
631 1927 841 2009 adplicabitur,
870 1929 927 1988 boc
951 1938 996 1990 est
1018 1929 1054 1990 ab
1078 1939 1158 2000 actu,
1188 1936 1222 1990 nt
1243 1929 1443 1990 Numantinus
1464 1935 1494 1989 ιι

194 2029 374 2092 Aemilianus
397 2029 493 2090 dictus
516 2038 562 2091 est
583 2030 696 2110 Scipio,
721 2049 756 2090 ιο
779 2030 856 2109 quod
881 2030 1067 2092 Numantiam
1091 2039 1121 2092 et
1141 2030 1297 2091 Aemiliam
1325 2028 1529 2108 ιιιιιιιιιιιιιιιι

194 2133 275 2192 ιιιιιι.
321 2132 354 2191 ln
381 2131 428 2192 bis
455 2149 526 2210 ergo
549 2140 688 2212 quattuor
710 2131 883 2211 speciebus,
915 2149 987 2208 quas
1010 2133 1150 2202 diximus,
1179 2150 1361 2212 praenomen
1385 2148 1493 2193 nomen

197 2252 363 2312 cognomen
384 2251 546 2311 agnomen,
571 2233 814 2312 interrogandum
837 2243 894 2302 est,
918 2239 1017 2294 utruui
1033 2235 1106 2296 baec
1122 2237 1241 2295 nomina
1257 2234 1410 2314 primitiua
1425 2240 1495 2295 sunt

194 2342 247 2396 aut
261 2334 427 2396 diriuatina.
458 2335 528 2396 Sine
545 2335 634 2396 dubio
650 2336 808 2398 diriuatiua
824 2345 894 2397 sunt
909 2355 924 2395 a
941 2337 1041 2397 uerbis
1056 2355 1220 2416 praenosco
1236 2354 1328 2397 nosco
1346 2352 1494 2414 cognosco

194 2453 337 2514 agnosco,
366 2435 423 2497 boc
452 2445 498 2498 est
524 2437 562 2497 ab
584 2438 731 2499 infinitiuo
760 2436 860 2499 ιιιιιιιο
884 2446 1059 2514 praenotum
1083 2441 1127 2498 ire
1151 2447 1252 2499 notum
1274 2438 1319 2498 irc
1341 2439 1492 2517 cognitum

194 2540 239 2600 ire
262 2541 393 2617 agnitum
416 2543 474 2601 ire:
499 2541 613 2602 abiecta
636 2542 680 2602 ire
704 2548 733 2600 et
754 2549 866 2601 mutata
890 2548 951 2599 tum
968 2538 1077 2619 syllaba
1094 2542 1209 2600 iumen
1231 2540 1343 2600 iaciunt
1363 2546 1529 2618 praeno-²⁰

195 2660 262 2702 rnen
285 2658 391 2704 nomen
414 2661 579 2721 cognomen
603 2660 760 2720 agnomen.
797 2642 838 2702 [le
854 2641 900 2702 bis
924 2660 995 2719 ergo
1018 2650 1156 2721 quattuor
1178 2640 1336 2721 speciebus
1356 2642 1493 2721 proprio·

193 2761 261 2805 rum
285 2746 436 2805 nominum
460 2744 677 2804 Priscianus
707 2745 843 2822 exposuit
870 2743 985 2802 dicens:
1015 2742 1231 2803 irruenimus
1262 2759 1350 2820 crgo
1379 2740 1492 2802 mulla

194 2845 230 2904 in
260 2844 317 2905 bis
344 2852 521 2922 quattuor
545 2843 747 2926 speciebus
768 2847 1010 2923 propriorum
1034 2845 1221 2905 nominum
1244 2844 1406 2905 inuicem
1427 2861 1494 2924 pro

193 2964 232 3005 se
255 2948 377 3023 posita
401 2955 437 3005 ιι
458 2966 550 3025 quae
573 2949 610 3007 in
632 2944 718 3005 aliis
741 2946 916 3025 personis
939 2954 1023 3006 sunt
1045 2946 1305 3025 praenomina,
1337 2944 1429 3006 baec
1455 2945 1493 3005 in

194 3045 280 3107 aliis
308 3046 392 3107 loco
421 3049 607 3108 nominum
636 3049 892 3126 accipiuntur,
925 3055 962 3107 nt
985 3045 1152 3108 ‘Tullius
1181 3045 1404 3108 Seruilius’:
1433 3046 1530 3107 bicti

194 3146 381 3209 ‘Tullius'
405 3166 633 3228 praenomen
662 3156 732 3216 est:
764 3150 909 3227 quando
932 3158 1053 3210 autem
1078 3148 1220 3210 dicitnr
1242 3149 1385 3210 Marcus
1406 3146 1493 3210 'l'ul-

192 3248 281 3324 lius,
304 3250 452 3312 Marcus
474 3268 701 3330 praenomen
725 3258 793 3319 est,
819 3250 1074 3312 Tulliusuero
1097 3269 1226 3312 nomeu
1250 3258 1318 3319 est;
1335 3246 1350 3333 {l
1364 3250 1385 3311 i.
1401 3246 1460 3311 81·
1475 3244 1488 3332 ll

99 3355 104 3362 ’
194 3361 228 3412 ιι
255 3354 293 3411 in
320 3352 408 3413 aliis
441 3352 522 3413 loco
550 3354 810 3433 cognominum
841 3352 1001 3413 aliorum
1030 3354 1227 3430 agnomina
1255 3359 1352 3413 sunt.
1402 3349 1493 3413 Prae·

194 3471 302 3515 nomeu
326 3462 385 3523 est,
409 3453 488 3533 quod
512 3456 705 3534 praeponitur
720 3454 768 3517 nei
784 3455 966 3516 differentiae
989 3472 1091 3525 causa,
1117 3454 1164 3514 uel
1187 3454 1266 3531 quod
1289 3471 1325 3513 eo
1347 3461 1493 3533 tempore,

193 3572 252 3632 quo
275 3555 402 3617 Sabinos
424 3555 551 3618 Romani
578 3556 803 3637 adscripserunt
830 3558 957 3626 ciuitati,
987 3555 1023 3616 ad
1053 3555 1284 3617 confirmandam
1306 3554 1530 3616 coniunctio-³⁰

193 3673 262 3716 nem
290 3659 410 3718 nomina
439 3656 558 3720 illorum
588 3659 650 3719 suls
671 3658 839 3720 nominibus
860 3657 1084 3739 praeponebant
1107 3666 1137 3718 ιι
1157 3659 1288 3719 ιιιιιιιιιιι
1310 3654 1413 3717 Sabini
1434 3655 1493 3716 no-

194 3775 351 3819 manornut
380 3762 497 3820 nomina
526 3759 582 3821 sibi
606 3761 837 3840 praeponebant.
881 3760 925 3821 Ex
947 3760 997 3821 illo
1021 3769 1154 3840 tempore
1178 3757 1364 3820 consuetudo
1387 3758 1492 3827 tenuit,

195 3869 226 3920 ut
260 3878 348 3921 nemo
375 3860 527 3922 Romanus
561 3863 600 3922 sit
632 3860 744 3943 absque
779 3863 980 3941 praenomine.
1032 3862 1146 3923 Nomen
1182 3868 1226 3922 est
1253 3860 1377 3940 proprie
1403 3850 1493 3921 unius

193 3963 352 4042 cuiusque,
378 3971 409 4024 ut
428 3962 536 4025 Paulus
559 3972 588 4022 et
610 3972 723 4036 cetera,
748 3982 912 4042 cognomen
935 3972 1032 4023 autem
1055 3964 1241 4042 cognationis
1263 3979 1436 4031 commune,
1461 3966 1494 4021 ιιι

193 4062 292 4144 Scipio
315 4064 444 4126 familiae
467 4067 530 4127 eius
553 4083 717 4143 cognomen
741 4063 806 4124 init.
845 4064 894 4124 Sic
915 4073 945 4125 ιι
959 4064 1114 4126 Cornelius
1130 4075 1159 4126 et
1174 4063 1343 4126 Marcellus.
1380 4062 1528 4125 Omness

193 4167 332 4229 animab
356 4168 422 4243 illo,
446 4169 497 4245 qui
518 4169 633 4246 primus
656 4165 811 4228 Cornelius
833 4165 903 4235 luit,
927 4167 984 4227 boc
1006 4184 1115 4227 nomen
1138 4167 1316 4229 babuerunt.

194 4355 423 4364 -—-—-——-—-

264 4491 277 4539 1
296 4489 420 4539 accedunt
489 4489 592 4551 bquod
616 4485 648 4554 si]
671 4489 728 4538 Aa:
751 4487 821 4551 quod
843 4488 910 4539 etsi?
989 4493 1003 4540 7
1022 4491 1126 4541 ιιοιιιιιιι
1145 4485 1280 4555 montium]
1305 4488 1489 4541 cominantium

194 4556 275 4623 Sqni
325 4571 417 4606 caucas
488 4559 519 4606 12
537 4556 670 4606 emilianus
740 4559 772 4607 ta
789 4556 939 4622 multiplicat
956 4574 1088 4609 numerum
1158 4561 1189 4609 lb
1208 4559 1369 4608 unmansiam
1388 4572 1413 4609 et
1430 4558 1491 4609 emi·

196 4625 255 4675 liam
325 4624 357 4674 18
376 4639 393 4672 a
412 4625 495 4674 uerbis
513 4640 639 4689 prenosco
715 4627 903 4689 leprosorum
988 4629 1022 4677 20
1039 4627 1138 4676 adiecta
1156 4642 1183 4676 re
1201 4629 1237 4676 ire
1254 4637 1279 4676 et
1297 4640 1421 4676 mutatum
1438 4625 1491 4691 egl·

195 4690 253 4741 laba
315 4695 346 4744 21
366 4706 458 4742 nomeu
477 4707 523 4742 orn.
593 4694 626 4742 22
645 4688 800 4757 Priscianus]
819 4692 836 4742 1
853 4710 880 4757 p.
899 4696 969 4751 58,7
987 4696 1023 4746 H.
1093 4697 1127 4744 24
1144 4696 1298 4760 pronomina
1366 4697 1400 4745 28
1418 4708 1492 4760 prae·

193 4761 296 4810 nomine
313 4760 381 4824 qnod
433 4775 588 4826 praenomen
607 4757 657 4826 est]
676 4761 806 4814 Priscian.
826 4761 851 4825 Ι,
869 4779 895 4827 p.
914 4767 956 4825 57,
970 4766 1005 4812 13
1072 4765 1106 4813 29
1124 4762 1265 4812 differentia
1333 4764 1367 4813 30
1385 4765 1490 4812 saninos

192 4828 224 4877 31
243 4831 346 4878 suouiui
414 4832 447 4881 33
465 4827 563 4879 Nomen
582 4830 630 4889 est]
648 4829 683 4891 cs.
704 4830 831 4884 Priscian
849 4830 874 4896 I,
885 4847 913 4895 p.
925 4833 966 4894 ⁵8,
981 4833 1012 4880 11:
1030 4832 1161 4882 Prisciani
1178 4831 1257 4880 aerbo
1275 4832 1315 4881 tte
1332 4833 1384 4882 illic
1401 4833 1492 4881 leuiter

191 4901 287 4947 madata
303 4905 371 4949 sont.
