<?xml version="1.0" encoding="UTF-8"?>
<!DOCTYPE html PUBLIC "-//W3C//DTD XHTML 1.0 Transitional//EN"
    "http://www.w3.org/TR/xhtml1/DTD/xhtml1-transitional.dtd">
<html xmlns="http://www.w3.org/1999/xhtml" xml:lang="en" lang="en">
 <head>
  <title>
</title>
<meta http-equiv="Content-Type" content="text/html;charset=utf-8" />
  <meta name='ocr-system' content='tesseract 3.04.00' />
  <meta name='ocr-capabilities' content='ocr_page ocr_carea ocr_par ocr_line ocrx_word'/>
</head>
<body>
  <div class='ocr_page' id='page_1' title='image "./grammaticilatin06keilgoog_0166.png"; bbox 0 0 3382 5476; ppageno 0'>
   <div class='ocr_carea' id='block_1_1' title="bbox 328 1196 1315 1494">
    <p class='ocr_par' dir='ltr' id='par_1_1' title="bbox 328 1196 1315 1494">
     <span class='ocr_line' id='line_1_1' title="bbox 765 1196 877 1276; baseline 0.009 -1"><span class='ocrx_word' id='word_1_1' title='bbox 765 1196 877 1276; x_wconf 95' lang='grc' dir='ltr'><strong>ΙΙΙ.</strong></span> 
     </span>
     <span class='ocr_line' id='line_1_2' title="bbox 328 1408 1315 1494; baseline -0.001 -1"><span class='ocrx_word' id='word_1_2' title='bbox 328 1409 414 1493; x_wconf 82' lang='lat' dir='ltr'><em>DE</em></span> <span class='ocrx_word' id='word_1_3' title='bbox 452 1408 793 1492; x_wconf 81' lang='lat' dir='ltr'><strong>OHARISIO</strong></span> <span class='ocrx_word' id='word_1_4' title='bbox 830 1412 911 1494; x_wconf 82' lang='grc' dir='ltr'><em>ΕΤ</em></span> <span class='ocrx_word' id='word_1_5' title='bbox 947 1410 1315 1494; x_wconf 83' lang='lat' dir='ltr'><strong>FLAVIANO.</strong></span> 
     </span>
    </p>
   </div>
   <div class='ocr_carea' id='block_1_2' title="bbox 378 1818 1267 2021">
    <p class='ocr_par' dir='ltr' id='par_1_2' title="bbox 378 1818 1267 2021">
     <span class='ocr_line' id='line_1_3' title="bbox 755 1818 890 1883; baseline -0.007 0"><span class='ocrx_word' id='word_1_6' title='bbox 755 1819 839 1883; x_wconf 73' lang='lat' dir='ltr'><em>Gne.</em></span> <span class='ocrx_word' id='word_1_7' title='bbox 861 1818 890 1882; x_wconf 91' lang='lat'><em>1.</em></span> 
     </span>
     <span class='ocr_line' id='line_1_4' title="bbox 378 1953 1267 2021; baseline -0.002 -1"><span class='ocrx_word' id='word_1_8' title='bbox 378 1954 437 2020; x_wconf 79' lang='lat' dir='ltr'><em>DE</em></span> <span class='ocrx_word' id='word_1_9' title='bbox 461 1954 654 2020; x_wconf 76' lang='lat' dir='ltr'><strong>CHARISII</strong></span> <span class='ocrx_word' id='word_1_10' title='bbox 683 1953 926 2020; x_wconf 75' lang='lat' dir='ltr'><em>EXOEllP&#39;llS</em></span> <span class='ocrx_word' id='word_1_11' title='bbox 948 1954 1267 2021; x_wconf 76' lang='lat' dir='ltr'>BERNENSIBVS.</span> 
     </span>
    </p>
   </div>
   <div class='ocr_carea' id='block_1_3' title="bbox 162 2113 1472 4633">
    <p class='ocr_par' dir='ltr' id='par_1_3' title="bbox 162 2113 1472 4633">
     <span class='ocr_line' id='line_1_5' title="bbox 264 2113 1469 2190; baseline 0.001 -18"><span class='ocrx_word' id='word_1_12' title='bbox 264 2113 382 2174; x_wconf 84' lang='lat' dir='ltr'><em>Codicis</em></span> <span class='ocrx_word' id='word_1_13' title='bbox 405 2114 567 2174; x_wconf 84' lang='lat' dir='ltr'><em>Bernensis</em></span> <span class='ocrx_word' id='word_1_14' title='bbox 592 2120 646 2172; x_wconf 79' lang='lat'><em>123</em></span> <span class='ocrx_word' id='word_1_15' title='bbox 666 2121 829 2190; x_wconf 78' lang='lat' dir='ltr'><em>excerpto,</em></span> <span class='ocrx_word' id='word_1_16' title='bbox 859 2130 938 2189; x_wconf 82' lang='lat' dir='ltr'><em>qnae</em></span> <span class='ocrx_word' id='word_1_17' title='bbox 961 2114 1130 2174; x_wconf 78' lang='lat' dir='ltr'><em>Canninioni</em></span> <span class='ocrx_word' id='word_1_18' title='bbox 1156 2115 1274 2173; x_wconf 89' lang='lat' dir='ltr'><em>nornine</em></span> <span class='ocrx_word' id='word_1_19' title='bbox 1291 2116 1469 2189; x_wconf 86' lang='lat' dir='ltr'><em>praeposito</em></span> 
     </span>
     <span class='ocr_line' id='line_1_6' title="bbox 169 2198 1467 2292; baseline -0.002 -16"><span class='ocrx_word' id='word_1_20' title='bbox 169 2218 207 2276; x_wconf 89' lang='lat' dir='ltr'><em>in</em></span> <span class='ocrx_word' id='word_1_21' title='bbox 230 2217 332 2290; x_wconf 86' lang='lat' dir='ltr'><em>prirno</em></span> <span class='ocrx_word' id='word_1_22' title='bbox 354 2218 417 2275; x_wconf 88' lang='lat' dir='ltr'><em>eius</em></span> <span class='ocrx_word' id='word_1_23' title='bbox 438 2198 517 2275; x_wconf 26' lang='lat' dir='ltr'><em>libri*</em></span> <span class='ocrx_word' id='word_1_24' title='bbox 531 2224 598 2275; x_wconf 86' lang='lat' dir='ltr'><em>arte</em></span> <span class='ocrx_word' id='word_1_25' title='bbox 619 2217 771 2276; x_wconf 79' lang='lat' dir='ltr'><em>collaticia</em></span> <span class='ocrx_word' id='word_1_26' title='bbox 795 2223 972 2292; x_wconf 86' lang='lat' dir='ltr'><em>nersuntur,</em></span> <span class='ocrx_word' id='word_1_27' title='bbox 1001 2233 1060 2275; x_wconf 92' lang='lat' dir='ltr'><em>non</em></span> <span class='ocrx_word' id='word_1_28' title='bbox 1084 2217 1182 2290; x_wconf 85' lang='lat' dir='ltr'><em>parui</em></span> <span class='ocrx_word' id='word_1_29' title='bbox 1208 2231 1270 2274; x_wconf 88' lang='lat' dir='ltr'><em>esse</em></span> <span class='ocrx_word' id='word_1_30' title='bbox 1297 2217 1341 2273; x_wconf 90' lang='lat' dir='ltr'><em>od</em></span> <span class='ocrx_word' id='word_1_31' title='bbox 1361 2215 1467 2274; x_wconf 86' lang='lat' dir='ltr'><em>Clrari·</em></span> 
     </span>
     <span class='ocr_line' id='line_1_7' title="bbox 171 2317 1468 2394; baseline -0.001 -17"><span class='ocrx_word' id='word_1_32' title='bbox 171 2320 254 2377; x_wconf 88' lang='lat' dir='ltr'><em>sium</em></span> <span class='ocrx_word' id='word_1_33' title='bbox 278 2318 496 2377; x_wconf 87' lang='lat' dir='ltr'><em>emendandam</em></span> <span class='ocrx_word' id='word_1_34' title='bbox 519 2320 568 2377; x_wconf 88' lang='lat' dir='ltr'><em>net</em></span> <span class='ocrx_word' id='word_1_35' title='bbox 588 2319 787 2392; x_wconf 87' lang='lat' dir='ltr'><em>supplendum</em></span> <span class='ocrx_word' id='word_1_36' title='bbox 805 2320 914 2394; x_wconf 90' lang='lat' dir='ltr'><em>pretii,</em></span> <span class='ocrx_word' id='word_1_37' title='bbox 941 2318 1124 2393; x_wconf 87' lang='lat' dir='ltr'><em>praesertim</em></span> <span class='ocrx_word' id='word_1_38' title='bbox 1153 2318 1184 2375; x_wconf 90' lang='lat' dir='ltr'><em>in</em></span> <span class='ocrx_word' id='word_1_39' title='bbox 1212 2324 1300 2375; x_wconf 85' lang='lat' dir='ltr'><em>tonia</em></span> <span class='ocrx_word' id='word_1_40' title='bbox 1322 2317 1468 2376; x_wconf 85' lang='lat' dir='ltr'><em>lilrrornm</em></span> 
     </span>
     <span class='ocr_line' id='line_1_8' title="bbox 171 2418 1468 2496; baseline -0.002 -19"><span class='ocrx_word' id='word_1_41' title='bbox 171 2421 454 2496; x_wconf 78' lang='lat' dir='ltr'><em>manuscriptorum</em></span> <span class='ocrx_word' id='word_1_42' title='bbox 471 2421 615 2494; x_wconf 89' lang='lat' dir='ltr'><em>penaria,</em></span> <span class='ocrx_word' id='word_1_43' title='bbox 640 2428 721 2480; x_wconf 88' lang='lat' dir='ltr'><em>recte</em></span> <span class='ocrx_word' id='word_1_44' title='bbox 741 2423 943 2480; x_wconf 82' lang='lat' dir='ltr'><em>existimatum</em></span> <span class='ocrx_word' id='word_1_45' title='bbox 970 2426 1064 2478; x_wconf 88' lang='lat' dir='ltr'><em>estet</em></span> <span class='ocrx_word' id='word_1_46' title='bbox 1086 2437 1105 2476; x_wconf 91' lang='lat' dir='ltr'><em>o</em></span> <span class='ocrx_word' id='word_1_47' title='bbox 1128 2419 1218 2478; x_wconf 82' lang='lat' dir='ltr'><em>l‘ctro</em></span> <span class='ocrx_word' id='word_1_48' title='bbox 1240 2418 1366 2477; x_wconf 79' lang='lat' dir='ltr'><em>Daniele</em></span> <span class='ocrx_word' id='word_1_49' title='bbox 1388 2419 1468 2494; x_wconf 88' lang='lat' dir='ltr'><em>olirn,</em></span> 
     </span>
     <span class='ocr_line' id='line_1_9' title="bbox 170 2517 1468 2598; baseline -0.001 -19"><span class='ocrx_word' id='word_1_50' title='bbox 170 2522 230 2595; x_wconf 84' lang='lat' dir='ltr'><em>qui</em></span> <span class='ocrx_word' id='word_1_51' title='bbox 249 2537 314 2580; x_wconf 89' lang='lat' dir='ltr'><em>earn</em></span> <span class='ocrx_word' id='word_1_52' title='bbox 336 2522 446 2580; x_wconf 79' lang='lat' dir='ltr'><em>librom</em></span> <span class='ocrx_word' id='word_1_53' title='bbox 474 2530 618 2580; x_wconf 87' lang='lat' dir='ltr'><em>nccnrnte</em></span> <span class='ocrx_word' id='word_1_54' title='bbox 645 2539 711 2582; x_wconf 90' lang='lat' dir='ltr'><em>curn</em></span> <span class='ocrx_word' id='word_1_55' title='bbox 740 2525 910 2598; x_wconf 78' lang='lat' dir='ltr'><em>eeernplnri</em></span> <span class='ocrx_word' id='word_1_56' title='bbox 933 2539 988 2582; x_wconf 93' lang='lat' dir='ltr'><em>suo</em></span> <span class='ocrx_word' id='word_1_57' title='bbox 1016 2523 1096 2598; x_wconf 77' lang='lat' dir='ltr'><em>typis</em></span> <span class='ocrx_word' id='word_1_58' title='bbox 1123 2522 1274 2595; x_wconf 88' lang='lat' dir='ltr'><em>descripto</em></span> <span class='ocrx_word' id='word_1_59' title='bbox 1301 2517 1468 2598; x_wconf 82' lang='lat' dir='ltr'><em>contulit*)</em></span> 
     </span>
     <span class='ocr_line' id='line_1_10' title="bbox 172 2621 1467 2699; baseline 0.001 -19"><span class='ocrx_word' id='word_1_60' title='bbox 172 2631 205 2681; x_wconf 85' lang='lat' dir='ltr'><em>et</em></span> <span class='ocrx_word' id='word_1_61' title='bbox 226 2638 247 2679; x_wconf 88' lang='lat' dir='ltr'><em>n</em></span> <span class='ocrx_word' id='word_1_62' title='bbox 269 2621 404 2682; x_wconf 81' lang='lat' dir='ltr'><em>ilenrico</em></span> <span class='ocrx_word' id='word_1_63' title='bbox 427 2625 526 2683; x_wconf 89' lang='lat' dir='ltr'><em>lleilio</em></span> <span class='ocrx_word' id='word_1_64' title='bbox 548 2640 655 2699; x_wconf 77' lang='lat' dir='ltr'><em>reaper,</em></span> <span class='ocrx_word' id='word_1_65' title='bbox 680 2641 767 2699; x_wconf 75' lang='lat' dir='ltr'><em>aerem</em></span> <span class='ocrx_word' id='word_1_66' title='bbox 790 2627 950 2698; x_wconf 78' lang='lat' dir='ltr'><em>ditipenter</em></span> <span class='ocrx_word' id='word_1_67' title='bbox 972 2631 1075 2683; x_wconf 91' lang='lat' dir='ltr'><em>nostro</em></span> <span class='ocrx_word' id='word_1_68' title='bbox 1101 2624 1205 2682; x_wconf 84' lang='lat' dir='ltr'><em>codice</em></span> <span class='ocrx_word' id='word_1_69' title='bbox 1226 2638 1310 2681; x_wconf 82' lang='lat' dir='ltr'><em>ratim</em></span> <span class='ocrx_word' id='word_1_70' title='bbox 1332 2638 1396 2680; x_wconf 88' lang='lat' dir='ltr'><em>esse</em></span> <span class='ocrx_word' id='word_1_71' title='bbox 1415 2637 1467 2681; x_wconf 81' lang='lat' dir='ltr'><em>ee·</em></span> 
     </span>
     <span class='ocr_line' id='line_1_11' title="bbox 171 2723 1467 2800; baseline 0.001 -19"><span class='ocrx_word' id='word_1_72' title='bbox 171 2733 349 2798; x_wconf 80' lang='lat' dir='ltr'><em>eerptornnr</em></span> <span class='ocrx_word' id='word_1_73' title='bbox 384 2725 584 2785; x_wconf 83' lang='lat' dir='ltr'><em>Beruensiunr</em></span> <span class='ocrx_word' id='word_1_74' title='bbox 614 2724 857 2800; x_wconf 83' lang='lat' dir='ltr'><em>frequentissime</em></span> <span class='ocrx_word' id='word_1_75' title='bbox 889 2726 980 2798; x_wconf 82' lang='lat' dir='ltr'><em>sacto</em></span> <span class='ocrx_word' id='word_1_76' title='bbox 1017 2723 1259 2785; x_wconf 81' lang='lat' dir='ltr'><em>conmemoratio</em></span> <span class='ocrx_word' id='word_1_77' title='bbox 1295 2724 1377 2782; x_wconf 84' lang='lat' dir='ltr'><em>testis</em></span> <span class='ocrx_word' id='word_1_78' title='bbox 1413 2728 1467 2782; x_wconf 88' lang='lat' dir='ltr'><em>est.</em></span> 
     </span>
     <span class='ocr_line' id='line_1_12' title="bbox 175 2825 1469 2903; baseline -0.002 -19"><span class='ocrx_word' id='word_1_79' title='bbox 175 2825 256 2896; x_wconf 71' lang='lat' dir='ltr'><em>[aros</em></span> <span class='ocrx_word' id='word_1_80' title='bbox 277 2827 359 2886; x_wconf 87' lang='lat' dir='ltr'><em>locos</em></span> <span class='ocrx_word' id='word_1_81' title='bbox 387 2844 453 2886; x_wconf 88' lang='lat' dir='ltr'><em>curn</em></span> <span class='ocrx_word' id='word_1_82' title='bbox 482 2828 518 2887; x_wconf 83' lang='lat' dir='ltr'><em>olr</em></span> <span class='ocrx_word' id='word_1_83' title='bbox 547 2830 624 2885; x_wconf 89' lang='lat' dir='ltr'><em>olias</em></span> <span class='ocrx_word' id='word_1_84' title='bbox 646 2830 792 2901; x_wconf 76' lang='lat' dir='ltr'><em>quaedum</em></span> <span class='ocrx_word' id='word_1_85' title='bbox 815 2831 1003 2903; x_wconf 78' lang='lat' dir='ltr'><em>quaestiones</em></span> <span class='ocrx_word' id='word_1_86' title='bbox 1030 2828 1130 2886; x_wconf 86' lang='lat' dir='ltr'><em>deruro</em></span> <span class='ocrx_word' id='word_1_87' title='bbox 1151 2832 1390 2902; x_wconf 79' lang='lat' dir='ltr'><em>pertractarem,</em></span> <span class='ocrx_word' id='word_1_88' title='bbox 1420 2841 1469 2883; x_wconf 92' lang='lat' dir='ltr'><em>oc·</em></span> 
     </span>
     <span class='ocr_line' id='line_1_13' title="bbox 175 2930 1470 3008; baseline -0.002 -21"><span class='ocrx_word' id='word_1_89' title='bbox 175 2936 342 3008; x_wconf 79' lang='lat' dir='ltr'><em>currerunt</em></span> <span class='ocrx_word' id='word_1_90' title='bbox 363 2930 519 3003; x_wconf 86' lang='lat' dir='ltr'><em>nonnulla,</em></span> <span class='ocrx_word' id='word_1_91' title='bbox 542 2946 620 3002; x_wconf 79' lang='lat' dir='ltr'><em>oriae</em></span> <span class='ocrx_word' id='word_1_92' title='bbox 642 2931 702 2988; x_wconf 88' lang='lat' dir='ltr'><em>illis</em></span> <span class='ocrx_word' id='word_1_93' title='bbox 724 2947 800 3004; x_wconf 78' lang='lat' dir='ltr'><em>quere</em></span> <span class='ocrx_word' id='word_1_94' title='bbox 821 2932 939 2990; x_wconf 87' lang='lat' dir='ltr'><em>Keilius</em></span> <span class='ocrx_word' id='word_1_95' title='bbox 960 2931 1096 2990; x_wconf 88' lang='lat' dir='ltr'><em>enotauit</em></span> <span class='ocrx_word' id='word_1_96' title='bbox 1122 2930 1267 2987; x_wconf 88' lang='lat' dir='ltr'><em>addenda</em></span> <span class='ocrx_word' id='word_1_97' title='bbox 1293 2943 1356 2987; x_wconf 90' lang='lat' dir='ltr'><em>esse</em></span> <span class='ocrx_word' id='word_1_98' title='bbox 1382 2935 1470 2986; x_wconf 90' lang='lat' dir='ltr'><em>ratus</em></span> 
     </span>
     <span class='ocr_line' id='line_1_14' title="bbox 170 3029 1467 3108; baseline 0 -21"><span class='ocrx_word' id='word_1_99' title='bbox 170 3045 248 3087; x_wconf 86' lang='lat' dir='ltr'><em>sum.</em></span> <span class='ocrx_word' id='word_1_100' title='bbox 284 3029 383 3088; x_wconf 80' lang='lat' dir='ltr'><em>Erant</em></span> <span class='ocrx_word' id='word_1_101' title='bbox 397 3031 486 3102; x_wconf 87' lang='lat' dir='ltr'><em>enirn,</em></span> <span class='ocrx_word' id='word_1_102' title='bbox 503 3047 581 3105; x_wconf 79' lang='lat' dir='ltr'><em>arene</em></span> <span class='ocrx_word' id='word_1_103' title='bbox 600 3033 785 3104; x_wconf 75' lang='lat' dir='ltr'><em>corripenda</em></span> <span class='ocrx_word' id='word_1_104' title='bbox 805 3035 988 3106; x_wconf 75' lang='lat' dir='ltr'><em>reliquisset:</em></span> <span class='ocrx_word' id='word_1_105' title='bbox 1008 3034 1103 3108; x_wconf 91' lang='lat' dir='ltr'><em>pinra</em></span> <span class='ocrx_word' id='word_1_106' title='bbox 1120 3048 1192 3089; x_wconf 90' lang='lat' dir='ltr'><em>nero</em></span> <span class='ocrx_word' id='word_1_107' title='bbox 1209 3030 1356 3089; x_wconf 89' lang='lat' dir='ltr'><em>eiusmodi</em></span> <span class='ocrx_word' id='word_1_108' title='bbox 1368 3035 1467 3101; x_wconf 78' lang='lat' dir='ltr'><em>oront,</em></span> 
     </span>
     <span class='ocr_line' id='line_1_15' title="bbox 174 3131 1466 3207; baseline 0 -18"><span class='ocrx_word' id='word_1_109' title='bbox 174 3139 207 3189; x_wconf 91' lang='lat' dir='ltr'><em>nt</em></span> <span class='ocrx_word' id='word_1_110' title='bbox 229 3131 273 3188; x_wconf 91' lang='lat' dir='ltr'><em>ad</em></span> <span class='ocrx_word' id='word_1_111' title='bbox 293 3137 479 3205; x_wconf 86' lang='lat' dir='ltr'><em>apparatum</em></span> <span class='ocrx_word' id='word_1_112' title='bbox 501 3149 585 3205; x_wconf 82' lang='lat' dir='ltr'><em>quern</em></span> <span class='ocrx_word' id='word_1_113' title='bbox 609 3141 720 3192; x_wconf 88' lang='lat' dir='ltr'><em>uocant</em></span> <span class='ocrx_word' id='word_1_114' title='bbox 734 3136 874 3192; x_wconf 85' lang='lat' dir='ltr'><em>criticum</em></span> <span class='ocrx_word' id='word_1_115' title='bbox 890 3134 1033 3205; x_wconf 77' lang='lat' dir='ltr'><em>ominibus,</em></span> <span class='ocrx_word' id='word_1_116' title='bbox 1058 3140 1201 3207; x_wconf 82' lang='lat' dir='ltr'><em>qnantum</em></span> <span class='ocrx_word' id='word_1_117' title='bbox 1224 3133 1257 3191; x_wconf 91' lang='lat' dir='ltr'><em>id</em></span> <span class='ocrx_word' id='word_1_118' title='bbox 1268 3133 1341 3203; x_wconf 74' lang='lat' dir='ltr'><em>ficri</em></span> <span class='ocrx_word' id='word_1_119' title='bbox 1358 3136 1466 3207; x_wconf 90' lang='lat' dir='ltr'><em>potest,</em></span> 
     </span>
     <span class='ocr_line' id='line_1_16' title="bbox 172 3222 1469 3310; baseline -0.002 -18"><span class='ocrx_word' id='word_1_120' title='bbox 172 3229 309 3292; x_wconf 86' lang='lat' dir='ltr'><em>numeris</em></span> <span class='ocrx_word' id='word_1_121' title='bbox 330 3222 547 3292; x_wconf 66' lang='lat' dir='ltr'><em>&#39;absoluendarn</em></span> <span class='ocrx_word' id='word_1_122' title='bbox 577 3237 698 3293; x_wconf 86' lang='lat' dir='ltr'><em>omnino</em></span> <span class='ocrx_word' id='word_1_123' title='bbox 725 3252 800 3310; x_wconf 88' lang='lat' dir='ltr'><em>opus</em></span> <span class='ocrx_word' id='word_1_124' title='bbox 826 3243 931 3294; x_wconf 83' lang='lat' dir='ltr'><em>essent.</em></span> <span class='ocrx_word' id='word_1_125' title='bbox 982 3233 1059 3293; x_wconf 83' lang='lat' dir='ltr'><em>llam</em></span> <span class='ocrx_word' id='word_1_126' title='bbox 1088 3235 1204 3294; x_wconf 79' lang='lat' dir='ltr'><em>Keitiro</em></span> <span class='ocrx_word' id='word_1_127' title='bbox 1238 3234 1308 3293; x_wconf 87' lang='lat' dir='ltr'><em>dnm</em></span> <span class='ocrx_word' id='word_1_128' title='bbox 1337 3236 1368 3292; x_wconf 87' lang='lat' dir='ltr'><em>in</em></span> <span class='ocrx_word' id='word_1_129' title='bbox 1397 3234 1469 3307; x_wconf 90' lang='lat' dir='ltr'><em>ipsis</em></span> 
     </span>
     <span class='ocr_line' id='line_1_17' title="bbox 175 3333 1468 3411; baseline 0.001 -20"><span class='ocrx_word' id='word_1_130' title='bbox 175 3333 311 3392; x_wconf 75' lang='lat' dir='ltr'><em>Charisii</em></span> <span class='ocrx_word' id='word_1_131' title='bbox 331 3335 430 3394; x_wconf 77' lang='lat' dir='ltr'><em>uerbis</em></span> <span class='ocrx_word' id='word_1_132' title='bbox 451 3336 646 3394; x_wconf 80' lang='lat' dir='ltr'><em>emendandis</em></span> <span class='ocrx_word' id='word_1_133' title='bbox 668 3337 786 3407; x_wconf 75' lang='lat' dir='ltr'><em>defiens</em></span> <span class='ocrx_word' id='word_1_134' title='bbox 806 3338 918 3411; x_wconf 89' lang='lat' dir='ltr'><em>passim</em></span> <span class='ocrx_word' id='word_1_135' title='bbox 940 3353 1018 3410; x_wconf 81' lang='lat' dir='ltr'><em>oriae</em></span> <span class='ocrx_word' id='word_1_136' title='bbox 1039 3342 1205 3395; x_wconf 85' lang='lat' dir='ltr'><em>memoratu</em></span> <span class='ocrx_word' id='word_1_137' title='bbox 1221 3336 1315 3409; x_wconf 74' lang='lat' dir='ltr'><em>diario</em></span> <span class='ocrx_word' id='word_1_138' title='bbox 1338 3336 1468 3409; x_wconf 89' lang='lat' dir='ltr'><em>reperie-</em></span> 
     </span>
     <span class='ocr_line' id='line_1_18' title="bbox 171 3436 1466 3512; baseline -0.001 -17"><span class='ocrx_word' id='word_1_139' title='bbox 171 3436 226 3495; x_wconf 84' lang='lat' dir='ltr'><em>lrot</em></span> <span class='ocrx_word' id='word_1_140' title='bbox 248 3437 399 3510; x_wconf 74' lang='lat' dir='ltr'><em>excerpit,</em></span> <span class='ocrx_word' id='word_1_141' title='bbox 424 3453 483 3496; x_wconf 89' lang='lat' dir='ltr'><em>non</em></span> <span class='ocrx_word' id='word_1_142' title='bbox 505 3446 624 3512; x_wconf 88' lang='lat' dir='ltr'><em>operte,</em></span> <span class='ocrx_word' id='word_1_143' title='bbox 653 3454 732 3511; x_wconf 79' lang='lat' dir='ltr'><em>arrae</em></span> <span class='ocrx_word' id='word_1_144' title='bbox 753 3454 870 3512; x_wconf 77' lang='lat' dir='ltr'><em>quonia</em></span> <span class='ocrx_word' id='word_1_145' title='bbox 895 3440 961 3497; x_wconf 91' lang='lat' dir='ltr'><em>loco</em></span> <span class='ocrx_word' id='word_1_146' title='bbox 988 3454 1028 3497; x_wconf 79' lang='lat' dir='ltr'><em>ee</em></span> <span class='ocrx_word' id='word_1_147' title='bbox 1056 3437 1194 3496; x_wconf 78' lang='lat' dir='ltr'><em>Cleonisio</em></span> <span class='ocrx_word' id='word_1_148' title='bbox 1223 3437 1332 3496; x_wconf 79' lang='lat' dir='ltr'><em>hausta</em></span> <span class='ocrx_word' id='word_1_149' title='bbox 1360 3443 1466 3507; x_wconf 89' lang='lat' dir='ltr'><em>essent,</em></span> 
     </span>
     <span class='ocr_line' id='line_1_19' title="bbox 173 3538 1467 3615; baseline -0.003 -18"><span class='ocrx_word' id='word_1_150' title='bbox 173 3538 281 3610; x_wconf 79' lang='lat' dir='ltr'><em>ubique</em></span> <span class='ocrx_word' id='word_1_151' title='bbox 301 3539 494 3610; x_wconf 75' lang='lat' dir='ltr'><em>sioniticnuit.</em></span> <span class='ocrx_word' id='word_1_152' title='bbox 542 3538 606 3609; x_wconf 77' lang='lat' dir='ltr'><em>Ouo</em></span> <span class='ocrx_word' id='word_1_153' title='bbox 624 3542 668 3610; x_wconf 76' lang='lat' dir='ltr'><em>rit,</em></span> <span class='ocrx_word' id='word_1_154' title='bbox 693 3547 726 3597; x_wconf 89' lang='lat' dir='ltr'><em>nt</em></span> <span class='ocrx_word' id='word_1_155' title='bbox 747 3556 787 3597; x_wconf 82' lang='lat' dir='ltr'><em>ee</em></span> <span class='ocrx_word' id='word_1_156' title='bbox 802 3541 876 3615; x_wconf 91' lang='lat' dir='ltr'><em>ipsis</em></span> <span class='ocrx_word' id='word_1_157' title='bbox 896 3543 960 3598; x_wconf 87' lang='lat' dir='ltr'><em>cius</em></span> <span class='ocrx_word' id='word_1_158' title='bbox 974 3541 1128 3614; x_wconf 75' lang='lat' dir='ltr'><em>excerptis</em></span> <span class='ocrx_word' id='word_1_159' title='bbox 1150 3540 1237 3606; x_wconf 87' lang='lat' dir='ltr'><em>illud,</em></span> <span class='ocrx_word' id='word_1_160' title='bbox 1261 3539 1344 3614; x_wconf 82' lang='lat' dir='ltr'><em>qirod</em></span> <span class='ocrx_word' id='word_1_161' title='bbox 1358 3552 1467 3596; x_wconf 89' lang='lat' dir='ltr'><em>reuera</em></span> 
     </span>
     <span class='ocr_line' id='line_1_20' title="bbox 171 3639 1472 3716; baseline -0.001 -20"><span class='ocrx_word' id='word_1_162' title='bbox 171 3640 283 3707; x_wconf 86' lang='lat' dir='ltr'><em>euenit,</em></span> <span class='ocrx_word' id='word_1_163' title='bbox 305 3641 460 3699; x_wconf 89' lang='lat' dir='ltr'><em>nonsatis</em></span> <span class='ocrx_word' id='word_1_164' title='bbox 481 3642 642 3710; x_wconf 88' lang='lat' dir='ltr'><em>clarescat,</em></span> <span class='ocrx_word' id='word_1_165' title='bbox 667 3643 762 3700; x_wconf 88' lang='lat' dir='ltr'><em>rnnltn</em></span> <span class='ocrx_word' id='word_1_166' title='bbox 784 3643 846 3699; x_wconf 91' lang='lat' dir='ltr'><em>otio</em></span> <span class='ocrx_word' id='word_1_167' title='bbox 863 3658 993 3716; x_wconf 86' lang='lat' dir='ltr'><em>prorsus</em></span> <span class='ocrx_word' id='word_1_168' title='bbox 1015 3642 1121 3701; x_wconf 82' lang='lat' dir='ltr'><em>ordine</em></span> <span class='ocrx_word' id='word_1_169' title='bbox 1143 3643 1174 3700; x_wconf 92' lang='lat' dir='ltr'><em>in</em></span> <span class='ocrx_word' id='word_1_170' title='bbox 1195 3641 1300 3700; x_wconf 89' lang='lat' dir='ltr'><em>codice</em></span> <span class='ocrx_word' id='word_1_171' title='bbox 1318 3639 1472 3697; x_wconf 79' lang='lat' dir='ltr'><em>Beniensi</em></span> 
     </span>
     <span class='ocr_line' id='line_1_21' title="bbox 167 3737 1468 3817; baseline -0.002 -18"><span class='ocrx_word' id='word_1_172' title='bbox 167 3737 329 3817; x_wconf 80' lang='lat' dir='ltr'><em>proferri,</em></span> <span class='ocrx_word' id='word_1_173' title='bbox 357 3743 462 3815; x_wconf 84' lang='lat' dir='ltr'><em>aliqua</em></span> <span class='ocrx_word' id='word_1_174' title='bbox 496 3742 596 3800; x_wconf 81' lang='lat' dir='ltr'><em>deesse</em></span> <span class='ocrx_word' id='word_1_175' title='bbox 629 3743 795 3814; x_wconf 87' lang='lat' dir='ltr'><em>interdurn,</em></span> <span class='ocrx_word' id='word_1_176' title='bbox 831 3744 895 3801; x_wconf 89' lang='lat' dir='ltr'><em>alia</em></span> <span class='ocrx_word' id='word_1_177' title='bbox 923 3744 1124 3816; x_wconf 89' lang='lat' dir='ltr'><em>superaddito</em></span> <span class='ocrx_word' id='word_1_178' title='bbox 1157 3758 1229 3801; x_wconf 89' lang='lat' dir='ltr'><em>esse.</em></span> <span class='ocrx_word' id='word_1_179' title='bbox 1276 3740 1468 3815; x_wconf 73' lang='lat' dir='ltr'><em>Quapropter</em></span> 
     </span>
     <span class='ocr_line' id='line_1_22' title="bbox 172 3842 1466 3918; baseline -0.002 -16"><span class='ocrx_word' id='word_1_180' title='bbox 172 3843 277 3902; x_wconf 86' lang='lat' dir='ltr'><em>omnia</em></span> <span class='ocrx_word' id='word_1_181' title='bbox 297 3844 355 3900; x_wconf 85' lang='lat' dir='ltr'><em>ista</em></span> <span class='ocrx_word' id='word_1_182' title='bbox 376 3859 443 3902; x_wconf 86' lang='lat' dir='ltr'><em>curn</em></span> <span class='ocrx_word' id='word_1_183' title='bbox 461 3843 636 3917; x_wconf 81' lang='lat' dir='ltr'><em>puluisculo</em></span> <span class='ocrx_word' id='word_1_184' title='bbox 658 3845 739 3918; x_wconf 80' lang='lat' dir='ltr'><em>qnod</em></span> <span class='ocrx_word' id='word_1_185' title='bbox 760 3845 865 3904; x_wconf 88' lang='lat' dir='ltr'><em>dicunt</em></span> <span class='ocrx_word' id='word_1_186' title='bbox 886 3844 1098 3904; x_wconf 75' lang='lat' dir='ltr'><em>exhaurienda</em></span> <span class='ocrx_word' id='word_1_187' title='bbox 1120 3861 1183 3904; x_wconf 86' lang='lat' dir='ltr'><em>esse</em></span> <span class='ocrx_word' id='word_1_188' title='bbox 1204 3845 1290 3916; x_wconf 81' lang='lat' dir='ltr'><em>dari,</em></span> <span class='ocrx_word' id='word_1_189' title='bbox 1316 3850 1347 3902; x_wconf 89' lang='lat' dir='ltr'><em>at</em></span> <span class='ocrx_word' id='word_1_190' title='bbox 1368 3842 1466 3914; x_wconf 86' lang='lat' dir='ltr'><em>simul,</em></span> 
     </span>
     <span class='ocr_line' id='line_1_23' title="bbox 171 3945 1469 4020; baseline 0 -18"><span class='ocrx_word' id='word_1_191' title='bbox 171 3959 237 4019; x_wconf 79' lang='lat' dir='ltr'><em>qna</em></span> <span class='ocrx_word' id='word_1_192' title='bbox 258 3950 421 4019; x_wconf 76' lang='lat' dir='ltr'><em>excerptor</em></span> <span class='ocrx_word' id='word_1_193' title='bbox 443 3945 559 4018; x_wconf 84' lang='lat' dir='ltr'><em>ipsein</em></span> <span class='ocrx_word' id='word_1_194' title='bbox 581 3962 635 4005; x_wconf 88' lang='lat' dir='ltr'><em>sao</em></span> <span class='ocrx_word' id='word_1_195' title='bbox 657 3962 748 4020; x_wconf 89' lang='lat' dir='ltr'><em>opere</em></span> <span class='ocrx_word' id='word_1_196' title='bbox 768 3948 954 4017; x_wconf 69' lang='lat' dir='ltr'><em>conficiendo</em></span> <span class='ocrx_word' id='word_1_197' title='bbox 982 3949 1101 4006; x_wconf 89' lang='lat' dir='ltr'><em>ratione</em></span> <span class='ocrx_word' id='word_1_198' title='bbox 1122 3964 1192 4006; x_wconf 91' lang='lat' dir='ltr'><em>usus</em></span> <span class='ocrx_word' id='word_1_199' title='bbox 1213 3952 1303 4016; x_wconf 89' lang='lat' dir='ltr'><em>esset,</em></span> <span class='ocrx_word' id='word_1_200' title='bbox 1334 3945 1469 4003; x_wconf 89' lang='lat' dir='ltr'><em>dilucide</em></span> 
     </span>
     <span class='ocr_line' id='line_1_24' title="bbox 172 4045 1468 4123; baseline -0.001 -18"><span class='ocrx_word' id='word_1_201' title='bbox 172 4046 391 4106; x_wconf 82' lang='lat' dir='ltr'><em>ostenderetur.</em></span> <span class='ocrx_word' id='word_1_202' title='bbox 437 4045 539 4104; x_wconf 89' lang='lat' dir='ltr'><em>Multa</em></span> <span class='ocrx_word' id='word_1_203' title='bbox 560 4049 637 4105; x_wconf 90' lang='lat' dir='ltr'><em>enirn</em></span> <span class='ocrx_word' id='word_1_204' title='bbox 660 4047 789 4107; x_wconf 83' lang='lat' dir='ltr'><em>librario</em></span> <span class='ocrx_word' id='word_1_205' title='bbox 811 4050 887 4107; x_wconf 88' lang='lat' dir='ltr'><em>nitio</em></span> <span class='ocrx_word' id='word_1_206' title='bbox 909 4049 1079 4123; x_wconf 88' lang='lat' dir='ltr'><em>inputanda</em></span> <span class='ocrx_word' id='word_1_207' title='bbox 1100 4056 1184 4121; x_wconf 87' lang='lat' dir='ltr'><em>sant,</em></span> <span class='ocrx_word' id='word_1_208' title='bbox 1210 4065 1269 4107; x_wconf 91' lang='lat' dir='ltr'><em>non</em></span> <span class='ocrx_word' id='word_1_209' title='bbox 1289 4061 1392 4122; x_wconf 88' lang='lat' dir='ltr'><em>panca</em></span> <span class='ocrx_word' id='word_1_210' title='bbox 1414 4061 1468 4104; x_wconf 82' lang='lat' dir='ltr'><em>ex·</em></span> 
     </span>
     <span class='ocr_line' id='line_1_25' title="bbox 170 4148 1468 4225; baseline -0.002 -17"><span class='ocrx_word' id='word_1_211' title='bbox 170 4149 320 4222; x_wconf 68' lang='lat' dir='ltr'><em>captori,</em></span> <span class='ocrx_word' id='word_1_212' title='bbox 344 4149 491 4207; x_wconf 88' lang='lat' dir='ltr'><em>nonnulla</em></span> <span class='ocrx_word' id='word_1_213' title='bbox 514 4148 642 4222; x_wconf 81' lang='lat' dir='ltr'><em>deniqne</em></span> <span class='ocrx_word' id='word_1_214' title='bbox 664 4165 704 4207; x_wconf 79' lang='lat' dir='ltr'><em>ec</em></span> <span class='ocrx_word' id='word_1_215' title='bbox 725 4150 795 4223; x_wconf 90' lang='lat' dir='ltr'><em>ipsa</em></span> <span class='ocrx_word' id='word_1_216' title='bbox 816 4151 929 4209; x_wconf 89' lang='lat' dir='ltr'><em>codicis</em></span> <span class='ocrx_word' id='word_1_217' title='bbox 952 4150 1097 4223; x_wconf 78' lang='lat' dir='ltr'><em>Charisii,</em></span> <span class='ocrx_word' id='word_1_218' title='bbox 1122 4166 1208 4225; x_wconf 81' lang='lat' dir='ltr'><em>quern</em></span> <span class='ocrx_word' id='word_1_219' title='bbox 1230 4154 1393 4223; x_wconf 73' lang='lat' dir='ltr'><em>excerptor</em></span> <span class='ocrx_word' id='word_1_220' title='bbox 1415 4148 1468 4206; x_wconf 89' lang='lat' dir='ltr'><em>ad·</em></span> 
     </span>
     <span class='ocr_line' id='line_1_26' title="bbox 169 4249 1469 4327; baseline -0.002 -17"><span class='ocrx_word' id='word_1_221' title='bbox 169 4250 279 4321; x_wconf 76' lang='lat' dir='ltr'><em>tribuit,</em></span> <span class='ocrx_word' id='word_1_222' title='bbox 303 4250 450 4323; x_wconf 81' lang='lat' dir='ltr'><em>qualitate</em></span> <span class='ocrx_word' id='word_1_223' title='bbox 471 4249 651 4309; x_wconf 87' lang='lat' dir='ltr'><em>deducenda</em></span> <span class='ocrx_word' id='word_1_224' title='bbox 673 4258 770 4308; x_wconf 88' lang='lat' dir='ltr'><em>erant.</em></span> <span class='ocrx_word' id='word_1_225' title='bbox 818 4250 929 4311; x_wconf 81' lang='lat' dir='ltr'><em>Torncn</em></span> <span class='ocrx_word' id='word_1_226' title='bbox 954 4253 987 4311; x_wconf 89' lang='lat' dir='ltr'><em>id</em></span> <span class='ocrx_word' id='word_1_227' title='bbox 1007 4260 1110 4310; x_wconf 90' lang='lat' dir='ltr'><em>teneas</em></span> <span class='ocrx_word' id='word_1_228' title='bbox 1131 4253 1238 4327; x_wconf 87' lang='lat' dir='ltr'><em>uelim,</em></span> <span class='ocrx_word' id='word_1_229' title='bbox 1266 4267 1326 4309; x_wconf 90' lang='lat' dir='ltr'><em>non</em></span> <span class='ocrx_word' id='word_1_230' title='bbox 1350 4251 1469 4308; x_wconf 85' lang='lat' dir='ltr'><em>uniuer-</em></span> 
     </span>
     <span class='ocr_line' id='line_1_27' title="bbox 167 4351 1470 4428; baseline 0 -17"><span class='ocrx_word' id='word_1_231' title='bbox 167 4367 238 4411; x_wconf 87' lang='lat' dir='ltr'><em>sam</em></span> <span class='ocrx_word' id='word_1_232' title='bbox 259 4365 306 4409; x_wconf 85' lang='lat' dir='ltr'><em>me</em></span> <span class='ocrx_word' id='word_1_233' title='bbox 326 4351 440 4411; x_wconf 89' lang='lat' dir='ltr'><em>codicis</em></span> <span class='ocrx_word' id='word_1_234' title='bbox 464 4351 629 4411; x_wconf 84' lang='lat' dir='ltr'><em>Beruensis</em></span> <span class='ocrx_word' id='word_1_235' title='bbox 650 4353 834 4427; x_wconf 86' lang='lat' dir='ltr'><em>scripturam</em></span> <span class='ocrx_word' id='word_1_236' title='bbox 856 4354 955 4413; x_wconf 80' lang='lat' dir='ltr'><em>denica</em></span> <span class='ocrx_word' id='word_1_237' title='bbox 973 4355 1218 4428; x_wconf 88' lang='lat' dir='ltr'><em>propositurum,</em></span> <span class='ocrx_word' id='word_1_238' title='bbox 1242 4354 1297 4413; x_wconf 91' lang='lat' dir='ltr'><em>sed</em></span> <span class='ocrx_word' id='word_1_239' title='bbox 1317 4368 1354 4412; x_wconf 89' lang='lat' dir='ltr'><em>eo</em></span> <span class='ocrx_word' id='word_1_240' title='bbox 1376 4353 1470 4411; x_wconf 75' lang='lat' dir='ltr'><em>salton</em></span> 
     </span>
     <span class='ocr_line' id='line_1_28' title="bbox 169 4453 1471 4530; baseline -0.001 -16"><span class='ocrx_word' id='word_1_241' title='bbox 169 4453 284 4524; x_wconf 80' lang='lat' dir='ltr'><em>innodo,</em></span> <span class='ocrx_word' id='word_1_242' title='bbox 308 4468 386 4526; x_wconf 81' lang='lat' dir='ltr'><em>quoe</em></span> <span class='ocrx_word' id='word_1_243' title='bbox 407 4454 606 4528; x_wconf 86' lang='lat' dir='ltr'><em>supplementi</em></span> <span class='ocrx_word' id='word_1_244' title='bbox 624 4455 723 4512; x_wconf 91' lang='lat' dir='ltr'><em>instar</em></span> <span class='ocrx_word' id='word_1_245' title='bbox 744 4454 840 4514; x_wconf 84' lang='lat' dir='ltr'><em>Keilii</em></span> <span class='ocrx_word' id='word_1_246' title='bbox 859 4456 1103 4515; x_wconf 81' lang='lat' dir='ltr'><em>adnotationibus</em></span> <span class='ocrx_word' id='word_1_247' title='bbox 1124 4457 1286 4530; x_wconf 75' lang='lat' dir='ltr'><em>adpinoas.</em></span> <span class='ocrx_word' id='word_1_248' title='bbox 1332 4453 1471 4514; x_wconf 69' lang='lat' dir='ltr'><em>(landus</em></span> 
     </span>
     <span class='ocr_line' id='line_1_29' title="bbox 162 4552 1471 4633; baseline 0.001 -19"><span class='ocrx_word' id='word_1_249' title='bbox 162 4557 256 4631; x_wconf 74' lang='lat' dir='ltr'><em>aitur</em></span> <span class='ocrx_word' id='word_1_250' title='bbox 282 4552 414 4615; x_wconf 76' lang='lat' dir='ltr'><em>aaaron</em></span> <span class='ocrx_word' id='word_1_251' title='bbox 441 4557 594 4632; x_wconf 79' lang='lat' dir='ltr'><em>excerptis</em></span> <span class='ocrx_word' id='word_1_252' title='bbox 624 4556 798 4615; x_wconf 80' lang='lat' dir='ltr'><em>Geminiani</em></span> <span class='ocrx_word' id='word_1_253' title='bbox 823 4573 929 4617; x_wconf 89' lang='lat' dir='ltr'><em>nornen</em></span> <span class='ocrx_word' id='word_1_254' title='bbox 947 4560 1150 4633; x_wconf 85' lang='lat' dir='ltr'><em>praemissum</em></span> <span class='ocrx_word' id='word_1_255' title='bbox 1171 4566 1216 4618; x_wconf 89' lang='lat' dir='ltr'><em>est</em></span> <span class='ocrx_word' id='word_1_256' title='bbox 1237 4556 1298 4631; x_wconf 84' lang='lat' dir='ltr'><em>(cs.</em></span> <span class='ocrx_word' id='word_1_257' title='bbox 1322 4557 1361 4616; x_wconf 89' lang='lat' dir='ltr'><em>H.</em></span> <span class='ocrx_word' id='word_1_258' title='bbox 1376 4557 1471 4617; x_wconf 81' lang='lat' dir='ltr'><em>Keilii</em></span> 
     </span>
    </p>
   </div>
   <div class='ocr_carea' id='block_1_4' title="bbox 161 4787 1471 4927">
    <p class='ocr_par' dir='ltr' id='par_1_4' title="bbox 161 4787 1471 4927">
     <span class='ocr_line' id='line_1_30' title="bbox 239 4787 1471 4861; baseline 0.002 -21"><span class='ocrx_word' id='word_1_259' title='bbox 239 4789 269 4853; x_wconf 71' lang='lat'><em>*)</em></span> <span class='ocrx_word' id='word_1_260' title='bbox 287 4787 399 4848; x_wconf 82' lang='lat' dir='ltr'><em>Quorum</em></span> <span class='ocrx_word' id='word_1_261' title='bbox 417 4790 530 4841; x_wconf 87' lang='lat' dir='ltr'><em>locorum</em></span> <span class='ocrx_word' id='word_1_262' title='bbox 549 4807 610 4857; x_wconf 75' lang='lat' dir='ltr'><em>poro</em></span> <span class='ocrx_word' id='word_1_263' title='bbox 629 4806 723 4858; x_wconf 73' lang='lat' dir='ltr'><em>magna</em></span> <span class='ocrx_word' id='word_1_264' title='bbox 742 4794 768 4841; x_wconf 89' lang='lat' dir='ltr'><em>in</em></span> <span class='ocrx_word' id='word_1_265' title='bbox 787 4807 866 4842; x_wconf 87' lang='lat' dir='ltr'><em>unum</em></span> <span class='ocrx_word' id='word_1_266' title='bbox 884 4805 1007 4857; x_wconf 77' lang='lat' dir='ltr'><em>congesto</em></span> <span class='ocrx_word' id='word_1_267' title='bbox 1025 4809 1040 4842; x_wconf 76' lang='grc' dir='ltr'>ι</span> <span class='ocrx_word' id='word_1_268' title='bbox 1059 4793 1132 4842; x_wconf 85' lang='lat' dir='ltr'><em>Petro</em></span> <span class='ocrx_word' id='word_1_269' title='bbox 1152 4791 1256 4841; x_wconf 78' lang='lat' dir='ltr'><em>Daniele</em></span> <span class='ocrx_word' id='word_1_270' title='bbox 1280 4792 1355 4842; x_wconf 83' lang='lat' dir='ltr'><em>hodie</em></span> <span class='ocrx_word' id='word_1_271' title='bbox 1376 4792 1471 4861; x_wconf 73' lang='lat' dir='ltr'><em>legitur</em></span> 
     </span>
     <span class='ocr_line' id='line_1_31' title="bbox 161 4857 1194 4927; baseline 0 -17"><span class='ocrx_word' id='word_1_272' title='bbox 161 4866 190 4914; x_wconf 85' lang='lat' dir='ltr'><em>in</em></span> <span class='ocrx_word' id='word_1_273' title='bbox 211 4858 304 4910; x_wconf 76' lang='lat' dir='ltr'><em>codice</em></span> <span class='ocrx_word' id='word_1_274' title='bbox 322 4857 444 4909; x_wconf 77' lang='lat' dir='ltr'><em>Beruenoi</em></span> <span class='ocrx_word' id='word_1_275' title='bbox 463 4860 522 4924; x_wconf 77' lang='lat'><em>189,</em></span> <span class='ocrx_word' id='word_1_276' title='bbox 539 4875 590 4924; x_wconf 85' lang='lat' dir='ltr'><em>quo</em></span> <span class='ocrx_word' id='word_1_277' title='bbox 609 4861 664 4909; x_wconf 78' lang='lat' dir='ltr'><em>eius</em></span> <span class='ocrx_word' id='word_1_278' title='bbox 683 4861 831 4910; x_wconf 70' lang='lat' dir='ltr'><em>aduersari·</em></span> <span class='ocrx_word' id='word_1_279' title='bbox 849 4860 1007 4927; x_wconf 68' lang='lat' dir='ltr'><em>philologici</em></span> <span class='ocrx_word' id='word_1_280' title='bbox 1025 4862 1194 4911; x_wconf 82' lang='lat' dir='ltr'><em>continentur.</em></span> 
     </span>
    </p>
   </div>
   <div class='ocr_carea' id='block_1_5' title="bbox 0 0 1696 5476">
    <p class='ocr_par' dir='ltr' id='par_1_5' title="bbox 0 0 1696 5476">
     <span class='ocr_line' id='line_1_32' title="bbox 0 0 1696 5476; baseline 0 1"><span class='ocrx_word' id='word_1_281' title='bbox 0 0 1696 5476; x_wconf 95' lang='lat' dir='ltr'><em> </em></span> 
     </span>
    </p>
   </div>
  </div>
 </body>
</html>
