3382 5476
553 375 628 427 CVM
648 375 853 429 excedetis
871 377 1043 431 [neutris.

625 563 673 625 nte
701 564 962 628 northusun.

233 731 282 815 ll.
299 733 386 817 63⁸1!
410 736 545 816 syncope
573 744 618 797 est
640 734 749 796 ahlatio
771 735 808 797 de
831 735 928 797 media
950 735 1078 798 dictione
1100 738 1249 797 contraria
1272 737 1436 816 epenthesi,

143 827 180 881 ut
201 820 364 883 ‘audacter'
389 840 444 901 pro
467 821 641 882 ‘audaciter'
666 830 695 882 et
716 823 824 883 ‘uorat’
849 840 904 901 pro
926 825 1085 883 ‘uouerat'.
1131 820 1325 883 Sedotius:

316 906 426 977 Quem
449 917 560 967 norat
582 924 652 967 nou
676 925 758 968 esse
779 906 845 968 Dei
867 910 1084 987 passimque
1105 916 1292 969 cateruas.

117 991 284 1054 r‘norsan’
309 1010 365 1071 pro
387 991 545 1054 ‘forsitan’.

315 1078 385 1138 Ter
406 1076 430 1159 †
452 1095 585 1139 nomen
607 1095 645 1138 se
668 1078 748 1139 suis
768 1077 933 1140 redeunt
955 1085 1052 1139 stata
1074 1086 1242 1158 tempora
1264 1079 1376 1139 metis

145 1179 202 1241 pro
225 1165 367 1224 ‘statuta'.
677 1223 681 1229 ,

316 1248 429 1310 Troia
454 1266 550 1309 nunc
572 1248 711 1329 placita
733 1256 942 1329 conpostus
964 1267 1055 1327 pace
1077 1248 1243 1327 quiescit

145 1351 202 1412 pro
225 1336 434 1413 ‘conpositus'.

105 1513 131 1554 1⁰
231 1500 279 1583 ll·
295 1501 358 1565 63¹¹
374 1502 385 1586 l
403 1505 550 1567 diaeresis
572 1513 618 1567 cst
639 1506 776 1567 discissio
798 1503 927 1583 syllahae
948 1507 1037 1565 unius
1059 1505 1088 1565 in
1112 1503 1187 1565 duas
1209 1504 1301 1574 iacta,
1324 1505 1415 1565 sicut:

316 1587 392 1651 Olli
416 1590 616 1670 respondit
638 1610 703 1651 rex
726 1589 832 1652 nibai
856 1589 1006 1667 longai.

146 1671 228 1733 Vnde
251 1676 363 1752 antiqui
386 1675 512 1736 ‘Albam’
538 1684 565 1735 et
588 1675 754 1753 ‘Longam’,
778 1693 854 1753 quae
876 1682 947 1735 sunt
961 1675 1080 1735 nomina
1096 1674 1210 1752 primae
1226 1673 1438 1744 declinationis.

145 1759 310 1835 genitiuum
336 1759 517 1837 singularem
540 1763 569 1820 in
592 1780 624 1821 as
647 1760 813 1830 mittebant,
836 1760 972 1821 datiuum
993 1757 1173 1836 singularem
1196 1762 1225 1820 in
1249 1762 1286 1820 ai.

316 1844 450 1906 Saulus
472 1845 609 1908 Paulus
632 1845 776 1908 Christi
798 1864 877 1907 cum
900 1846 1001 1906 laeta
1023 1852 1190 1923 negaret„
1214 1880 1253 1890 —

105 1939 132 1979 1⁵
316 1928 391 1991 Lux
413 1929 521 1991 datur
543 1940 631 1992 ante
653 1931 796 2012 polum,
820 1930 882 1992 lux
904 1928 1001 1992 clari
1022 1948 1135 1991 causa
1156 1929 1244 1992 diei.

232 2097 418 2179 synaloephe
448 2109 493 2161 est
521 2119 574 2180 per
602 2105 853 2182 interceptionem
880 2102 1124 2162 concurrentium
1154 2099 1301 2163 uocalium
1322 2099 1438 2163 lubrica

147 2183 291 2261 quaedam
314 2183 447 2266 lenisque
470 2186 604 2257 conlisio‚
628 2195 676 2247 ut:

314 2274 432 2351 Atque
455 2289 493 2332 ea
517 2271 670 2333 diuersa
694 2274 846 2352 penitus
868 2272 950 2332 dum
973 2279 1083 2350 parte
1105 2281 1292 2349 geruntur

145 2373 200 2433 pro
222 2357 321 2435 ‘atque
343 2357 400 2415 ea’.
448 2357 526 2418 llaec
548 2376 563 2417 a
587 2356 811 2436 quibusdam
832 2358 975 2435 syncrisis
996 2358 1175 2417 nominatur.
1213 2355 1423 2434 Vergilius:

104 2452 132 2492 ω
314 2440 429 2501 llulta
445 2460 590 2521 quoque
606 2440 758 2503 ethello
774 2459 920 2520 passus.
943 2440 1381 2502 dumcondcreturhem.
1397 2477 1440 2486 —

315 2524 520 2588 Caramihi
543 2536 626 2588 ante
650 2525 759 2587 alias:
783 2528 1021 2606 nequeenim
1045 2525 1436 2601 ,nonusistellianae

145 2608 265 2690 Ellipsis
289 2618 333 2670 est
355 2614 504 2691 superiori
533 2615 683 2673 contraria
710 2612 937 2673 consonantium
965 2629 1032 2672 curn
1062 2609 1218 2672 uocalibus
1240 2630 1345 2690 aspere
1368 2629 1438 2671 con·

145 2699 329 2756 currentium
353 2698 498 2776 quaedam
522 2697 652 2758 difficilis
674 2716 709 2758 ae
732 2697 805 2757 dura
827 2695 968 2763 molisio,
995 2704 1041 2756 ut:

542 2782 697 2844 multum
720 2781 788 2843 ille
810 2793 845 2842 et
866 2783 989 2843 terris
1010 2783 1181 2843 iactatus
1203 2789 1239 2842 et
1259 2779 1346 2842 alto.

103 2866 232 2927 ”ltemt

314 2953 395 3013 Stat
417 2953 545 3015 domus
567 2961 601 3015 et
623 2951 771 3034 scopuli
792 2954 983 3031 ingentem
1005 2959 1159 3014 traxere
1181 2955 1339 3014 ruinam.

145 3037 233 3098 ltem:

314 3122 338 3184 0
361 3121 515 3184 multum
538 3131 622 3185 ante
644 3123 740 3184 alias
763 3123 899 3184 infelix
922 3120 1052 3184 littera
1077 3121 1213 3184 thetta.

145 3207 306 3268 Antithesis
329 3217 372 3267 est
395 3206 509 3268 litterae
532 3228 585 3288 pro
608 3207 706 3269 littera
728 3212 853 3288 positio,
878 3215 910 3268 nt
931 3207 1006 3269 ‘olli’
1031 3228 1085 3288 pro
1108 3206 1187 3269 ‘illi’.
1226 3208 1437 3286 Vergilius:

104 3303 132 3342 ³0
314 3292 613 3354 Ollisuhridens
636 3293 822 3354 hominurn
845 3303 946 3354 sator
969 3302 1079 3373 atque
1103 3292 1267 3353 Deorum.
1341 3338 1345 3347 .

144 3378 227 3439 Siout
249 3380 369 3438 ‘tronus’
394 3397 447 3458 pro
470 3378 606 3448 ‘honus'3
629 3382 708 3439 sicut
729 3380 892 3458 ‘optumus'
916 3397 972 3457 pro
995 3380 1160 3458 ‘optimus'.

144 3499 371 3506 --.----.-

228 3581 238 3612 1
278 3579 307 3613 nt
350 3579 373 3613 Β.

145 3579 404 3694 Μη2ῃ414ῗίὲηιιε
429 3656 459 3708 p.
483 3642 535 3694 33:
568 3638 692 3712 Syneope
715 3636 916 3693 —audaciter
943 3645 971 3693 et
997 3646 1147 3693 commorat
1175 3655 1225 3712 pro
1253 3645 1438 3694 commoneret

145 3730 172 3776 et
195 3731 273 3777 norat
297 3739 346 3794 pro
370 3733 485 3780 nouerat
509 3755 546 3763 -
570 3732 695 3779 cateruas
717 3732 745 3778 et
768 3730 875 3792 cetera,
898 3723 1017 3793 reliquis
1038 3725 1157 3778 omissis.

232 3808 271 3864 10
292 3806 427 3863 lulianus
447 3827 475 3879 p.
500 3812 537 3864 33
558 3814 687 3864 extremo
708 3809 769 3864 toro
792 3803 872 3863 ‘Lux
893 3838 934 3846 -
957 3807 1024 3863 diei’
1047 3811 1155 3864 omisso.

232 3893 269 3949 16
292 3891 424 3948 lulianus
444 3911 473 3963 p.
498 3898 551 3949 33:
579 3891 750 3967 synaloephe
772 3923 813 3932 -
836 3900 978 3966 geruntur.
1023 3892 1130 3948 Haece
1152 3891 1312 3965 quibusdam
1341 3909 1438 3966 synae-

146 3977 215 4032 resis
238 3979 402 4034 nominatur.
449 3977 592 4050 Virgilius:
615 3978 697 4035 llulta
720 4008 761 4017 -
784 3978 895 4047 urbem,
916 3981 1026 4034 ondens
1048 3975 1121 4034 ‘cara
1143 4009 1184 4016 -
1206 3977 1323 4033 llianae'.

230 4062 269 4117 22
293 4062 426 4118 lulianus
444 4081 475 4134 p.
498 4067 550 4119 33:
573 4063 682 4137 Ellipsis
705 4071 747 4120 est
769 4065 903 4119 contraria
927 4094 968 4103 -
991 4062 1112 4134 etalio,
1135 4064 1238 4118 ceteris
1260 4064 1377 4119 omens.

230 4147 270 4204 29
292 4147 425 4204 Iulianus
444 4167 474 4221 p.
500 4152 551 4204 33:
574 4150 724 4205 Antithesis
747 4180 787 4189 -
811 4149 936 4205 lleorum.
981 4148 1114 4222 tlptumus
1136 4165 1186 4221 pro
1210 4149 1339 4221 optimus,

146 4343 257 4379 conrcrs
275 4345 433 4380 sennensis
452 4333 501 4381 207
519 4346 667 4384 rrnrsrss.

212 4399 351 4463 2sineope
419 4403 435 4449 3
454 4395 586 4465 Sedulius]
610 4399 652 4449 ut.
671 4398 725 4449 111
741 4407 798 4450 tom.
822 4399 863 4449 VI
880 4416 906 4463 p.
927 4402 978 4449 464
996 4399 1018 4449 G
1035 4400 1075 4450 ed.
1094 4397 1161 4449 Ben.
1235 4400 1252 4447 4
1269 4413 1343 4460 quem
1364 4408 1438 4448 norst

56 4500 61 4507 .
145 4480 195 4514 rron
214 4481 271 4515 esse
290 4466 369 4515 Deum
388 4465 589 4530 Iulianuslnon
607 4483 653 4517 orn.
740 4464 862 4532 8Troia]
888 4468 967 4533 Verg.
988 4467 1091 4518 Aen!
1107 4469 1160 4517 249
1247 4466 1402 4516 10dieresis

144 4532 248 4581 sillabas
319 4537 348 4584 ll
368 4532 428 4601 Olli]
448 4535 528 4584 Ennii
544 4551 646 4594 news,
665 4536 700 4599 es.
720 4537 785 4585 Bon.
805 4552 831 4599 p.
852 4537 916 4599 39⁶,
935 4538 968 4585 49
1038 4537 1069 4586 13
1087 4536 1112 4584 in
1131 4550 1160 4584 ss
1178 4533 1437 4585 tectenanrluttam

146 4603 177 4650 16
196 4602 296 4651 sirrnliie
365 4604 397 4652 18
416 4600 509 4668 Atque]
532 4603 609 4670 Verp.
630 4604 694 4653 Aen.
714 4603 759 4654 IX
776 4607 791 4653 4
843 4616 902 4668 pate
971 4603 1137 4654 losnensis
1205 4605 1239 4653 20
1257 4598 1347 4668 hirritu]
1368 4603 1436 4656 Aen.

145 4669 195 4718 15
263 4672 293 4719 21
314 4667 389 4735 Cara]
414 4672 575 4735 Verp.'Aen.
595 4671 640 4721 IX
655 4674 708 4721 537
759 4672 927 4732 arrteeliquis
978 4670 1053 4721 disne
1129 4673 1162 4721 22
1181 4671 1308 4735 superiori
1326 4687 1372 4719 om.
1391 4669 1436 4718 Is·

144 4738 226 4786 liunus
302 4741 335 4787 24
353 4736 470 4802 multum]
495 4738 573 4802 Verp.
592 4739 660 4789 Aen.
680 4739 732 4789 13
783 4741 816 4789 26
834 4737 901 4804 Stat]
925 4740 1003 4805 Vere,
1022 4740 1087 4790 Aen.
1111 4739 1255 4789 11111192
1307 4739 1433 4801 ingentem

144 4806 242 4870 scopeli
289 4805 359 4856 280
380 4804 497 4871 multum]
518 4807 557 4865 cf.
577 4806 642 4859 laid.
662 4810 726 4873 erip.
746 4807 760 4857 1
780 4809 842 4868 3,8
898 4809 932 4858 29
949 4807 1102 4858 authithesis
1161 4808 1269 4873 possitio
1321 4808 1354 4856 30
1372 4803 1435 4872 0th

146 4873 212 4922 Aen.
232 4873 318 4922 1254
386 4877 416 4924 31
437 4890 483 4939 pro
503 4875 614 4925 obtimus
