3382 5476
212 361 276 426 220
621 362 856 416 COMMENTVM
874 362 1118 415 ntnsmunnstr

213 553 235 612 l
259 552 336 631 quoi
358 550 473 631 plectro
495 550 629 629 linguae,
652 551 730 613 idest
753 551 950 612 reuolutione.
994 550 1067 612 vnit
1095 552 1126 613 iu
1149 553 1279 627 arteriis,
1299 551 1379 615 idest
1399 553 1432 615 in
1453 552 1513 617 uite

211 655 345 733 spiritus.
391 653 524 712 Arteriae
553 660 651 713 autern
680 659 749 713 sunt
770 671 804 712 os
827 654 1062 733 compaginatum
1085 671 1101 713 a
1124 660 1245 731 gutture
1271 671 1366 735 usque
1387 654 1426 715 ad
1447 672 1510 716 eor.

212 755 249 816 Et
270 754 380 816 dicitur
402 773 461 815 uox
485 773 500 815 a
523 755 668 824 uocando,
692 754 739 815 uel
762 754 908 815 aGraeco
931 746 998 816 ἀπὸ
1020 752 1184 833 coridoni,
1206 753 1227 816 lr
1249 757 1324 817 inu
1346 763 1459 818 mutata
1480 764 1511 819 et

212 857 311 919 addita
334 875 361 926 x.
386 855 531 916 formatur
553 875 621 917 uox.
666 855 771 916 Omnis
793 857 908 916 sonitus
930 856 1109 933 generaliter
1123 873 1182 917 uox
1197 857 1316 929 dicitur,
1339 854 1510 939 specialiter

211 968 310 1020 tamen
335 958 487 1018 hominum
511 958 576 1019 siue
600 956 782 1018 animalium.
827 958 885 1017 Aer
913 956 1010 1017 dictus
1037 964 1083 1018 est
1110 950 1176 1019 ἀπὸ
1199 959 1262 1020 τοῦ
1282 950 1412 1038 ἀείρειν
1432 958 1531 1023 idettt

211 1056 388 1127 elenando,
418 1077 454 1118 eo
483 1057 560 1137 quod
590 1067 700 1120 terram
728 1060 807 1120 ierat
828 1067 858 1119 et
879 1059 992 1119 teratur
1014 1057 1049 1120 ab
1077 1057 1138 1120 illa.
1184 1059 1219 1120 Et
1247 1067 1294 1122 cst
1321 1078 1374 1123 aar
1403 1069 1509 1124 uantru

210 1161 333 1241 spiritus
355 1157 402 1220 uel
425 1160 512 1221 ssatus
535 1160 670 1222 modicus
691 1161 851 1240 plurimum
868 1158 982 1221 habens
997 1161 1135 1221 raritatis.
1173 1160 1216 1222 lle
1230 1180 1289 1242 quo
1305 1162 1507 1243 Virgilius:

566 1278 729 1357 Longum
753 1281 952 1358 perinane
975 1286 1135 1340 secutus.
1190 1302 1194 1309 ·

211 1414 371 1476 Sciendum
394 1421 439 1475 est
461 1416 529 1494 quia
553 1416 608 1475 istc
632 1433 691 1485 aer,
716 1416 766 1491 qui
787 1416 867 1474 inter
889 1422 1000 1475 terram
1024 1421 1068 1474 eat
1083 1422 1113 1475 et
1128 1431 1247 1476 cursum
1265 1413 1417 1488 lunarem,
1441 1436 1506 1479 cor·

209 1518 350 1597 pulentus
380 1523 409 1577 et
436 1518 551 1597 spissus
578 1515 752 1596 appellatur.
798 1516 963 1595 Aliquando
992 1517 1070 1577 enim
1099 1518 1284 1595 corporascit
1304 1517 1336 1579 in
1359 1516 1456 1581 nonar
1477 1526 1540 1580 ctu

210 1619 365 1699 aliqnando
388 1617 568 1678 dissoluitur.
613 1616 691 1695 Ergo
712 1618 768 1679 ista
792 1635 859 1697 pars
887 1625 986 1678 terrae
1013 1617 1180 1697 deputatur,
1203 1619 1273 1698 qnia
1287 1620 1320 1679 in
1335 1618 1440 1682 multis
1459 1623 1506 1683 eui

211 1720 222 1777 i
243 1717 330 1800 1401:
356 1718 489 1799 portibus
513 1719 616 1779 similis
639 1726 684 1779 est
705 1719 755 1779 illi.
800 1719 852 1780 lllc
876 1738 958 1788 uero,
983 1721 1033 1798 qui
1056 1720 1194 1799 superior
1217 1727 1272 1789 est,
1296 1721 1326 1781 in
1349 1739 1410 1801 quo
1432 1740 1504 1783 uen-

210 1823 264 1881 tosi
287 1840 321 1879 ac
344 1818 500 1898 procellosi
525 1829 623 1881 motus
646 1828 800 1898 nequeunt
822 1822 961 1890 existere,
991 1820 1027 1882 ad
1056 1821 1214 1882 caelestem
1236 1825 1369 1901 pertinet
1389 1830 1504 1904 partem

210 1929 240 1982 et
262 1921 370 1982 dicitur
392 1921 503 1991 aether,
527 1921 603 1981 idest
626 1939 716 2001 purus
737 1923 866 2000 spiritus.
911 1923 968 1982 Aer
991 1941 1073 1991 uero,
1090 1923 1203 2002 spissus
1218 1924 1352 2002 spiritus,
1375 1943 1435 2005 quo
1449 1925 1504 1986 iste

210 2021 338 2084 mundns
366 2021 471 2102 planus
500 2031 558 2093 est,
588 2040 675 2099 quarn
704 2022 849 2083 trahimus
878 2031 908 2083 et
935 2026 1107 2085 emittimus.
1152 2022 1222 2084 Tria
1251 2032 1350 2086 autern
1377 2044 1505 2106 corpora
1518 2038 1541 2080 ¹⁵

210 2133 332 2186 naturae
356 2123 484 2185 mirabili
507 2143 597 2204 opere
621 2125 743 2185 formata
767 2124 804 2184 de
827 2127 913 2202 ignea
937 2133 1041 2188 natura
1064 2132 1236 2193 noscuntur,
1259 2125 1337 2187 idest
1355 2126 1408 2188 lux
1423 2127 1505 2189 calor

210 2236 239 2286 ct
260 2245 328 2288 uox.
373 2226 435 2287 liur
458 2225 597 2287 uidelicet
620 2226 655 2286 ad
679 2224 793 2294 oculos,
823 2226 960 2287 colorari
984 2235 1109 2296 tactum,
1138 2245 1196 2287 uox
1225 2227 1261 2288 ad
1285 2227 1426 2291 auditum.
1471 2230 1506 2292 ln

209 2329 265 2389 lroc
288 2330 375 2389 etiarn
400 2327 582 2406 intelligitur,
612 2327 690 2407 quod
722 2347 778 2388 uox
802 2346 910 2408 corpus
932 2336 978 2389 est
1004 2328 1040 2388 de
1069 2346 1196 2408 corpore
1223 2329 1396 2399 formatum,
1427 2330 1507 2392 idest

209 2431 398 2490 tenuissimus
421 2448 472 2491 aer
494 2430 531 2490 de
553 2431 726 2490 tenuissimo
749 2447 817 2489 aere
840 2431 927 2508 ignis.
954 2430 1023 2491 'Sed
1047 2431 1134 2491 etiam
1158 2430 1208 2491 lux
1231 2449 1342 2511 corpus
1357 2439 1402 2492 est
1420 2434 1509 2513 quasi

208 2530 286 2592 aliud
316 2549 425 2610 corpus
453 2533 658 2592 tenuissimum
682 2531 719 2592 de
742 2529 843 2591 eadem
871 2532 948 2609 ignis
976 2540 1089 2592 natura.
1135 2530 1221 2593 Calor
1250 2549 1370 2611 quoque
1398 2532 1545 2596 aodenrro

208 2632 296 2693 ruodo
319 2635 401 2712 quasi
426 2632 504 2694 aliud
529 2632 894 2717 corpus'subtilissimunr.
940 2631 1023 2692 llulti
1040 2641 1137 2694 tannen
1154 2633 1399 2713 plrilosoplrorurn
1423 2636 1505 2697 aldr-

207 2743 302 2803 mant,
337 2734 410 2794 llaec
440 2737 496 2796 tria
525 2753 584 2794 uon
614 2754 679 2794 esso
711 2752 852 2814 corpora,
886 2732 937 2794 sed
973 2734 1113 2812 quasdam
1147 2753 1306 2815 corporum
1335 2736 1506 2814 qualitates.

207 2836 316 2895 lctus.
364 2835 411 2895 lco
434 2839 490 2895 icis
512 2837 700 2915 participium
725 2837 794 2896 lacit
816 2837 905 2904 ictus,
930 2837 990 2896 icio
1011 2844 1109 2897 autern
1126 2838 1248 2906 ‘initus',
1272 2835 1396 2899 elidem
1411 2839 1506 2917 signi·

207 2938 309 3005 licant,
344 2936 421 2996 idest
452 2938 526 2996 lario
560 2939 705 3015 percutio.
761 2937 832 2996 lude
867 2936 976 2997 dicitur
1008 2955 1059 2998 aer
1094 2940 1185 3008 ictus,
1220 2938 1297 3000 idest
1329 2957 1505 3020 percussus.

207 3037 323 3097 Etenim
347 3056 404 3097 uox
428 3039 491 3097 sino
514 3039 573 3098 ictu
597 3039 659 3098 lreri
683 3057 740 3097 nou
765 3046 870 3117 puteat.
909 3039 1005 3099 liotns
1027 3040 1115 3118 igitur
1138 3058 1224 3101 causa
1247 3049 1293 3101 est
1314 3042 1401 3111 ictus,
1425 3042 1546 3105 ictusss

206 3148 303 3199 autern
328 3156 414 3199 causa
439 3146 483 3197 est
505 3140 594 3199 uocis.
640 3139 795 3217 Hucusque
819 3138 951 3199 delinitio
973 3140 1165 3203 substantiae.
1209 3141 1415 3204 sensibilia
1443 3162 1505 3205 au·

206 3240 295 3300 ditu.
336 3242 394 3299 l'ox
419 3240 497 3300 arrim
520 3240 621 3300 auditu
644 3242 778 3309 sentitur,
801 3242 876 3301 siout
899 3241 948 3300 lux
971 3245 1046 3304 uisu.
1092 3241 1247 3304 Sensibilis
1269 3253 1369 3304 autent
1392 3244 1506 3308 dicitnr

205 3342 347 3422 quiequid
376 3341 413 3402 al>
441 3339 538 3420 aliquo
566 3349 664 3421 potest
692 3344 794 3403 sentiri
819 3351 847 3402 et
875 3345 945 3403 lacit
973 3344 1022 3404 hic
1050 3352 1079 3403 et
1106 3345 1179 3405 lroee
1208 3344 1359 3407 sensibilis
1386 3355 1418 3407 et
1445 3345 1505 3409 lton

206 3444 357 3505 sensibile.
403 3443 587 3514 Quantum
621 3446 657 3505 in
691 3446 771 3523 ipso
805 3452 872 3505 est.
924 3444 1069 3505 Sobaudis
1095 3447 1156 3507 ictu
1188 3445 1266 3507 idest
1295 3451 1502 3525 percussione.

206 3548 290 3606 daris
318 3548 398 3606 enirn
428 3546 521 3606 maior
548 3548 701 3626 percussio
731 3547 871 3607 urniorcnr
899 3548 1027 3607 sonitum
1055 3547 1153 3608 reddit
1182 3548 1229 3609 uel
1259 3550 1347 3609 etiarn
1370 3550 1401 3610 iu
1424 3536 1543 3629 ipsos

206 3648 320 3707 scilicet
341 3646 457 3715 auditu,
486 3648 551 3726 quia
580 3647 698 3728 quidam
720 3655 790 3708 sunt
812 3650 863 3727 qui
887 3650 1020 3726 sagacius
1042 3649 1169 3711 audiunt
1190 3659 1279 3731 atqm
1301 3653 1412 3721 maius,
1436 3654 1502 3730 qui·

119 3769 165 3816 aar,
179 3772 192 3808 ε
206 3748 273 3808 dam
297 3765 370 3807 uero
393 3749 499 3808 rniuus.
544 3749 769 3819 Articulata,
795 3768 853 3810 uox
876 3751 984 3810 dicitur
1013 3749 1059 3810 uel
1087 3750 1124 3812 ab
1147 3751 1279 3812 articulis
1300 3750 1376 3813 idest
1398 3755 1503 3832 paruis

205 3850 341 3918 artubus,
378 3848 484 3929 quibus
512 3867 608 3927 penna
638 3857 755 3911 tenetur
784 3851 830 3911 uel
859 3852 1002 3919 calamus.
1037 3851 1106 3914 duni
1139 3872 1196 3914 uox
1226 3850 1337 3931 lormal'
1357 3850 1502 3938 ututur·
1542 3929 1549 3941 .

204 3949 355 4018 litteralis;
385 3951 431 4011 uel
455 3949 492 4011 ab
514 3952 637 4012 artando
660 3951 778 4022 dicitur,
803 3971 838 4012 eo
860 3952 939 4032 qnod
962 3962 1054 4014 artata
1077 3955 1153 4015 idest
1175 3956 1331 4016 coniuncta
1354 3974 1423 4016 cunr
1446 3960 1500 4019 ali·

205 4070 263 4130 quo
287 4072 375 4114 sensu
398 4052 476 4113 illins
498 4055 549 4133 qui
572 4054 704 4133 loquitur
727 4054 893 4132 profertum
917 4074 969 4116 scu
993 4057 1091 4134 potius
1107 4056 1143 4116 ab
1160 4055 1283 4117 artubus
1305 4057 1382 4118 idest
1404 4076 1539 4119 ruem-os

204 4155 264 4215 lrris
286 4157 361 4223 suis,
385 4154 523 4215 uidelicet
545 4154 649 4215 litteris
672 4153 790 4233 syllabis
813 4165 842 4214 et
864 4155 1014 4235 partibus,
1039 4157 1145 4234 quibus
1168 4161 1263 4220 instar
1285 4161 1423 4239 corporis
1445 4161 1501 4221 lru·

205 4259 282 4316 ruant
307 4259 468 4337 perficitur.
515 4259 604 4316 Arius
625 4267 694 4317 sunt
715 4255 848 4316 merubra
872 4260 998 4323 uictura,
1022 4259 1138 4320 articuli
1162 4277 1235 4321 uero
1251 4263 1377 4321 nriuora.
1411 4264 1500 4325 Con·

204 4357 296 4427 lusa,
321 4358 397 4419 idest
413 4357 593 4426 diorrlinata,
617 4379 652 4418 eo
668 4359 745 4439 quod
768 4358 881 4421 nullum
906 4358 994 4420 lrabet
1016 4360 1166 4431 ordinent,
1191 4365 1295 4431 mixta,
1321 4365 1387 4424 sinc
1408 4384 1500 4426 sensu

204 4459 326 4537 prolata.
372 4459 431 4518 llas
460 4459 532 4519 (luas
560 4462 676 4538 species
704 4462 800 4531 nociS,
830 4461 1015 4525 articulatam
1043 4463 1157 4525 scilicet
1180 4472 1209 4524 et
1231 4463 1401 4536 contusam,
1425 4486 1499 4547 quas

269 4764 285 4813 2
304 4765 524 4827 compaginatum,
543 4779 674 4828 errprurcr.
696 4768 718 4815 ·i·
737 4767 901 4818 coniunctum
974 4774 1021 4821 3a
1040 4783 1116 4835 greco
1133 4784 1184 4834 apo
1202 4780 1228 4817 tu
1247 4769 1297 4819 lroo
1384 4775 1498 4840 bapntu

202 4830 271 4877 aeriu
342 4829 512 4897 'iVirgiliusl
533 4832 597 4883 Aen.
616 4832 676 4883 XII
696 4837 748 4885 354
818 4839 850 4887 14
868 4837 938 4886 etlrer
1007 4840 1037 4886 at
1057 4836 1246 4903 plrilosolorum
