3382 5476
800 1053 880 1133 11.

373 1232 503 1316 Ans
536 1232 791 1316 assuas
823 1232 1293 1353 annuunssol.
1330 1176 1338 1191 ⁸

770 1555 853 1620 Oen.
876 1555 904 1620 Ι.

454 1672 513 1738 ΒΕ
536 1672 705 1739 ASPERO
728 1673 828 1740 EIVS
850 1673 980 1740 ARTIS
1001 1673 1215 1740 AVCTORE.

276 1817 321 1876 De
343 1817 460 1892 Aspero
479 1817 679 1890 arammatico
701 1816 764 1875 eius
785 1819 913 1876 nominis
940 1818 1044 1888 tertio,
1073 1817 1160 1876 cuius
1181 1822 1277 1874 artem
1306 1817 1349 1874 ad
1370 1815 1486 1877 Donati

193 1921 363 1995 exemplum
385 1919 530 1993 scriptam
552 1917 602 1976 bic
617 1919 751 1992 primurn
767 1918 886 1992 publici
906 1919 981 1977 iuris
999 1915 1148 1991 facimus,
1181 1919 1391 1993 disputaturus
1417 1920 1483 1994 ipso

192 2022 376 2097 quaestionis
397 2021 483 2080 initio
505 2035 565 2079 non
582 2035 706 2094 possum
729 2035 789 2079 non
811 2020 904 2078 libere
921 2018 1034 2092 fateri,
1055 2018 1141 2091 salso
1155 2036 1202 2078 me
1220 2021 1365 2079 antelios
1387 2037 1484 2080 annos

191 2133 252 2184 tres
273 2125 305 2182 in
332 2122 513 2182 scholiorum
536 2119 734 2183 Beruensium
756 2122 799 2180 ad
827 2123 957 2195 Verpilii
986 2120 1131 2181 Bucolica
1158 2130 1187 2181 et
1216 2124 1365 2195 Georpica
1388 2123 1484 2197 perti·

192 2227 324 2286 nentium
342 2223 543 2299 praefatione
559 2240 594 2298 p.
620 2229 687 2296 127,
714 2229 752 2280 21
775 2224 903 2298 Asprum
925 2240 1010 2297 auem
1032 2231 1145 2284 uocant
1166 2225 1319 2284 Iuniorem
1343 2219 1389 2304 (p.
1409 2230 1484 2281 1125

192 2333 312 2385 -1733
327 2326 368 2394 Ρ;
388 2341 517 2400 pramm.
541 2324 608 2384 Lat.
639 2326 703 2384 Vol.
729 2324 804 2400 Vp.
830 2333 995 2384 ott-554
1016 2322 1062 2407 K)
1085 2327 1213 2386 eundem
1235 2343 1297 2386 esse
1319 2327 1485 2385 credidisse

192 2437 283 2506 atque
303 2429 398 2501 buna,
423 2444 463 2487 ex
484 2444 542 2501 quo
556 2426 649 2486 schol.
668 2426 759 2487 Beru.
779 2426 888 2502 Georp.
904 2428 978 2488 IIII
994 2434 1049 2486 233
1066 2422 1110 2507 (p.
1127 2422 1197 2508 963)
1216 2430 1343 2504 [iuuisse
1358 2429 1484 2487 ostendi.

193 2533 285 2592 Recte
315 2532 393 2590 entim
426 2531 575 2590 Henricus
603 2528 720 2588 Keilius
752 2531 783 2588 in
814 2528 1012 2605 praefatione
1043 2531 1142 2605 Aspro
1168 2530 1291 2590 Iuniori
1313 2533 1486 2606 praemissa

188 2653 223 2710 p.
241 2640 299 2694 5³0
321 2633 475 2706 utriusque
497 2633 631 2690 auctoris
652 2631 786 2690 babilam
809 2633 887 2691 adeo
909 2635 988 2692 inter
1008 2649 1040 2691 se
1060 2634 1211 2692 diuersum
1233 2649 1297 2692 esse
1317 2633 1483 2705 contendit,

193 2742 227 2796 ut
247 2727 375 2795 alterurn
401 2751 441 2792 ex
468 2735 566 2793 altero
584 2735 712 2808 fluxuse
732 2735 851 2793 minime
877 2736 965 2794 credi
985 2737 1090 2810 possit.
1135 2735 1217 2794 Duos
1238 2737 1333 2808 ipitur
1355 2735 1485 2809 Asperos

193 2839 326 2898 iuniores
340 2842 506 2896 statuamus
520 2841 652 2909 oportet,
677 2852 804 2908 perornan
826 2837 867 2909 is,
891 2852 977 2910 quem
991 2836 1041 2896 bic
1056 2837 1153 2917 edidi,
1177 2853 1353 2910 quamquam
1375 2853 1486 2911 parum

194 2941 225 2998 in
247 2955 283 2998 eo
305 2939 464 2997 doctrinae
485 2938 650 3009 inuenitur,
674 2946 788 3011 tamen,
812 2940 885 3012 quia
907 2939 942 2998 ob
971 2939 1107 2998 codicum
1134 2941 1375 3013 scriptorumque
1402 2939 1484 2998 bane

123 3110 125 3114 .
195 3047 290 3100 artem
317 3039 508 3098 laudantium
536 3044 711 3098 uetustatem
738 3056 798 3099 non
820 3047 892 3116 post
918 3042 1074 3116 septimum
1097 3038 1168 3112 sere
1194 3042 1347 3100 saeculum
1375 3042 1488 3100 uixisse
1575 3062 1580 3074 ·

189 3143 348 3218 putandus
369 3148 427 3213 est,
451 3140 537 3200 baud
557 3141 699 3215 indipnus
720 3143 795 3201 mibi
815 3143 985 3215 uidebatur,
1010 3144 1064 3216 qui
1075 3159 1116 3201 ex
1137 3142 1385 3202 bibliothecarum
1407 3150 1488 3202 tene·

194 3245 257 3303 bris
277 3250 398 3319 ereptus
419 3245 451 3302 in
471 3245 567 3302 lucem
594 3244 761 3317 aliquando
781 3246 939 3320 prodiret,
964 3246 1145 3320 praesertim
1172 3261 1239 3303 cum
1266 3261 1333 3304 eum
1357 3260 1377 3302 a
1398 3245 1492 3304 rnedit'

196 3347 269 3406 aeui
288 3345 478 3421 artiprapbis
494 3346 611 3420 passim
634 3348 667 3405 in
689 3347 837 3407 auxilium
864 3348 973 3407 uocari
994 3348 1282 3406 animaduertissem.
1327 3345 1490 3405 Laudatur

195 3450 274 3521 enirn
296 3448 334 3506 ab
357 3449 433 3506 artis
455 3447 618 3507 Berneusis
640 3464 810 3527 anonymae
831 3456 957 3509 auctare
977 3449 1022 3508 bis
1037 3466 1073 3525 p.
1099 3454 1170 3522 133,
1197 3453 1234 3506 22
1254 3454 1283 3506 et
1299 3465 1336 3524 p.
1361 3454 1425 3520 133,
1452 3454 1490 3506 32

196 3567 291 3626 neque
306 3551 405 3627 parui
419 3547 614 3622 sociandum,
639 3553 721 3626 quod
741 3553 956 3612 ascboliorurn
973 3552 1170 3611 Beruensium
1193 3532 1315 3624 ortoque
1331 3551 1490 3609 collectore

197 3654 240 3713 ad
260 3651 496 3729 interpretanda
526 3652 653 3726 Verpitii
674 3655 767 3715 uerba
790 3655 944 3715 adbibitus
965 3662 1019 3714 est.

767 3904 851 3970 Cae.
874 3904 919 3969 ΙΙ.

558 4022 617 4088 oa
639 4022 782 4088 neuls
804 4020 1135 4088 usuvsosuprts.
1218 3985 1222 3993 ’

283 4165 380 4239 Atque
401 4163 439 4223 de
461 4167 587 4224 nominis
608 4168 762 4241 scriptura
784 4181 852 4225 curn
875 4182 935 4224 non
959 4166 1131 4240 discrepent
1151 4165 1231 4223 inter
1245 4181 1276 4224 se
1295 4164 1368 4223 libri
1386 4181 1492 4224 mauu—

197 4270 307 4342 scripti
326 4284 346 4325 a
368 4269 467 4327 Keilio
483 4285 519 4343 p.
545 4274 601 4324 523
623 4270 764 4327 recensiti
785 4267 843 4342 (cf.
862 4268 986 4327 Hermes
1008 4266 1027 4325 I
1049 4273 1117 4342 2p.
1136 4269 1222 4343 331),
1245 4268 1275 4325 in
1298 4267 1403 4340 quibus
1426 4269 1493 4326 ‘ars

199 4371 304 4445 Aspri’
327 4371 375 4428 uel
397 4368 527 4445 ‘Aspera'
551 4372 697 4444 scriptum
720 4376 777 4443 est,
802 4372 917 4429 dirobus
940 4371 1017 4428 artis
1039 4367 1205 4427 Beruensis
1227 4384 1398 4446 anonymae
1419 4371 1493 4430 locis

199 4489 295 4549 supra
323 4472 412 4530 dictis
438 4479 468 4530 et
495 4473 526 4531 in
554 4473 658 4531 codice
680 4475 831 4532 Berneasi
853 4478 908 4529 207
931 4471 983 4530 sub
1005 4471 1118 4530 calcem
1146 4478 1296 4530 tractatus
1317 4473 1412 4546 ipsius
1433 4490 1493 4532 non

200 4575 333 4649 ‘Asper',
361 4576 415 4632 sed
436 4573 617 4649 ‘Asperius’
640 4576 764 4649 dicitur,
787 4572 831 4646 cs.
850 4591 884 4649 p.
911 4580 961 4647 bt,
990 4579 1023 4631 17
1045 4574 1149 4632 adnot.
1159 4566 1191 4651 *)
1238 4572 1433 4643 Qrtamobrem
1457 4576 1495 4633 de

285 4758 313 4823 *)
332 4761 491 4826 ‘Asperius’
515 4770 619 4809 uocatur
645 4760 670 4808 ia
697 4771 753 4810 arte
770 4760 856 4823 aliqua
874 4758 969 4808 codicia
988 4758 1097 4808 Parisini
1117 4773 1154 4807 nr.
1173 4758 1254 4818 7560,
1282 4759 1316 4809 ci.
1335 4759 1365 4809 H.
1385 4759 1493 4811 lienium

201 4827 285 4879 Herm.
304 4830 314 4876 Ι
333 4845 359 4894 p.
377 4831 435 4890 331,
454 4838 479 4878 et
496 4827 523 4883 C.
542 4827 680 4878 Thurotum
698 4828 822 4878 ‘Extsnits
840 4829 885 4878 des
904 4829 1068 4879 manuscrits’
1088 4835 1150 4880 tom.
1169 4824 1242 4874 XXI!
1262 4839 1326 4891 part.
1344 4831 1360 4877 2
1379 4845 1405 4894 p.
1418 4831 1460 4884 62.
