3374 5446
577 373 725 426 comcrs
742 373 949 427 annueram
967 377 1009 429 aa.
1383 372 1442 436 179

232 559 376 631 ‘ericusa
399 570 432 622 ut
460 563 503 621 ait
534 563 569 621 in
599 560 764 640 epistola
792 561 834 622 ad
863 560 1045 622 Euodium
1073 563 1302 639 Augustinus
1329 561 1442 622 Graece

146 660 257 723 dicitur
279 661 407 723 chasma.

232 861 244 946 l}
262 863 281 925 l.
299 861 337 925 7¹³
355 863 370 947 ll
394 865 466 926 Nam
490 883 545 926 nec
567 867 597 926 in
621 867 668 928 his
689 868 763 946 ipsis
785 865 924 927 uidelicet
948 867 1013 926 ‘sis’
1031 873 1060 926 et
1082 865 1180 926 ‘nelis’
1204 883 1301 944 neque
1324 866 1353 924 in
1377 865 1443 927 aliis

147 964 248 1027 uerbis
282 967 482 1028 coniunctiuis
516 968 668 1046 praeteriti
702 967 750 1028 uel
780 968 872 1028 futuri
907 966 996 1027 debet
1019 965 1174 1047 „altannus
1202 969 1231 1027 io
1262 968 1442 1045 paenultima

80 1059 86 1069 ’
119 1065 270 1147 apluralis
291 1070 408 1128 numeri
432 1070 595 1148 primarum
619 1087 671 1129 seu
694 1067 892 1129 secundarum
915 1085 1110 1146 personarum
1127 1070 1238 1146 corripi
1259 1078 1334 1128 teste
1357 1069 1442 1129 Ser·

146 1171 206 1230 uio
228 1188 319 1248 snper
343 1168 544 1247 Virgilium
568 1172 610 1250 in,
628 1169 726 1230 libro
750 1169 791 1230 Vl
814 1168 1065 1231 Aeneidorum
1089 1170 1125 1230 de
1147 1169 1316 1249 praeterito

226 1271 461 1348 ·Egerimus‚
485 1273 584 1331 nosti
608 1278 643 1331 et
666 1273 819 1332 nimium
843 1274 1061 1332 meminisse
1084 1289 1241 1332 necesse
1264 1281 1330 1330 est.

145 1373 192 1434 dit
220 1373 315 1432 enim:
353 1371 412 1432 ‘lli
450 1375 681 1433 necessitate
719 1374 825 1433 metri
864 1374 1075 1452 corripuit.'
1125 1373 1162 1433 Et
1191 1372 1377 1432 iuuencos
1405 1373 1441 1432 de

144 1474 245 1534 lutura
267 1481 407 1535 testatur:
710 1538 724 1568 ⁹
956 1529 960 1534 .

111 1590 134 1628 ιο
320 1574 392 1636 llcc
415 1574 573 1636 canibus
596 1583 763 1636 sanctum
786 1575 970 1637 dederitis
994 1593 1087 1636 neue
1109 1573 1249 1636 uelitis.

137 1676 182 1751 ¹lit
204 1678 436 1754 Augustinus
458 1678 495 1736 in
520 1674 617 1737 libro
640 1676 681 1736 dc
705 1677 882 1738 doctrina
906 1677 1136 1744 Christiana,
1160 1674 1210 1736 ubi
1235 1694 1348 1754 potions
1370 1677 1440 1738 illud

146 1777 287 1857 apostoli:
311 1778 428 1839 ‘Carnis
451 1795 552 1838 curam
575 1797 613 1839 ne
635 1778 766 1839 feceritis
788 1780 818 1839 in
842 1778 1119 1856 concupescuntiis’‚
1144 1777 1300 1838 euidenter
1315 1779 1443 1840 ostendit

34 1903 42 1913 ·
145 1878 304 1941 ‘feceritis’
328 1898 393 1940 esse
415 1879 597 1940 dicltoreum.

230 1979 275 2041 Ab
297 1979 473 2041 ‘adolesco’
497 1979 590 2041 uerbo
614 1984 696 2042 uenit
719 1983 907 2062 participium
932 1938 1150 2051 adolescens',
1181 1981 1219 2042 ob
1247 1983 1331 2043 cuim
1359 1982 1440 2045 dill'e

110 2098 134 2138 15
147 2086 275 2144 rentiam
309 2081 397 2143 docct
428 2082 547 2162 Caper
580 2085 806 2163 antiquissimus
829 2092 858 2144 et
879 2083 1111 2144 doctissimus
1103 2100 1138 2141 rn
1167 2081 1440 2164 orrtbograpbir

145 2203 227 2254 sua,
250 2182 327 2263 quod
351 2202 406 2263 per
425 2186 435 2244 i
456 2184 611 2261 prolertur
634 2204 741 2247 nomen
765 2185 969 2253 ‘adoliscens',
993 2182 1072 2244 unde
1096 2183 1242 2244 diriuatur
1265 2184 1441 2248 ‘adoliscen-

146 2286 208 2356 tia',
232 2284 406 2345 diminuitur
429 2285 695 2358 ‘adoliscentulus'‚
719 2293 900 2367 propagatur
923 2285 1164 2346 adolisccutior.

232 2488 244 2570 ll
262 2487 281 2548 i.
299 2485 340 2550 8l
358 2487 370 2570 ll
394 2487 547 2568 ‘Explicit'
564 2488 644 2550 nullo
666 2488 754 2549 modo
776 2489 834 2549 dici
857 2490 935 2568 quit,
960 2490 1015 2549 nisi
1039 2486 1221 2548 consuetudo
1243 2497 1365 2567 patrona
1388 2493 1440 2560 sit;

147 2591 307 2651 auotoritas
340 2590 418 2650 enim
448 2599 477 2651 et
505 2592 580 2651 ratio
604 2589 723 2668 regulae
751 2589 858 2651 deficit.
903 2590 1037 2669 [lenique
1065 2588 1169 2650 bratus
1200 2589 1442 2672 Hieronymus

41 2726 42 2731 κ
107 2693 182 2753 eoin
206 2689 454 2772 epistolarum
478 2710 545 2752 nna
567 2710 713 2753 suarum
737 2691 847 2752 latetur
875 2690 972 2752 solere
995 2690 1053 2751 dici
1082 2689 1242 2770 ‘explicuit
1270 2691 1364 2753 libor'
1393 2694 1440 2754 uel

146 2793 368 2872 ‘explicuerunt
389 2791 540 2873 capitula’,
569 2793 636 2854 ideo
658 2795 726 2873 quia
749 2795 788 2854 ita
811 2793 964 2872 profertur
986 2800 1141 2871 corrupte:
1172 2810 1242 2852 reor
1264 2793 1292 2855 id
1316 2798 1440 2874 scripto-

144 2914 209 2956 rum
235 2897 307 2956 uitio
329 2894 480 2965 accidisse,
506 2903 537 2954 ut
560 2895 675 2956 dicatur
697 2895 842 2976 ‘explicit’
867 2913 920 2973 pro
945 2893 1097 2974 ‘crptlicat'
1114 2892 1161 2954 uel
1179 2894 1354 2974 ‘explicuit’.

230 2996 445 3066 indolescens,
462 3004 494 3057 ut
510 2997 626 3075 Caper
649 2997 684 3057 in
707 2997 944 3074 orthogratta
966 3015 1028 3058 sua
1053 3003 1184 3066 testatur,
1202 2995 1373 3058 nullomodo
1396 3008 1440 3058 ost

25 3176 28 3179 ,
145 3096 318 3166 dicendum;
354 3098 435 3157 uenit
466 3100 559 3168 enim,
593 3098 671 3158 sicut
705 3097 783 3158 idem
818 3098 972 3158 euidenter
994 3098 1110 3178 pandit,
1145 3098 1343 3159 ab-‘adnlco’
1366 3099 1442 3160 illest

106 3218 131 3258 rs
145 3217 247 3260 cresco
271 3197 366 3260 uerbo
388 3201 575 3280 participium
600 3197 797 3259 ‘adolescens'
822 3207 851 3260 et
872 3217 981 3260 nomen
1005 3198 1206 3268 ‘aduliscens’‚
1230 3209 1261 3260 et
1283 3208 1440 3278 utrumqne.

144 3318 198 3379 per
221 3319 239 3360 o
262 3299 483 3369 uidelicet‚·eo
507 3300 585 3377 qnod
608 3299 791 3370 abolendo,
821 3300 898 3361 idest
920 3301 1083 3361 crescendo
1106 3301 1218 3361 dictum
1241 3304 1293 3361 sit:
1319 3311 1441 3380 propter

144 3401 341 3476 dillereutiam
373 3409 472 3462 tamon
505 3420 613 3462 nomen
646 3402 743 3480 ipsum
777 3420 832 3481 pm
859 3403 869 3460 i
898 3401 956 3462 dici
990 3399 1101 3461 debere
1135 3400 1217 3460 dicit.
1264 3401 1441 3463 alcuinus

144 3506 249 3573 etiam,
279 3503 370 3563 ueluti
399 3501 502 3563 debirit
529 3505 578 3564 nir
607 3511 726 3563 sanctus
754 3508 784 3561 et
812 3502 929 3573 doctus
962 3500 1209 3562 ‘adoliscentem'
1238 3521 1291 3582 per
1321 3522 1439 3564 cnutum

145 3603 375 3674 bibliothecam,
407 3603 458 3664 ubi
486 3603 626 3665 uidclicet
653 3621 712 3664 uon
741 3604 944 3683 participium,
972 3603 1024 3663 sed
1048 3622 1166 3682 semper
1189 3622 1296 3665 nomen
1320 3603 1349 3665 id
1372 3624 1440 3684 rep·

106 3709 241 3786 coperit,
265 3708 332 3767 iure
354 3723 407 3784 per
429 3707 439 3765 i
461 3706 672 3784 proferendum
696 3706 839 3774 correxit,
863 3712 909 3765 ut:
940 3703 1116 3766 ‘adoliscens
1139 3704 1193 3766 tibi
1216 3706 1297 3766 dico:
1328 3711 1439 3784 surgc’,

146 3816 189 3868 et:
206 3805 299 3868 '‘dirit
321 3805 530 3868 adolisccutior
553 3826 587 3868 ex
612 3805 668 3868 illis
690 3809 780 3887 patri'
803 3817 834 3867 ct
854 3808 896 3866 ‘in
913 3825 972 3887 quo
987 3810 1118 3885 corriget
1138 3807 1346 3868 adolisccutior
1363 3810 1439 3868 niam

141 3911 238 3972 suam’
262 3918 291 3970 ct
312 3907 557 3971 ‘adoliscentulus
579 3928 644 3970 sum
668 3927 724 3986 ego
747 3916 776 3968 ct
797 3912 1008 3988 contemptus'.
1058 3909 1102 3972 Ab
1126 3910 1342 3970 ‘adoliscento'
1367 3928 1439 3970 uero

144 4030 252 4073 nomen
275 4019 393 4072 constat
415 4009 664 4073 ‘adoliscentiam’
688 4013 807 4081 uenire,
840 4030 874 4071 ac
896 4029 949 4090 per
977 4010 1033 4071 boc
1061 4010 1164 4091 procul
1193 4010 1284 4070 dubio
1313 4012 1352 4069 ita
1381 4009 1438 4069 dici

143 4122 224 4173 recte
247 4112 367 4173 debere.
414 4113 445 4173 Si
468 4114 535 4192 quis
557 4121 657 4174 autem
679 4120 777 4192 putat,
800 4112 879 4192 qnod
903 4113 977 4173 sicut
999 4111 1139 4172 ‘adultus'
1156 4111 1272 4180 dicitur,
1296 4115 1338 4171 sic
1354 4111 1438 4172 ‘adu-

105 4232 129 4271 ss
144 4213 275 4276 lesccns'
299 4232 415 4294 quoque
438 4233 492 4293 per
515 4233 533 4274 u
558 4213 615 4275 dici
639 4214 760 4285 debeat,
789 4213 881 4273 dubio
904 4212 1006 4292 procul
1036 4222 1130 4281 orrat;
1160 4214 1332 4289 frequentor
1360 4215 1437 4272 cnim

143 4433 246 4483 sole-
264 4448 356 4483 ararum
378 4445 535 4484 monstratur
557 4435 648 4483 etenim
675 4435 741 4483 sicut
758 4433 813 4483 dies
832 4447 979 4482 successum
999 4432 1080 4482 noetis
1099 4447 1234 4499 uesperum
1253 4431 1341 4492 babet,
1360 4433 1397 4481 sic
1415 4445 1440 4481 ot

144 4517 194 4550 nox
212 4502 263 4552 diei
282 4513 372 4552 exortu
391 4516 524 4567 uesperam
543 4502 608 4550 babo
602 4512 619 4550 t
637 4512 662 4550 et
679 4511 718 4550 est
735 4503 832 4566 primae
849 4500 1027 4551 declinationis
1045 4512 1092 4556 etc

211 4566 313 4619 lCans
381 4573 501 4620 icasma
574 4566 757 4634 'lEgerimusl
781 4568 859 4632 Verp.
878 4569 945 4619 Aen.
966 4567 1006 4619 Vr
1024 4571 1076 4621 514
1159 4563 1441 4630 elnonensium

142 4639 182 4688 ed
203 4636 268 4689 Bere.
287 4645 345 4689 tom
364 4639 411 4688 IV
427 4655 452 4702 p
473 4641 505 4687 dd
523 4638 547 4686 n
617 4639 650 4686 10
667 4633 796 4700 sanctum]
816 4634 866 4685 leni
937 4634 1028 4686 llll'r·

140 4724 167 4771 p.
188 4707 259 4755 2213
282 4707 319 4755 nil
335 4708 385 4757 ulei
405 4707 469 4756 boec
489 4707 662 4755 inueniuntur·
686 4703 838 4754 adulescens
854 4715 947 4753 nomer

142 4791 206 4840 quoe
224 4781 250 4823 et
267 4773 299 4823 ab
316 4775 348 4825 iis
366 4791 431 4840 puae
453 4775 500 4824 boc
522 4776 577 4824 loeo
601 4773 720 4823 docuntur
740 4779 768 4822 et
783 4772 835 4821 illie
855 4784 920 4838 ow

140 4847 298 4909 discrepant.
368 4846 398 4894 31
419 4853 444 4891 et
461 4843 486 4890 in
505 4855 536 4890 co
