3382 5476
528 374 577 425 DE
596 371 719 425 mutus
738 370 1014 424 Tvsstcertsmvs,

365 565 504 620 Penthesis
526 565 578 621 hoc
600 563 689 621 reddit
711 564 828 621 medium
852 563 925 638 quod
948 562 1061 638 sincopa
1082 561 1157 618 tollit

448 649 528 705 Addit
549 667 702 724 paragoge,
727 648 845 723 subripit
866 665 997 723 apocope.

113 734 348 809 Amphiboluicun
381 743 423 790 est
455 733 539 808 figura
574 734 671 791 dubiae
706 736 839 791 orationis
870 736 942 790 sicut
972 751 1032 790 cum
1065 732 1165 807 aliquid
1199 733 1311 788 dicimus
1340 732 1412 806 quod

114 822 243 877 diuersis
270 821 354 876 modis
381 819 495 890 intelligi
521 829 615 894 potest
637 829 664 876 ει
686 821 794 894 quando
817 818 883 875 illud
906 836 938 875 ex
961 819 1093 876 industria
1115 818 1215 875 dicitur
1237 817 1337 874 bonum
1360 826 1413 887 est,

115 909 141 962 si
173 914 268 962 autem
294 922 325 960 er
352 905 449 962 iudicio
477 905 590 962 dicimus
617 905 717 961 malum
738 914 792 961 εει.
835 905 989 961 Parentesis
1012 903 1099 978 figura
1122 904 1296 977 interpositio
1319 911 1414 959 estut

115 994 148 1047 in
173 990 381 1047 auctoribus
403 990 566 1064 assignatur.
594 989 752 1047 'Perilrasis
774 989 859 1062 figura
883 997 925 1044 εει
953 989 1235 1063 circumloquentium.
1280 987 1414 1062 Yperbole

118 1075 215 1149 figura
239 1084 281 1131 est
303 1077 419 1131 excessio
442 1073 511 1131 fidei.
555 1075 686 1150 Epilogus
708 1074 794 1148 figura
817 1083 860 1132 εει
882 1073 976 1131 crebra
999 1076 1130 1149 repeticio
1154 1073 1315 1130 sententiae.
1359 1073 1416 1128 llia-

113 1163 220 1216 sirtica
243 1160 327 1234 ligura
350 1168 391 1216 εει
412 1160 499 1216 oratio
521 1160 684 1234 deceptoria.
728 1159 882 1217 Sinodoclae
911 1159 999 1232 figura
1023 1157 1063 1234 (l.)
1087 1167 1128 1214 est
1151 1158 1258 1232 quando
1280 1174 1343 1231 pars
1365 1175 1416 1230 pro

117 1254 184 1302 toto
217 1247 336 1318 ponitur.
385 1247 585 1319 Apostrophat‚
619 1246 666 1319 qui
699 1245 731 1300 de
758 1245 869 1302 ahsente
896 1253 1032 1318 tamquam
1060 1259 1190 1318 praesens
1219 1245 1255 1299 sit
1283 1243 1415 1316 loquitur.

118 1332 254 1405 spinosis
277 1328 437 1405 (tapinosis)
459 1339 503 1386 εει
529 1329 615 1405 figura
644 1346 756 1404 magnae
779 1332 818 1387 rei
841 1325 950 1387 humilis
973 1330 1122 1403 descriptio
1145 1329 1188 1385 εει
1213 1328 1293 1385 etiam
1316 1345 1417 1401 paruae

119 1417 162 1472 rei
187 1432 285 1489 magna
307 1414 463 1489 descriptio.

211 1538 374 1613 sequitur:
400 1532 946 1626 le·pnsebn·uot·eoicruccnr.

211 1667 339 1741 Reliqua
353 1674 450 1725 nutem
469 1668 542 1727 libri
556 1684 634 1742 pars
644 1667 716 1741 sere
731 1676 793 1728 toto
807 1668 938 1728 homiliis
954 1668 1132 1727 Germanico
1146 1682 1282 1726 sermone
1296 1666 1419 1741 scriptis

122 1769 364 1841 tractatibusque
384 1769 512 1828 eiusdem
532 1772 652 1843 pencris
672 1773 796 1831 medicis
810 1773 925 1847 repleta
940 1776 994 1829 est.
1025 1770 1149 1829 Dierum
1164 1769 1419 1845 Aepyptiucorum

122 1872 287 1943 carminis,
311 1872 391 1945 quod
411 1878 495 1931 extat
511 1889 545 1947 p.
572 1879 640 1941 tut,
665 1875 826 1933 Guilelmus
847 1872 1029 1932 Scltmitzius
1051 1874 1119 1931 olim
1147 1872 1323 1930 mentionem
1341 1868 1420 1941 fecit

124 1990 202 2032 muas.
227 1973 323 2031 Illten.
349 1979 423 2031 1868
441 1991 475 2048 p.
501 1981 567 2033 521.

215 2074 298 2144 Ouiae
319 2090 389 2133 uero
411 2077 454 2134 ud
472 2078 702 2149 prommutieum
723 2083 875 2152 spectant,
901 2076 977 2136 ltuee
998 2083 1084 2136 sunt:

171 2215 198 2270 p.
215 2195 275 2252 285
292 2195 343 2252 eol.
360 2198 392 2251 l:
499 2197 618 2270 Regulae
640 2206 667 2254 et
689 2215 786 2254 uersus
809 2198 842 2253 dc
865 2196 960 2278 formis
982 2198 1203 2272 praeteritorum.

129 2315 225 2372 Omnia
254 2313 335 2369 uerba
364 2317 464 2388 primae
492 2317 693 2390 coniugationis
721 2326 750 2372 et
777 2316 882 2373 aetiuae
906 2316 1104 2373 terminationis
1127 2334 1141 2371 a
1164 2317 1281 2373 secunda
1304 2331 1421 2389 persona

128 2401 283 2474 praesentis
313 2401 441 2473 temporis
472 2400 589 2457 formant
617 2402 794 2474 praeteritum
822 2401 974 2476 perlectum
1003 2401 1108 2459 abiecta
1129 2419 1142 2457 s
1164 2401 1254 2457 littera
1283 2409 1311 2457 et
1333 2399 1421 2454 addita

129 2487 155 2541 ui
173 2484 280 2555 sillaim,
304 2492 333 2539 ut
355 2502 426 2542 arnas
447 2488 534 2541 atnaui
558 2488 675 2560 exeeptis
692 2486 736 2542 xv
750 2504 811 2544 cum
835 2504 930 2543 corum
953 2488 1103 2561 conpositis
1127 2487 1273 2561 plerisque.
1310 2482 1421 2540 ‘Pleris-

129 2588 184 2645 que
206 2569 369 2642 conpositis'
390 2570 450 2626 dico
473 2572 532 2627 ideo
556 2572 618 2644 quia
646 2575 788 2646 conposita
811 2590 825 2627 a
849 2571 920 2646 plico
949 2589 1009 2628 cum
1039 2570 1290 2647 praeposicionibus
1321 2570 1423 2624 iaciunt

130 2656 307 2729 praeteritum
330 2657 357 2709 in
380 2656 406 2710 ui
429 2657 530 2712 diuisas
552 2664 583 2711 ut
605 2656 735 2730 implicui.
780 2657 927 2731 Conposita
950 2675 1011 2714 curn
1034 2657 1188 2713 nominibus
1218 2655 1319 2712 iaciunt
1344 2671 1421 2728 prae·

130 2742 240 2796 teritum
256 2741 283 2794 in
299 2742 360 2811 aui,
383 2750 413 2794 ut
428 2740 613 2814 multiplicaui.
651 2742 745 2797 llmnia
761 2741 845 2798 uerba
861 2743 964 2816 primae
978 2743 1179 2815 coniugationis
1196 2736 1235 2815 (in
1250 2756 1340 2812 morp.
1358 2738 1422 2810 ·ιι··),

130 2843 200 2899 quae
230 2823 389 2896 regulariter
416 2824 533 2881 formant
561 2827 737 2901 praeteritum
760 2829 786 2882 in
810 2827 854 2882 aui
879 2829 905 2882 ui
929 2836 1032 2884 mutata
1054 2827 1082 2882 in
1106 2836 1162 2883 tum
1185 2826 1287 2883 iaciunt
1315 2826 1422 2898 supina,

130 2919 160 2967 ut
182 2911 270 2965 amaui
293 2918 417 2965 amatum.
459 2911 588 2967 Similiter
610 2928 679 2985 quae
701 2913 729 2967 in
752 2913 779 2968 ui
802 2911 904 2968 diuisas
928 2914 954 2968 ln
978 2915 1063 2984 itum,
1087 2921 1117 2968 ut
1140 2914 1215 2968 uctul
1238 2911 1353 2966 uetitum
1377 2926 1422 2964 ex·

130 2997 217 3069 ceptis
240 2995 267 3049 in
290 3012 323 3051 co
345 2995 541 3066 desinentibus,
564 3013 632 3070 quac
655 2998 745 3053 omnia
768 2999 795 3052 in
818 3006 891 3054 ctum
907 2997 1020 3060 iaciunt.
1043 3007 1074 3054 ut
1090 2996 1163 3054 secui
1179 3005 1294 3067 sectum,
1317 3003 1425 3069 praeter

129 3080 217 3154 plico,
241 3078 313 3152 quod
337 3079 401 3135 iacit
422 3080 544 3153 plicitum
567 3089 594 3136 et
616 3081 701 3151 mico,
725 3082 798 3156 quod
822 3100 875 3139 nen
899 3082 981 3139 habet
1002 3083 1140 3157 supinum.
1185 3082 1246 3138 lledi
1270 3098 1336 3136 uero
1359 3080 1424 3135 iacit

129 3166 235 3234 datum,
252 3163 306 3219 laui
321 3163 406 3220 lotum
423 3165 466 3220 uel
490 3165 602 3235 lautum,
626 3169 682 3223 iuui
705 3169 803 3239 imum,
827 3171 890 3223 steti
914 3176 1026 3239 statum,
1050 3168 1123 3242 quod
1146 3167 1294 3223 secundum
1318 3181 1424 3239 quos·

128 3251 200 3306 dam
224 3248 399 3321 producitur,
423 3252 501 3305 utin
524 3249 658 3307 Lucano
681 3250 731 3325 (es.
746 3252 839 3309 Prisc.
856 3252 876 3308 I
892 3270 923 3324 p.
940 3256 1016 3319 474,
1033 3248 1157 3328 9-15);

481 3335 692 3394 Constatura
714 3337 807 3393 fides
831 3355 1004 3412 superum.

128 3418 284 3477 Secundum
307 3417 399 3475 alios
421 3422 578 3494 corripitur,
601 3422 686 3478 unde:

484 3523 627 3579 quorum
650 3516 747 3564 stata
770 3516 925 3582 tempora
949 3506 1068 3566 flatus.

129 3589 183 3646 Sed
198 3588 403 3645 Priscianus
426 3590 533 3647 uidetur
555 3591 641 3664 uelle,
665 3593 736 3666 quod
753 3595 789 3648 sit
803 3602 929 3666 correpta
953 3593 985 3648 de
1000 3593 1052 3649 lroc
1067 3593 1166 3666 supino
1182 3600 1282 3649 statum
1298 3589 1424 3664 loquens.

216 3673 309 3729 Omnia
332 3674 414 3730 uerba
436 3675 567 3732 secundae
590 3677 790 3749 coniugationis
813 3679 840 3733 in
863 3696 915 3734 ueo
940 3679 1090 3734 desinentia
1113 3695 1145 3733 eo
1162 3685 1264 3733 mutata
1280 3675 1319 3747 (in
1334 3693 1426 3747 murp.

130 3758 196 3830 ·lll·)
220 3761 246 3815 in
263 3776 278 3814 c
296 3758 398 3816 iaciunt
420 3762 596 3833 praeteritum
617 3761 766 3836 penultima
790 3763 934 3837 producta,
956 3771 988 3819 ει
1010 3780 1109 3820 moueo
1131 3765 1206 3820 moui
1227 3772 1255 3818 et
1278 3762 1426 3818 secuudum

129 3845 185 3901 hoc
207 3845 343 3902 conniueo
366 3845 473 3902 conniui
497 3855 523 3901 et
546 3846 639 3903 ierueo
663 3847 732 3903 ierui
755 3856 782 3903 et
804 3866 860 3905 non
883 3847 986 3916 ierbui;
1010 3849 1062 3905 hoc
1084 3850 1154 3903 enim
1177 3855 1219 3902 est
1242 3865 1256 3902 a
1280 3845 1384 3903 ferbeo.

217 3929 311 3985 Omnia
339 3928 435 3996 uerba,
465 3947 533 4005 quae
562 3932 663 3988 iaciunt
691 3936 867 4005 praeteritum
890 3936 917 3990 in
940 3936 984 4005 ui,
1014 3936 1040 3989 ui
1064 3940 1165 3989 mutata
1189 3935 1216 3988 in
1240 3939 1296 3988 tum
1325 3931 1427 3987 iaciunt

129 4016 258 4090 supinum
291 4016 410 4089 exceptis
440 4033 521 4089 pasco
550 4025 577 4071 et
604 4019 719 4088 ceteris,
754 4036 822 4092 quae
851 4021 878 4075 in
907 4021 1045 4093 praesenti
1075 4017 1212 4074 uersiculo
1241 4017 1425 4073 continentur.

128 4101 200 4157 Nota
227 4100 299 4173 quod
329 4100 374 4155 illa
402 4100 505 4157 scillcet
527 4119 609 4175 pasco
632 4111 660 4158 et
682 4104 982 4177 ceterasercipiuntur,
1012 4121 1067 4160 non
1090 4106 1152 4177 quia
1175 4102 1278 4159 iaciunt
1300 4103 1426 4174 supinum

130 4188 158 4241 in
182 4193 239 4240 tum
264 4181 331 4256 (tion
353 4184 427 4255 cod.)
451 4185 497 4241 sed
521 4189 583 4260 quia
606 4188 633 4242 iu
657 4187 869 4245 formacionibus
897 4205 992 4245 eorum
1015 4189 1117 4262 aliquid
1140 4188 1248 4245 additur
1270 4186 1314 4241 uel
1338 4193 1425 4240 muta-

130 4278 216 4340 tatur‚
238 4270 310 4342 quod
334 4271 360 4324 in
384 4269 498 4344 singulis
519 4279 594 4344 patet
616 4274 642 4327 in
666 4273 738 4329 omni
761 4275 961 4348 coniugatione.
1006 4273 1075 4330 Nota
1098 4273 1171 4347 quod
1194 4289 1273 4329 omne
1297 4272 1424 4344 supinum

130 4356 275 4412 formatum
299 4357 326 4410 ui
349 4356 484 4410 mutatio
508 4364 581 4427 tum,
609 4357 735 4430 producit
765 4359 939 4432 penultimam
971 4366 1081 4433 praeter
1104 4376 1166 4427 sex,
1195 4357 1299 4414 scilicet
1321 4356 1426 4428 quitum

131 4442 215 4496 situm
242 4442 326 4496 citum
354 4449 441 4496 satum
471 4441 547 4497 litum
576 4445 651 4499 itum.
701 4443 848 4518 Propterea
876 4461 997 4517 agnosco
1026 4453 1053 4500 et
1082 4460 1219 4517 cognosco
1248 4443 1370 4515 agnitum
1401 4448 1427 4494 ει

131 4526 273 4598 cognitum
296 4525 408 4580 iaciunt.

195 4641 349 4701 Secuntur
362 4658 466 4701 uersus
478 4643 516 4701 de
529 4645 633 4703 eudem
646 4662 689 4718 re,
704 4663 830 4720 priorum
842 4661 933 4719 super
944 4647 1070 4720 sinpulis
1080 4645 1237 4704 uocabulis
1246 4645 1428 4716 plassemuta

125 4747 232 4822 positu
247 4751 316 4803 sunt
331 4745 449 4817 eudem,
475 4761 664 4819 pacatumue,
682 4763 785 4818 manu,
803 4763 890 4821 quine,
909 4749 982 4820 quiin
998 4748 1136 4822 plurimu
1151 4745 1325 4805 raecessnm'n
1339 4750 1429 4803 erunt

131 4850 175 4907 nd
189 4862 309 4905 auersum
325 4846 419 4920 ipsum
440 4848 687 4921 intellepenrlum,
713 4851 744 4910 in
761 4850 959 4910 describendo
974 4847 1094 4922 rieulepi
1108 4849 1217 4906 dedere
1229 4862 1291 4915 non
1300 4849 1429 4920 pittuui:

208 4944 306 4986 (lun.
319 4951 372 4985 ur.
385 4944 469 4986 suern.
1209 4962 1224 4996 Θ
