3382 5476
198 369 263 433 226
593 368 826 422 COMMENTVM
845 368 1087 421 circumuentus

198 558 296 618 littera
325 575 375 618 sex
404 558 537 638 adusque
565 558 719 637 peruenit,
749 563 780 617 ut
802 576 817 618 a
840 556 878 617 ab
900 556 953 617 abs
976 574 1061 617 mons
1085 564 1168 617 stans
1190 557 1311 636 stirps..
1336 556 1494 639 Tempo-

197 678 277 721 rum
300 678 431 739 capax,
454 661 474 718 i·
497 659 656 737 receptrix.
701 656 809 718 Breuis
832 659 911 717 enim
926 655 1036 737 syllaba
1051 675 1143 718 unum
1159 665 1277 739 tempus
1291 656 1391 729 babet,
1407 658 1493 737 longa

198 779 272 822 nero
295 758 363 820 dun.
408 760 481 821 Cum
505 778 577 839 ergo
600 758 671 819 dicit
693 760 797 837 ‘capax
817 760 1008 838 temporum',
1031 760 1062 819 in
1085 758 1140 819 bac
1161 759 1334 821 dellniticne
1356 778 1494 842 compre·

197 861 302 924 bendit
324 870 353 922 et
375 880 439 931 eas,
464 878 539 938 quae
562 862 650 922 nnius
673 862 816 939 temporis
838 868 908 920 sunt
929 877 1054 939 capaces
1075 860 1123 921 uel
1146 860 1247 923 dnum.
1291 860 1330 923 tlt
1351 868 1399 923 cst
1419 871 1493 923 tem·

196 984 253 1045 pus
280 966 311 1024 in
339 961 449 1042 syllaba
482 964 609 1041 spatium
638 961 802 1041 quoddam,
841 961 980 1022 uidelicet
1010 961 1154 1041 quaedam
1190 959 1306 1024 morula
1335 962 1429 1025 uncia.
1451 980 1518 1019 -s

95 1067 376 1128 marcomannes
403 1073 473 1124 sunt
500 1062 588 1123 modo
610 1062 730 1139 longae,
755 1061 842 1122 modo
869 1061 988 1124 breues.
1033 1062 1069 1123 ln
1097 1065 1108 1123 i
1135 1062 1219 1123 loco
1247 1066 1495 1126 consonantis

197 1168 373 1247 positam,
398 1174 429 1225 nt
445 1166 515 1225 ‘aio’
532 1184 547 1225 a
564 1163 738 1245 producitur
760 1166 790 1223 in
814 1165 909 1242 prima
932 1181 1074 1242 persona,
1097 1166 1127 1225 in
1151 1163 1280 1227 secunda
1302 1181 1378 1226 uero
1399 1165 1494 1227 corri-

94 1270 292 1349 acsaspitnr,
323 1269 391 1347 qnia
414 1267 504 1326 iiam
533 1264 645 1325 uocalis
673 1272 727 1326 est.
778 1264 986 1333 Positione,
1015 1267 1040 1325 i·
1064 1267 1220 1335 missione,
1249 1267 1319 1345 qula
1347 1263 1391 1327 ibi
1421 1265 1494 1328 duas

196 1375 394 1431 consonantes
425 1369 575 1430 mittimus.
625 1365 708 1427 llicta
743 1382 814 1443 ergo
846 1368 956 1444 positio
983 1385 999 1426 a
1028 1366 1183 1446 ponendo,
1216 1385 1252 1427 eo
1280 1366 1358 1447 quod
1387 1376 1494 1447 poetae

197 1471 378 1532 artificaliter
406 1477 653 1549 composuerunt,
683 1477 714 1526 ut
737 1465 838 1526 breuis
869 1466 995 1534 uocalis,
1025 1485 1100 1546 qnae
1128 1486 1238 1548 perse
1260 1486 1351 1530 unum
1373 1476 1529 1549 tempusn

196 1572 300 1640 habet,
331 1589 366 1631 ex
395 1568 525 1637 duabus,
559 1587 635 1646 quae
663 1577 836 1647 sequnntur,
865 1568 1096 1631 consonantibus
1125 1568 1380 1632 babeatalterum
1403 1580 1493 1632 etex

95 1682 334 1752 sca,ncnrrcpta
358 1679 448 1751 queat
470 1689 535 1731 esse
558 1669 711 1749 producta.
758 1668 998 1739 Producitur,
1022 1672 1041 1730 i·
1066 1669 1241 1749 protelatur.
1277 1671 1321 1730 vt
1342 1689 1403 1731 ao.
1435 1670 1493 1731 let

197 1796 214 1835 u
238 1774 363 1841 dimisit,
388 1774 455 1852 quia
480 1790 538 1832 non
562 1788 680 1849 semper
702 1779 772 1830 sunt
793 1769 920 1831 uocales.
951 1768 963 1853 lj
977 1767 1038 1832 201
1052 1770 1064 1853 {l
1089 1772 1315 1851 lunguntur,
1337 1773 1357 1832 i·
1374 1774 1492 1834 socian-

196 1884 253 1937 tur.
286 1873 569 1954 biphtuongnm,
585 1874 604 1932 i·
622 1870 738 1932 dualem
755 1889 869 1940 sonum,
886 1872 939 1930 ‘di’
956 1872 1023 1942 dno,
1040 1872 1235 1953 ‘phthongus’
1258 1891 1348 1933 sonus
1369 1872 1491 1936 dicitur.

94 1978 250 2047 sssmlii,
279 1975 478 2055 diphthongus
506 1974 634 2050 antiquis
665 1973 720 2032 luit
742 1974 771 2031 in
795 1991 863 2047 usu,
893 1972 944 2033 sed
974 1973 1062 2033 modo
1091 1993 1124 2034 ea
1147 1992 1207 2036 non
1229 1975 1349 2044 utimur,
1380 1975 1437 2035 nisi
1459 1975 1490 2035 in
1504 1991 1528 2031 ιε

194 2080 258 2158 ipsa
286 2074 446 2157 porticula,
475 2075 552 2134 idest
572 2075 795 2142 interiectione,
826 2084 858 2134 ut
886 2077 931 2134 ‘ei
955 2075 1054 2145 mibi’,
1083 2077 1250 2137 interiectio
1279 2074 1411 2136 dolentis
1437 2084 1492 2137 cst.

95 2200 183 2247 sosas
197 2179 326 2240 ‘Eibam’
343 2179 373 2239 in
382 2224 495 2238 ......
517 2177 650 2255 posuisse
666 2174 809 2243 creditur,
833 2178 900 2255 quia
924 2174 961 2236 ab
984 2196 1037 2237 usn
1061 2179 1194 2239 recessit.
1238 2176 1448 2256 Excipitur,
1471 2178 1492 2237 i·

196 2289 361 2361 separatur.
407 2280 450 2339 Vt
477 2297 590 2346 arma,
621 2294 729 2338 rrumen
759 2276 893 2338 neutrale
921 2286 967 2339 cst
996 2286 1025 2338 et
1046 2297 1165 2358 semper
1193 2276 1317 2357 plurale.
1361 2280 1491 2347 Arcus,

195 2383 232 2443 ab
256 2381 385 2442 arcendo
408 2379 524 2448 dicitur,
549 2398 584 2439 eo
607 2379 685 2456 qnod
709 2379 810 2439 hostes
833 2397 850 2438 a
872 2379 959 2457 longe
981 2388 1131 2448 coerceat,
1161 2382 1185 2440 i·
1209 2378 1343 2458 repellat
1388 2381 1491 2450 Axis,

196 2484 291 2546 tribus
313 2482 488 2560 intelligitur
511 2480 620 2549 modis;
651 2482 713 2559 ipsa
738 2479 877 2540 uidelicet
899 2498 983 2559 pars,
1013 2480 1065 2541 nbi
1086 2481 1250 2562 plaustrum
1274 2479 1403 2549 uehitur,
1426 2483 1529 2543 arisae

196 2586 375 2665 appellatum
400 2593 444 2643 est
466 2585 553 2643 etiarn
577 2599 647 2662 pars
669 2581 756 2649 caeli,
780 2583 799 2640 i·
823 2583 994 2661 septentrio,
1019 2582 1067 2642 nel
1083 2583 1160 2643 linea
1181 2580 1375 2660 intelligibilis
1391 2601 1407 2644 a
1422 2583 1493 2663 polo

95 2708 182 2756 soo,sc
196 2706 289 2765 usqne
312 2687 346 2747 ad
371 2685 487 2765 polum,
511 2681 590 2744 eirca
614 2701 700 2760 quam
725 2680 856 2744 uoluitur
878 2682 1002 2743 caelum.
1050 2685 1225 2753 Positam,
1248 2684 1269 2743 i·
1285 2686 1416 2745 missam.
1451 2683 1493 2745 Vt

196 2797 231 2850 at
254 2788 341 2848 luno
363 2796 398 2848 at
419 2789 549 2846 Venus.
595 2783 694 2845 Venus
716 2803 732 2844 a
756 2793 909 2845 uenustate
933 2785 1051 2855 dieitur,
1074 2785 1098 2844 i·
1121 2805 1136 2845 a
1160 2783 1391 2862 pulchritudine.
1435 2784 1492 2847 Ve-

106 2898 315 2958 sco‚1nustuur
340 2890 417 2948 enim
442 2888 567 2947 dicimus
590 2886 738 2945 bominem
760 2884 929 2964 pulchrum.
975 2887 1186 2955 Geminam,
1215 2887 1240 2946 i·
1264 2886 1434 2966 duplicant,
1459 2896 1493 2949 ut

196 2991 289 3050 ‘aiic’.
334 2988 392 3047 Sed
415 2991 481 3068 qnia
506 2988 603 3047 lriatus
623 2984 818 3046 intolerabilis
842 2995 904 3048 erat
927 2989 1004 3048 inter
1027 2995 1070 3047 tot
1092 2986 1226 3056 uocales,
1258 2986 1416 3067 expulsum
1444 2998 1528 3051 ests

197 3109 287 3151 rrnnm
318 3091 325 3148 i
355 3109 371 3149 a
399 3086 668 3167 perspicacioribus
695 3086 788 3147 altero
822 3097 994 3148 remanente
1022 3105 1076 3166 pro
1105 3086 1219 3149 duabus
1247 3089 1491 3153 consonantibus.

105 3194 237 3252 ³⁶⁹·2Vt
265 3193 321 3251 aio
353 3199 386 3249 te.
414 3190 569 3250 Aeacida
598 3188 782 3248 Romanos
812 3189 964 3249 irincere
993 3207 1111 3268 posse.
1156 3188 1298 3250 Aeacides
1324 3190 1423 3252 dictus
1445 3200 1492 3253 est

194 3292 339 3372 Pyrrhus,
368 3293 418 3370 qui
447 3309 513 3352 eum
543 3289 666 3351 deberet
692 3291 736 3349 ire
766 3288 801 3348 ad
831 3288 940 3350 bellum
969 3298 1072 3351 contra
1101 3290 1266 3357 Romanos,
1294 3292 1492 3371 interrogauit

193 3392 376 3474 Apollinem,
411 3402 508 3453 utrum
544 3393 639 3452 nictor
669 3392 819 3452 existeret.
864 3391 917 3451 Cui
952 3389 1033 3451 dedit
1065 3390 1188 3452 dubium
1222 3410 1414 3472 responsum,
1449 3402 1490 3461 ut.

194 3497 326 3576 quisquis
348 3497 495 3561 uinceret.
520 3496 584 3573 ipse
606 3512 676 3553 uera
700 3493 810 3553 dixisse
832 3491 994 3553 uideretur.
1039 3492 1111 3554 Nam
1135 3493 1276 3554 dicendo:
1299 3496 1330 3553 ‘o
1352 3495 1527 3565 Aeaciden

194 3599 241 3656 nin
270 3607 299 3657 te
328 3616 414 3676 posse
442 3597 560 3655 uincere
589 3595 760 3663 Romanos’,
791 3594 872 3672 quasi
901 3595 1057 3654 uictoriam
1087 3596 1113 3653 ei
1142 3596 1289 3675 promisit.
1334 3596 1366 3657 Si
1389 3605 1489 3658 autem

194 3698 318 3758 dixeris:
351 3696 381 3756 ‘o
404 3695 543 3762 Aeacida,
568 3698 613 3755 aio
636 3696 785 3757 Romanos
808 3714 894 3775 posse
917 3697 1039 3756 uincere
1062 3697 1114 3769 te’‚
1139 3698 1151 3775 ll
1168 3692 1260 3777 2021}
1284 3698 1371 3776 quasi
1394 3698 1490 3759 uicto·

193 3801 267 3859 riam
291 3798 431 3858 Romanis
453 3798 614 3876 promittit,
638 3796 716 3858 unde
738 3807 768 3857 et
790 3792 886 3870 λοξός
908 3794 1015 3858 dicitur
1037 3795 1153 3876 Apollo,
1177 3799 1197 3856 i·
1218 3796 1352 3859 lubricus
1375 3805 1406 3859 et
1428 3806 1490 3860 tor·

194 3910 309 3969 tunsus,
334 3917 369 3958 uc
392 3898 470 3977 quod
494 3897 583 3958 dubia
607 3897 695 3958 dabat
717 3915 868 3977 respousa.

278 4000 320 4061 lle
343 3999 549 4061 communibus
571 3998 701 4080 syllabis.
746 3998 880 4079 Syllabas
909 4018 1097 4067 communes,
1128 4019 1204 4080 quac
1233 4002 1342 4079 corripi
1366 4010 1396 4063 et
1418 4018 1525 4083 pro-ss

193 4103 261 4164 duci
289 4111 430 4182 possunt,
459 4101 623 4163 secundum
647 4100 825 4162 Donatum
849 4100 911 4160 Vlll
935 4101 1030 4162 modis
1058 4104 1146 4170 fiunt,
1176 4102 1227 4162 scd
1256 4104 1337 4164 iuxta
1368 4102 1488 4166 beatum

193 4206 325 4266 Bedam
349 4204 423 4266 Vllll
448 4212 593 4265 ccrrstant.
639 4203 757 4263 Primus
779 4201 885 4262 modus
908 4212 968 4263 est:

548 4304 657 4364 Vasto
680 4303 854 4383 Cyclopis
876 4304 912 4364 in
935 4314 1044 4367 antro

194 4443 420 4451 ——————-

261 4560 380 4624 'lposito
449 4560 478 4605 ll
498 4563 635 4618 seqntmnr
688 4560 736 4607 ,12
755 4568 782 4606 ut
800 4573 846 4606 ne
922 4560 954 4608 14
970 4559 1132 4625 dyptnngum
1183 4559 1218 4623 dy
1271 4570 1385 4625 ptongus
1457 4564 1487 4613 lb

192 4628 341 4692 dyptcngns
412 4627 443 4674 16
461 4626 536 4673 miclri
607 4628 637 4675 l'l
656 4625 755 4683 Eibam,
773 4641 904 4689 suprascr.
924 4623 966 4692 eo]
992 4628 1055 4678 Post
1072 4628 1136 4677 dccc
1153 4630 1286 4678 nonnullae
1304 4630 1409 4679 litterae
1426 4645 1488 4680 eun·

192 4703 308 4745 nuenml.
361 4690 435 4757 qnia]
454 4695 496 4742 An
515 4693 602 4755 qnod?
654 4697 687 4745 20
705 4696 787 4743 ueitur
837 4694 870 4743 26
888 4709 965 4743 renum
985 4695 1000 4747 l.
1018 4712 1033 4744 a
1051 4691 1268 4761 perspicntoribns
1336 4698 1371 4747 2?
1389 4698 1486 4755 meida,

192 4762 230 4812 bis
280 4764 314 4812 28
332 4778 424 4827 pyrrus
492 4762 526 4810 30
544 4762 640 4822 eacidn,
658 4762 697 4812 bis
747 4765 780 4813 33
797 4761 870 4811 loxos
923 4764 956 4813 37
973 4760 1092 4827 baedam]
1111 4781 1139 4828 p.
1157 4764 1229 4813 2352
1246 4762 1272 4812 P
1338 4766 1372 4816 38
1389 4760 1485 4831 Veste]

192 4831 227 4893 cf.
247 4831 314 4881 Don.
331 4848 359 4896 p.
374 4833 462 4896 369,5
479 4844 534 4879 cnm
551 4830 637 4882 adnot.
658 4830 737 4880 Keilii
802 4827 917 4895 rielopis]
942 4830 1019 4896 Verp.
1037 4832 1104 4884 Aen.
1121 4830 1173 4881 Ill
1191 4832 1240 4881 mr
