3382 5476
673 385 897 438 personui-:e
1325 398 1441 451 mxv

137 577 349 658 scrupulosus,
379 577 457 658 quod
483 576 559 657 lapis
582 576 711 636 calcatus
733 574 960 636 sollicitudinem
984 539 1076 637 creat.
1121 574 1170 636 Sic
1193 585 1223 637 et
1245 575 1442 655 scrupulosae

138 681 308 741 sententiae
331 697 434 757 magna
458 677 624 739 sollicitudo
648 676 814 747 adhibetur,
839 686 871 738 ιιι
893 677 1039 739 enodetur
1062 682 1147 756 (aen-
1169 679 1261 755 cod).

228 817 257 878 p.
284 797 311 867 1,
336 794 376 858 10
397 797 586 858 Enucleatius
609 794 719 875 (aen-l]
744 797 891 876 apertius,
915 804 1042 858 tractum
1066 803 1113 856 est
1134 815 1150 856 a
1174 797 1350 856 tenuissimo
1375 814 1440 856 cor·

139 902 198 961 tice
223 918 343 960 nucum.

226 1036 256 1097 p.
276 1014 381 1088 10,15
404 1035 457 1078 uec
473 1017 607 1097 produci
629 1001 650 1077 Ᾰ
675 1000 704 1077 S.
728 1002 777 1096 0.]
801 1017 864 1078 Hoc
879 1018 982 1092 sciant,
1006 1018 1057 1096 qui
1073 1016 1185 1077 addunt
1207 1018 1294 1077 istam
1310 1014 1438 1096 liquidis.

228 1155 258 1216 p.
283 1135 332 1207 tt,
356 1133 375 1197 6
398 1137 492 1208 Quam
516 1137 594 1216 apud
617 1120 724 1196 tutti.
747 1135 800 1216 tt]
831 1136 888 1197 Sed
903 1155 970 1197 nau
993 1134 1197 1216 appellabatur
1221 1133 1333 1215 (-bitur
1348 1135 1438 1210 cod).

228 1275 258 1336 p.
273 1252 325 1326 24,
342 1252 362 1317 9
377 1256 492 1336 Pylisso
514 1255 662 1333 quidam
686 1253 790 1315 uolunt
806 1254 990 1332 ‘frequenter
1005 1259 1100 1334 spuo',
1122 1252 1269 1331 quidam
1290 1253 1438 1332 ‘trequen-

139 1368 189 1419 ter
218 1363 301 1438 poto’
327 1360 391 1418 siue
413 1363 528 1436 ‘potum
550 1357 680 1437 potando
703 1360 859 1417 consumo’
881 1375 933 1417 sen
957 1359 1085 1435 ‘saepius
1108 1355 1206 1416 bibo':
1235 1354 1302 1416 inde
1332 1354 1440 1417 dicitur

140 1461 258 1540 pituita,
282 1458 359 1521 idest
380 1459 496 1537 llegma.

230 1581 259 1642 p.
281 1559 332 1631 32,
355 1560 376 1623 5
398 1562 478 1622 luter
500 1580 532 1623 se
555 1562 649 1622 coisse
672 1563 754 1622 uiros
770 1559 804 1631 Q.
823 1557 871 1641 u]
895 1558 1021 1631 Quidam
1045 1559 1162 1621 codices
1183 1563 1274 1638 ‘qne'‚
1297 1557 1349 1621 sed
1374 1578 1434 1619 me·

139 1662 200 1725 lius
223 1665 277 1724 ‘et'
300 1662 462 1725 secundum
485 1663 564 1724 bunc
587 1669 617 1723 et
638 1663 825 1732 Seruium,
849 1663 938 1740 (bunc
960 1681 1079 1722 seruum
1102 1664 1185 1735 cod,
1212 1661 1257 1735 cs.
1281 1662 1369 1723 Seru.
1394 1662 1437 1721 ad

147 1768 243 1841 Vero.
267 1767 341 1826 Aen.
364 1767 440 1834 XII,
466 1766 530 1843 709)
553 1774 585 1826 ut
608 1766 698 1826 uiros.
722 1784 745 1824 s.
769 1763 922 1843 liquescat.
967 1765 1039 1824 Cum
1062 1763 1243 1844 apostrophe
1264 1762 1373 1824 dicitur
1387 1761 1437 1823 illa

141 1869 252 1947 ligura,
276 1886 352 1946 quae
375 1876 419 1928 est
440 1869 490 1937 ita,
512 1873 544 1927 ut
565 1875 595 1927 et
618 1867 660 1947 (ut
681 1871 722 1944 ut)
746 1867 871 1935 ‘uideu',
895 1866 970 1927 idest
992 1884 1057 1926 curn
1080 1865 1287 1930 conuersione.
1403 1908 1412 1921 .
1465 1871 1469 1878 '

232 2004 271 2065 p.
285 1981 336 2056 58,
359 1981 401 2045 23
424 1992 453 2044 ιιι
470 1982 580 2045 bonum
596 1982 729 2063 animal]
759 1985 831 2045 Nam
848 1983 955 2062 animal
971 1982 1080 2045 animal
1096 1982 1241 2064 (animale)
1258 1993 1312 2063 est,
1335 2002 1438 2062 quam·

144 2105 238 2165 quam
261 2085 372 2147 bonum
394 2093 445 2146 aut
466 2084 576 2147 malum
604 2085 744 2157 addatur,
773 2105 831 2148 non
861 2087 1045 2147 eonsumitur
1072 2087 1218 2164 priuatam
1247 2085 1439 2148 substantiam

142 2188 263 2268 l-ciam)
279 2187 527 2267 singularitatem:
551 2195 580 2248 et
595 2189 755 2258 homiuem,
772 2188 849 2267 quod
866 2198 912 2250 est
926 2187 1107 2250 substantiae
1124 2187 1243 2268 (cine),
1267 2197 1296 2249 et
1309 2197 1449 2268 poetam,

143 2289 227 2372 quod
250 2299 296 2352 est
316 2289 472 2370 qualitatis,
496 2289 620 2350 ostendo
642 2289 745 2351 dicens
767 2289 954 2368 ‘Virgilium’.

233 2428 262 2489 p.
285 2405 337 2479 58,
359 2405 402 2470 26
424 2426 498 2489 quae
521 2407 688 2487 philosophi
710 2418 807 2471 atoma
830 2406 962 2489 uocant}
1000 2408 1043 2471 td
1068 2418 1204 2471 neutrum
1228 2426 1337 2487 genus,
1360 2409 1439 2488 quod

142 2519 193 2573 est
221 2521 368 2581 atomum,
397 2530 430 2572 se
459 2512 575 2572 conlert
602 2511 704 2572 dicens
732 2512 842 2590 ‘quae'.
887 2510 945 2572 Sed
975 2511 1041 2591 (que
1065 2509 1107 2590 sel
1136 2520 1252 2572 atomus
1274 2509 1439 2572 secundum

141 2615 317 2676 Seruium
346 2615 405 2688 (nd
425 2615 491 2675 Ecl.
523 2615 580 2688 VI,
606 2618 657 2690 31)
686 2613 821 2675 lemioini
847 2614 965 2691 generis
987 2621 1040 2674 est
1084 2614 1178 2674 ltomi
1208 2612 1279 2673 dicti
1307 2621 1376 2673 suut
1404 2631 1440 2673 eo

142 2716 226 2797 quod
249 2715 335 2796 τομῇ
358 2716 456 2794 (temo)
480 2714 557 2776 idest
578 2717 711 2776 sectione
734 2724 863 2776 careant.
908 2715 983 2776 Sunt
1006 2717 1085 2775 enim
1108 2713 1251 2794 quaedam
1274 2715 1438 2775 minutissi-

141 2836 211 2879 mae
240 2826 340 2897 partes
369 2816 458 2888 adeo,
487 2825 519 2878 ut
546 2835 602 2878 nec
630 2819 712 2878 uisus
740 2817 780 2877 eis
809 2816 873 2878 dari
894 2818 1002 2896 possit,
1032 2834 1105 2896 quas
1128 2820 1214 2878 etiam
1238 2817 1440 2878 Lucretius

143 2919 332 2999 (lucrecium)
365 2919 496 2980 minores
524 2936 587 2980 csse
616 2917 687 2980 dicit
714 2918 772 2979 illis
795 2918 980 2998 corpusculis
1002 2920 1114 2999 (cop),
1142 2938 1217 3000 quae
1247 2920 1385 2981 uidentur
1407 2921 1437 2980 iu

141 3021 239 3082 radiis
260 3019 332 3083 solis
354 3039 409 3100 per
431 3021 592 3083 fenestram
613 3022 726 3090 inlusis,
749 3021 794 3095 cs.
817 3021 906 3083 Seru.
929 3024 951 3082 l.
974 3025 996 3083 I.

232 3142 261 3203 p.
287 3119 357 3193 150,
382 3121 422 3185 13
444 3122 519 3186 liber
541 3121 649 3184 animal
671 3123 747 3184 idest
770 3123 872 3186 beuer.

231 3244 261 3305 p.
285 3221 358 3294 207,
383 3221 424 3285 10
444 3225 605 3286 Titinnius:
629 3224 699 3305 quid
721 3225 833 3306 rogas]
869 3225 1005 3288 Fortasse
1027 3229 1218 3288 concubitum
1241 3226 1373 3307 rogabat.

232 3344 261 3405 p.
284 3323 357 3395 221,
384 3324 423 3386 14
445 3323 516 3389 llien
532 3326 694 3396 testiculus,
711 3327 788 3388 unde
805 3327 977 3390 Plautus:
1001 3328 1104 3408 glaber
1119 3337 1182 3391 eret
1196 3337 1344 3410 tamquam
1360 3331 1437 3391 rien.

232 3448 261 3509 p.
284 3424 356 3498 222,
378 3424 422 3488 20
441 3425 594 3508 Aduucae]
622 3429 683 3488 Vna
705 3446 773 3507 pars
796 3437 825 3490 et
846 3428 1034 3507 interlegitur
1055 3449 1166 3492 curuae
1190 3431 1278 3511 l-ue).

232 3550 262 3611 p.
285 3525 422 3600 eut-16
444 3528 612 3610 Mnestheo]
642 3530 801 3591 Seruius
829 3530 923 3592 uoluit
950 3532 1156 3595 ‘blenestbeo'
1179 3541 1302 3613 propter
1324 3546 1436 3594 rectam

141 3634 336 3695 scansionem
359 3632 446 3692 metri
469 3632 524 3704 (es.
547 3631 633 3693 Seru.
658 3635 701 3693 nd
721 3634 796 3694 Aen.
818 3635 861 3704 X,
886 3638 964 3710 129).

229 3751 259 3812 p.
274 3729 348 3802 322,
366 3729 406 3794 19
428 3731 517 3793 Lelex
532 3734 678 3794 Graecum
694 3742 739 3795 est
754 3732 870 3796 Siculus
887 3753 963 3796 unus
986 3755 1022 3796 ex
1037 3735 1135 3797 Sicilia
1151 3743 1181 3797 et
1196 3735 1316 3798 forsitan
1333 3738 1437 3802 Graeci

142 3836 236 3898 aliam
259 3835 497 3897 terminationem
520 3833 631 3895 habent
651 3838 681 3896 in
704 3836 846 3897 feminino
868 3854 979 3916 genere
1001 3857 1093 3918 super
1114 3839 1179 3900 boc.

229 3956 259 4017 p.
283 3933 398 4007 418‚8
428 3934 575 4005 Quantum
603 3936 639 3997 ad
668 3957 755 3999 usum
784 3940 933 4000 iuniorum
963 3941 1164 4018 (ionicorum),
1193 3939 1270 4020 apud
1300 3942 1438 4020 antiquos

140 4040 257 4121 tupiter
280 4038 369 4101 buius
392 4039 531 4117 luppitris
553 4038 601 4099 uel
624 4039 761 4119 lupiteris
782 4041 844 4101 luit.

230 4160 260 4221 p.
283 4138 356 4211 438,
383 4139 422 4203 lb
444 4140 529 4202 labor
550 4138 641 4221 uado]
670 4141 749 4202 llaec
772 4143 830 4202 duo
853 4145 1030 4223 interposuit
1059 4144 1162 4203 tertiae
1184 4143 1275 4203 uerba
1299 4147 1437 4221 coniuga-

142 4244 237 4306 tionis
258 4254 288 4303 et
311 4262 416 4305 eorum
432 4245 603 4322 composita,
627 4252 660 4304 ut
674 4261 766 4323 pauca
783 4247 870 4305 etiam
886 4244 1018 4320 alterius,
1040 4262 1128 4322 quam
1151 4246 1263 4325 primae
1286 4254 1316 4305 et
1330 4263 1435 4305 secun·

141 4347 201 4407 dae
223 4363 288 4407 csse
311 4347 341 4406 in
364 4346 578 4423 compositione
601 4363 660 4405 nou
683 4347 824 4406 mutantia
845 4365 861 4406 a
885 4355 1074 4413 monstraret.

231 4466 260 4527 p.
282 4443 363 4516 438,
386 4442 428 4505 22
456 4443 607 4524 l'aciscor]
635 4464 739 4525 pacem
762 4446 849 4508 lacio.
877 4448 1089 4527 ‘Ilepeciscor'
1119 4448 1198 4510 idem
1227 4447 1304 4525 quod
1333 4454 1364 4507 et
1385 4465 1435 4526 pa·

142 4551 257 4618 ciscor,
280 4564 458 4628 quamquam
482 4548 600 4608 Scotti
623 4547 754 4608 tradant:
779 4549 963 4629 ‘depeciscor
986 4552 1166 4612 scunarium
1188 4551 1345 4630 paciscor’.

232 4669 261 4730 p.
284 4647 361 4719 488,
387 4645 426 4710 19
454 4646 532 4728 cleo]
562 4649 657 4719 socio,
689 4650 759 4711 iude
787 4652 880 4712 cliens
907 4653 1019 4712 socius:
1047 4653 1090 4712 sic
1118 4652 1239 4713 Scotti
1267 4651 1330 4726 (cs.
1359 4665 1437 4726 quae

140 4754 291 4817 Hertzius
311 4771 351 4812 ex
371 4754 473 4814 eodem
495 4750 601 4813 codice
619 4750 806 4813 Eiasidlenri
823 4751 986 4833 proposuit
1002 4753 1110 4829 prees.
1125 4772 1157 4828 p.
1175 4754 1288 4814 XXIX
1301 4760 1363 4812 not.
1386 4756 1436 4811 109

140 4867 173 4925 et
194 4855 237 4922 ll·
260 4854 390 4921 reiltun
410 4873 517 4939 propr.
540 4857 669 4935 Erloup.
696 4864 768 4916 tatia
787 4874 824 4935 p.
846 4858 898 4919 IX
916 4860 994 4936 seq.)
