3382 5476
260 396 417 443 ccxxvnl
549 382 599 433 DE
617 381 769 434 IVLIANO
788 380 984 433 TOLETANO
1004 379 1247 433 GRAMMATICO

344 656 425 716 ‘Aut’
442 663 486 716 est
500 658 672 717 coniunctio
687 665 739 716 aut
753 654 938 716 aduerbium.
984 654 1107 726 Quando
1130 672 1184 734 pro
1200 654 1284 715 ‘non’
1301 653 1391 716 inerit
1412 656 1550 735 positum,

259 748 292 801 ut
313 748 400 818 puta:

562 825 708 887 Coruus
731 824 822 886 haut
843 823 976 904 procul
1000 824 1176 885 residens

258 907 335 970 idest
358 912 435 970 ‘non
458 910 574 986 longe’‚
604 912 662 971 erit
684 909 861 971 aduerbium
888 909 1016 986 negandi
1043 919 1073 970 et
1100 928 1167 970 curn
1196 909 1396 989 adspiratione
1418 910 1550 970 scriben-

258 993 337 1055 dam.
387 995 512 1066 Quando
541 995 643 1056 dixero
671 997 734 1056 ‘aut
755 1013 811 1073 ego
833 1002 885 1055 aut
912 997 965 1063 ω’,
996 995 1054 1055 erit
1080 996 1250 1056 coniunctio
1278 995 1470 1056 disiunctiuae
1499 1008 1578 1075 po·⁶
1610 1067 1615 1075 1

257 1082 371 1140 testatis
394 1087 425 1140 et
446 1081 510 1140 sine
533 1081 736 1160 adspiratione
752 1077 954 1141 scribendum.
1000 1079 1064 1140 ‘Ve’
1088 1088 1133 1140 est
1154 1081 1335 1148 coniunctio,
1359 1087 1404 1141 est
1424 1097 1550 1160 praepo-

258 1166 337 1235 sitio,
362 1174 408 1226 est
430 1174 460 1225 et
481 1166 658 1226 interiectio.
705 1163 878 1236 Quomodo?
915 1162 1038 1235 Quando
1061 1164 1152 1225 tuerit
1173 1165 1406 1246 praepositiuum
1430 1175 1550 1226 etcum

258 1250 458 1311 commotione
481 1249 571 1310 animi
593 1251 682 1311 fuerit
704 1249 827 1325 dictum,
849 1259 880 1309 ut
902 1256 985 1328 puta:

561 1335 608 1395 Ve
631 1333 736 1404 mihi,
762 1342 881 1395 mater
903 1334 992 1408 mea!

257 1423 316 1481 erit
337 1421 508 1481 interiectio
531 1418 669 1481 dolentis.
713 1419 836 1491 Quando
857 1416 1090 1487 subiunctiuum,
1114 1425 1148 1480 nt
1169 1428 1253 1501 puta:

560 1504 710 1566 Setisue
731 1512 854 1566 tectus
876 1503 1029 1584 hispida
1054 1512 1089 1564 et
1111 1503 1303 1583 lanugine,

258 1593 318 1650 erit
340 1592 521 1653 coniunctio.
566 1588 643 1651 ‘Vel’
667 1608 786 1669 semper
808 1591 978 1650 coniunctio
1000 1596 1054 1649 est.
1098 1588 1271 1659 Quomodo?

559 1675 597 1735 Si
620 1683 656 1735 tu
679 1693 748 1736 non
772 1676 875 1735 uadis
898 1673 992 1734 illuc
1015 1672 1076 1734 uel
1099 1691 1165 1751 ego
1188 1673 1326 1734 uadam.

255 1758 323 1819 ‘Ne'
348 1778 466 1838 semper
488 1762 659 1821 coniunctio
682 1772 726 1820 est
748 1777 785 1819 an
809 1760 886 1820 non?
929 1758 1079 1819 Interdum
1108 1762 1296 1839 coniunctio,
1326 1756 1475 1820 interdum
1498 1760 1548 1820 ad-

256 1844 394 1905 uerbium
424 1854 478 1906 est.
523 1844 696 1915 Quomodo?
739 1845 863 1916 Quando
899 1845 1131 1924 praepositionum
1165 1844 1269 1912 suerit,
1304 1852 1337 1904 ut
1368 1853 1451 1923 puta:
1486 1848 1586 1905 ‘neto

254 1930 375 1990 iacias
398 1948 506 1990 omne
523 1930 687 1998 malnm’‚
712 1933 770 1991 erit
784 1928 960 1990 aduerbium
977 1927 1173 2005 prohibentis,
1189 1929 1307 2009 quando
1323 1927 1547 1990 subiunctiuum

254 2014 353 2084 tuerit,
378 2022 515 2094 utputa:

406 2099 574 2160 Tantane
598 2117 663 2160 uos
686 2103 811 2161 tenuit
832 2101 991 2177 generis
1014 2098 1158 2159 iiduoia
1182 2100 1323 2160 uestri?

254 2191 284 2243 et
311 2187 434 2244 iterum:
466 2184 645 2246 ‘Putasne
669 2184 760 2245 bene
783 2185 968 2245 irasceris
992 2203 1106 2264 super
1128 2182 1301 2244 hederam
1325 2185 1468 2244 istami'
1490 2188 1550 2246 erit

254 2271 435 2330 coniunctio.
1561 2284 1586 2321 ao

317 2439 465 2520 ‘Quoque’
488 2441 607 2520 quando
630 2459 738 2503 nomen
761 2441 952 2502 subsecutum
976 2441 1079 2509 inerit,
1103 2449 1226 2520 utputa
1250 2441 1278 2499 ‘a
1301 2459 1448 2521 qnoque
1470 2459 1545 2501 mn·

253 2524 384 2586 lierem
408 2525 560 2594 tulisti',
590 2528 646 2586 erit
674 2545 854 2606 pronomem
885 2525 1001 2606 quando
1030 2524 1157 2587 uerbum
1180 2528 1351 2605 imperatiui
1375 2524 1455 2585 modi
1477 2524 1546 2585 sub·

253 2617 388 2671 secutum
412 2611 517 2678 inerit,
542 2620 679 2688 utputa:

404 2695 455 2756 Tu
478 2714 625 2776 quoque
647 2697 705 2756 iac
728 2695 870 2756 simile:
894 2699 948 2757 sio
971 2714 1029 2756 ars
1052 2694 1249 2756 deluditur
1270 2703 1353 2755 arte
1452 2765 1463 2770 Α,

253 2832 477 2839 -.-...--ῄ-.-.

254 2912 478 2951 stutmrvmtttte.

342 2970 358 3025 1
383 2969 516 3026 Iulianus
529 2988 560 3041 p.
579 2972 654 3029 103:
677 2974 730 3026 Aut
753 2981 794 3026 est
816 2973 982 3041 coniunctio,
1006 2982 1048 3027 est
1071 2972 1243 3027 aduerloium:
1267 2971 1374 3044 quando
1395 2989 1547 3046 pronomen

253 3054 338 3110 inerit
366 3055 533 3129 positiuurn,
562 3067 592 3111 ut
621 3065 684 3130 puta
710 3058 823 3112 *coruus
847 3058 916 3112 houd
940 3057 1034 3130 procui
1059 3058 1204 3127 residens’‚
1232 3057 1302 3111 idest
1325 3072 1378 3111 non
1402 3057 1483 3130 longe
1505 3089 1548 3099 -

253 3139 434 3195 scribendum.
472 3140 508 3196 Ve
524 3149 565 3195 est
580 3143 754 3217 coniunctio,
776 3151 818 3196 est
841 3151 868 3196 et
890 3143 1071 3216 praepositio:
1096 3140 1203 3215 quando
1227 3140 1309 3195 fuerit
1332 3145 1546 3215 praepositiuum

253 3231 280 3279 et
302 3225 486 3281 commotione
509 3226 589 3281 animi
612 3226 729 3297 dietum,
757 3235 787 3282 ut
810 3235 889 3300 puta:
918 3228 980 3282 ‘uae
1003 3227 1066 3282 inihi
1091 3234 1176 3282 mater
1198 3224 1280 3296 men’‚
1308 3226 1360 3280 erit
1391 3227 1546 3283 interiectio

253 3308 386 3365 dolentis:
410 3310 518 3383 quando
541 3310 626 3366 fuerit
648 3310 863 3383 subiunctiuum‚
887 3321 917 3366 ut
940 3321 1019 3385 puta:
1043 3313 1157 3367 ‘setisue
1181 3319 1269 3366 tectus
1293 3311 1397 3384 hispida
1420 3318 1448 3367 et
1469 3311 1547 3368 lanu·

253 3392 329 3466 gine'
352 3394 405 3450 erit
427 3396 593 3451 coniunctio.
631 3394 676 3451 Vei
700 3412 807 3470 semper
828 3398 984 3452 coniunctio
1008 3406 1058 3451 est.
1096 3394 1133 3451 Ne
1156 3395 1292 3451 interdum
1313 3398 1470 3452 coniunctio
1494 3406 1546 3467 est,

253 3479 388 3536 interdum
412 3480 578 3536 ariuerbium.
616 3481 728 3547 Quando
751 3483 967 3555 praepositinum
985 3480 1133 3537 -iidueia
1157 3480 1261 3535 uestri?
1299 3478 1355 3536 Erit
1378 3483 1544 3537 coniunctio.

256 3562 321 3620 ‘Neo
351 3565 450 3638 neque'
480 3582 589 3639 semper
615 3567 821 3622 coniunctiones
850 3576 922 3622 sunt.
966 3564 1055 3633 Quare
1081 3565 1278 3621 disiunctiuae?
1321 3565 1387 3633 Quia
1417 3582 1500 3622 unum
1531 3583 1546 3621 e

253 3649 361 3706 dnobus
383 3649 484 3722 aliquid
507 3667 588 3724 agere
612 3651 769 3707 ostendunt.
814 3646 890 3707 ‘Aut’
915 3647 1070 3725 quomodo?
1115 3651 1180 3706 ‘Aut
1203 3667 1254 3723 ego
1277 3659 1324 3704 nut
1346 3659 1374 3706 tu
1397 3667 1490 3706 eamus
1513 3651 1545 3706 ad

253 3733 364 3790 iorum’
402 3733 462 3790 ‘Ve'
487 3736 640 3808 quomodo?
677 3734 798 3793 ‘Setisue
823 3744 910 3792 tectus
934 3736 1037 3810 hispida
1061 3744 1088 3792 et
1111 3732 1262 3808 lanugine!
1299 3732 1371 3790 ‘vet’
1389 3735 1546 3809 quomodo?

253 3819 307 3874 ‘Tu
330 3820 352 3875 si
375 3836 429 3876 non
453 3821 528 3876 uadis
552 3819 626 3891 iiiuc,
648 3822 691 3877 uel
715 3839 766 3894 ego
790 3819 906 3877 uadum)
951 3821 1018 3875 ‘Ne'·
1037 3820 1191 3894 quomodo?
1235 3819 1365 3876 ‘Putasne
1388 3819 1456 3876 bene
1478 3820 1544 3876 iras-

254 3905 324 3960 ceris
348 3909 442 3979 super'
453 3905 577 3960 hederam
585 3904 609 3960 i’

317 3988 355 4044 21
380 3989 513 4046 Iulianus
532 4008 562 4061 p.
592 3996 662 4046 104:
690 3989 804 4064 Quoque
833 3991 941 4064 quando
971 4008 1068 4046 nomen
1097 3990 1272 4046 subsecutum
1295 3990 1396 4061 fuerit,
1427 3999 1545 4065 utputa

254 4077 280 4130 ‘a
303 4092 414 4148 quoque
437 4076 577 4132 mutierem
602 4074 702 4132 tuiisti’
725 4078 777 4131 erit
800 4093 965 4149 pronomem
993 4077 1100 4149 quando
1123 4075 1247 4144 uerbum,
1270 4083 1300 4130 ut
1323 4084 1389 4149 puta
1412 4073 1453 4130 ‘tu
1477 4093 1545 4150 quo·

253 4177 306 4235 que
329 4161 371 4216 tac
393 4160 529 4217 sirniliter'
553 4165 604 4217 erit
626 4163 790 4217 coniunctio.
835 4160 921 4216 Porro
944 4170 985 4217 est
1008 4178 1122 4230 nomem
1153 4160 1261 4233 quando
1278 4152 1335 4234 'pro
1357 4161 1439 4233 longe
1462 4161 1546 4218 fuerit

252 4246 383 4319 positum,
406 4256 437 4301 ut
459 4255 524 4320 puta
548 4244 643 4320 ‘porro
667 4245 738 4301 nitra
762 4254 787 4300 te
810 4254 851 4301 est
874 4247 995 4319 sagitta,
1019 4247 1070 4302 erit
1093 4246 1249 4302 ariuerbium
1274 4246 1340 4308 loci:
1364 4245 1470 4319 quando
1494 4265 1544 4321 pro

230 4340 342 4387 autom
371 4339 418 4386 aut
447 4341 535 4389 tamen
558 4332 678 4405 positum
702 4330 798 4400 fuerit,
829 4339 859 4386 nt
882 4340 960 4405 puta:
989 4327 1084 4405 ‘porro
1109 4320 1139 4387 tu
1160 4333 1278 4387 animum
1303 4338 1376 4386 tuam
1398 4330 1544 4406 liberasti',

253 4416 306 4470 erit
328 4418 494 4472 coniunctio.

253 4665 366 4700 contere
385 4664 541 4700 aennensis
559 4650 608 4701 tot
627 4664 772 4702 varrenas.

323 4735 457 4799 lquando
477 4750 616 4801 pronomen
698 4739 727 4785 11
748 4732 860 4800 Setisue]
882 4736 1189 4789 Prudentiientlr.163
1268 4739 1298 4788 18
1317 4736 1440 4804 Tantane]
1464 4736 1542 4806 Verp.

253 4801 319 4930 appe
336 4803 440 4921 ¹{minsepe
496 4806 527 4855 19
546 4800 666 4868 purusne]
686 4819 725 4855 ne.
749 4806 788 4854 l)e
806 4805 852 4854 lton
870 4807 925 4855 Ioco
943 4806 977 4867 cf.
996 4822 1077 4869 surpra
1092 4823 1119 4870 p.
1134 4805 1277 4855 CCXXVI
1294 4811 1326 4856 17
1394 4810 1424 4856 at
1445 4823 1542 4870 aquo·
