3382 5476
728 362 934 416 EXCERP'I'A.
1416 357 1479 422 199

175 567 235 629 est,
259 567 292 619 ut
314 554 488 637 ‘quondam’
511 572 547 615 ai
570 552 715 634 quodam.
739 551 858 612 ‘ollim'
881 570 916 612 eii
939 550 1014 621 olla,
1039 550 1196 617 ‘cuiatim',
1221 567 1256 608 ei
1279 549 1361 618 ciiio,
1385 549 1478 609 ‘mea-

174 663 241 721 tim'
266 678 301 719 eii
325 676 401 718 meo.
443 657 625 717 Homerus
646 656 676 714 in
699 652 829 733 quodam
852 671 941 713 uersu
963 653 1083 732 scripsit
1105 652 1218 731 ‘ipsim’
1242 650 1280 711 ab
1301 651 1375 730 ipso.

254 774 308 860 ll·
325 772 383 838 27·
404 773 416 856 l
438 772 638 852 Virgilius:
667 773 719 832 Est
741 773 830 832 etiam
854 771 980 832 uerbum
1003 780 1033 831 et
1055 769 1229 832 aduerhium
1252 768 1346 829 isdem
1369 768 1478 830 litteris

175 880 333 942 charaxari
356 877 456 945 solita,
480 883 512 935 ut
533 876 637 936 ‘esto’:
660 891 729 935 naui
752 875 854 934 ‘esto'
876 871 1020 934 neutralis
1042 870 1129 933 uerbi
1150 871 1346 948 imperatiuiis
1369 869 1476 932 modiis

146 990 312 1060 stempore
341 980 442 1053 lutuno
469 984 529 1050 est,
562 977 645 1036 cuius
666 974 777 1055 syllaba
800 975 883 1054 prior
911 975 977 1035 acui
1005 972 1111 1033 dehet:
1144 974 1168 1032 si
1197 991 1270 1033 uero
1299 971 1475 1034 aduerbiiim

174 1084 268 1144 luerit
294 1083 405 1148 ‘esto’‚
436 1081 532 1158 prima
559 1075 670 1157 syllaba
698 1084 834 1155 correpta
866 1076 1015 1156 posterior
1049 1075 1220 1135 necessario
1247 1081 1380 1135 acuetur.
1425 1073 1476 1134 rai

174 1186 267 1245 etiam
289 1199 396 1243 sensus
419 1178 508 1239 huius
529 1176 664 1239 aduerhii
687 1179 796 1245 ‘esto'.
821 1178 878 1238 hoc
900 1186 945 1237 est
969 1179 1087 1238 ‘recte'
1110 1176 1273 1237 secundom
1297 1173 1368 1235 illud
1391 1174 1475 1236 Gal·

174 1286 305 1363 huogi:
328 1283 432 1350 Esto,
455 1282 560 1358 iuquit,
576 1280 711 1340 uiuunt
734 1286 764 1338 et
779 1277 902 1358 reliqua,
918 1277 976 1338 hoc
991 1286 1039 1338 est
1052 1278 1148 1339 ‘recte
1162 1278 1293 1338 uiiiuut’
1317 1277 1369 1337 Est
1384 1278 1473 1337 etiam

174 1386 278 1456 ‘esto',
302 1383 381 1464 quod
405 1400 459 1462 pro
481 1381 632 1442 ‘forsitan’
654 1383 750 1459 arcipi
773 1379 864 1440 solet:
886 1378 1075 1460 †etherio
1098 1381 1156 1440 ciii
1179 1389 1281 1440 tante
1304 1387 1384 1439 esto
1407 1379 1475 1439 lla·

132 1488 271 1549 romani
294 1487 450 1547 uincere
473 1492 627 1560 postero
650 1481 803 1542 ualeant
831 1490 1013 1560 tempore,
1037 1479 1094 1540 hoc
1117 1490 1161 1541 est
1184 1483 1273 1541 ‘esto’
1296 1499 1352 1559 pro
1374 1482 1475 1540 ‘torsi-

174 1591 239 1651 tau’
255 1588 365 1668 posuit.
397 1584 591 1662 Virgilius:
615 1581 698 1643 llulti
720 1581 863 1643 aducrhia
886 1581 923 1642 de
946 1583 1175 1643 coiiiunctatiuis
1191 1582 1313 1649 lithini,
1331 1592 1363 1643 ut
1377 1582 1474 1659 ‘ergo’

173 1710 230 1772 pro
252 1689 379 1766 ‘saepe’
402 1694 528 1767 ponant,
552 1689 688 1744 ‘tamen'
713 1701 768 1762 pro
790 1683 906 1753 ‘inde',
937 1685 1017 1744 iuxta
1040 1682 1112 1744 illud
1147 1684 1297 1761 Virgilii
1330 1684 1473 1745 Asiani:

173 1792 270 1869 Ergo
293 1790 485 1869 sapientes
508 1785 637 1864 legunt
658 1794 717 1846 tua
740 1787 898 1866 scripta,
923 1803 941 1844 o
964 1784 1067 1859 Cato,
1097 1783 1154 1846 hoc
1177 1793 1222 1845 est
1244 1784 1345 1845 dicero
1368 1786 1474 1864 ‘saepe

173 1893 301 1972 legunt’,
325 1888 553 1966 etipseCato:
576 1885 725 1956 Tamen,
748 1889 855 1967 iuquit,
876 1887 1025 1948 reuersi
1048 1887 1194 1947 Romaiu
1218 1888 1393 1954 ueniiiiit.
1418 1885 1475 1946 lior,

133 1988 221 2057 isest
242 1992 324 2055 ‘inde
346 1991 485 2051 reuersi'.

260 2113 343 2173 Idid.
382 2106 584 2184 Virgilius:
618 2105 800 2168 Aduerbium
823 2116 869 2169 est
890 2116 994 2187 quarta
1023 2108 1168 2167 orationis
1196 2106 1356 2186 particula,
1387 2125 1473 2186 quae,

174 2216 245 2296 quia
269 2210 363 2275 uerbo
386 2208 542 2274 adhaeret,
573 2206 748 2269 aduerbium
778 2218 981 2288 principatur:
1011 2207 1064 2270 sed
1092 2207 1140 2268 hic
1165 2210 1301 2287 quaestio
1330 2209 1472 2285 adcurrit,

173 2335 233 2396 quo
261 2314 382 2376 nomine
410 2310 597 2372 uocabantur
624 2308 766 2369 aduerhia
795 2311 1015 2389 conparationis
1038 2308 1087 2370 iiel
1115 2308 1263 2386 qualitatis
1285 2310 1332 2369 uel
1355 2313 1472 2390 quanti-

174 2418 258 2485 tatis.
292 2432 369 2493 quae
393 2431 451 2472 non
479 2410 572 2471 uerbo
601 2416 729 2479 tantum,
759 2410 815 2471 'sed
839 2410 904 2471 aliis
926 2410 1062 2490 partibus
1083 2410 1293 2488 adiunguntur.
1339 2411 1471 2474 [ticinus

130 2521 270 2580 aoeuiin:
294 2523 413 2594 ‘magna
438 2513 523 2573 ualde
547 2515 631 2572 uenit
653 2511 761 2581 tiirlia’‚
786 2512 912 2573 dicimus
935 2513 1038 2574 etiam:
1063 2516 1135 2573 ‘taiu
1150 2510 1229 2572 docti
1247 2522 1304 2574 tani
1329 2513 1470 2574 ucloces’.

173 2618 257 2681 Vnde
280 2628 311 2678 et
333 2616 380 2694 lii,
410 2616 461 2691 qui
490 2634 547 2675 nou
571 2623 652 2680 octo,
682 2613 733 2672 sed
763 2612 863 2692 plures
885 2615 1027 2674 orationis
1050 2622 1150 2692 partes
1172 2623 1331 2676 numerant
1352 2619 1473 2677 adner-

172 2724 254 2783 hiiim
277 2723 308 2780 i'n
332 2720 411 2778 ducis
427 2725 536 2792 partes
557 2718 713 2791 dividunt,
742 2734 830 2775 uuam
854 2726 997 2777 uocantes
1020 2718 1119 2794 prisco
1142 2717 1262 2777 uomiiie
1284 2715 1471 2786 aduerbiun,

173 2823 253 2901 quod
270 2819 411 2881 adhaeret
435 2816 537 2886 uerbo,
561 2817 684 2878 alteram
707 2817 927 2897 expressorium
950 2818 1118 2885 nominant:
1142 2820 1252 2879 etenim
1276 2835 1353 2896 quae
1375 2821 1470 2881 nomi·

173 2923 261 2984 uibus
284 2920 333 2982 uel
356 2919 420 2980 aliis
443 2918 593 2980 aduerhiis
616 2917 811 2999 applicamus,
835 2937 894 2980 nou
912 2927 969 2979 tam
986 2918 1207 2981 adiunctionem
1231 2918 1356 2990 solitam,
1380 2937 1469 2998 quain

129 3043 316 3088 assensuum
346 3022 569 3101 expressionem
597 3022 773 3099 significant.
819 3020 1014 3096 Virgilius:
1052 3021 1126 3082 Siiut
1148 3021 1305 3092 aduerliia,
1334 3041 1411 3103 quae
1434 3042 1469 3083 ex

173 3147 234 3208 quo
258 3132 417 3187 nascantur
441 3122 611 3198 ambiguum
629 3130 688 3192 est,
711 3131 744 3183 ut
759 3122 893 3182 ‘lrustra'
911 3123 1117 3202 ‘nequiquam’
1132 3126 1310 3201 ‘nequiter';
1334 3125 1470 3187 ‘frustra'

172 3230 252 3290 euim
275 3235 378 3288 utrum
401 3243 437 3283 eii
459 3221 596 3301 originali
619 3226 752 3292 nomine,
776 3239 813 3282 an
829 3242 865 3283 ex
881 3225 1047 3304 inperatiuo
1064 3223 1150 3285 nerlii
1171 3227 1338 3288 communis
1360 3230 1471 3298 ueniat,

173 3414 402 3424 ——...-.-—-—

241 3551 254 3599 1
274 3547 369 3597 aueum
438 3547 454 3595 2
472 3543 608 3609 Homerus]
634 3546 755 3595 Eiusdem
772 3559 862 3595 aereas
879 3547 980 3610 quidm
997 3545 1161 3609 apocryphis
1177 3547 1273 3596 citatur
1288 3564 1316 3611 p.
1334 3552 1386 3598 139
1405 3550 1471 3605 allai.

204 3613 294 3682 ipsim]
314 3613 609 3680 ipseueemretm
621 3614 713 3663 Daniel
781 3610 1106 3678 3Virgiliiis1p,llMai
1156 3613 1272 3663 iterliiiim
1340 3619 1470 3667 lctaxiui

168 3688 231 3737 lut
248 3698 304 3734 esto
322 3680 479 3732 estoMai'ioe
528 3683 683 3746 imperatiuo
702 3681 878 3730 modoMaiiis
931 3683 1109 3731 diiecessaria
1161 3692 1201 3731 est
1218 3694 1303 3732 nutriri
1317 3685 1404 3735 ,duaa
1455 3687 1472 3736 8

169 3754 262 3805 uii'tuut
278 3751 341 3814 quia
359 3749 447 3797 mundi
465 3749 596 3798 daceidam
608 3749 734 3798 luxuriam
747 3759 846 3797 contem
869 3761 940 3809 uuirt,
952 3749 1000 3799 hoc
1012 3759 1051 3799 est
1062 3760 1129 3798 recte
1141 3751 1233 3799 uiuunt
1244 3752 1332 3802 Maius
1382 3755 1471 3817 inquid

169 3837 197 3884 qi
215 3832 261 3870 uiit
312 3828 380 3868 recte
392 3827 491 3879 eq;iint
541 3817 655 3882 Vaccipi
669 3816 734 3866 solet
746 3827 770 3866 et
782 3764 893 3866 tuneluc
906 3828 961 3867 esto
974 3832 1021 3884 pro
1034 3816 1142 3867 lorsituu
1156 3820 1245 3883 posuit
1257 3820 1344 3870 Maias
1355 3825 1472 3888 exemplo

169 3891 262 3940 antsao
315 3889 347 3937 ll
358 3881 496 3949 Virgilius]
515 3901 541 3949 p.
553 3887 602 3934 146
613 3884 669 3934 Mat
702 3884 970 3936 coniiinctiuisMaa'ua
1015 3885 1471 3954 laciutit,uttamenproinde‚ergo

171 3972 218 4023 pro
235 3970 325 4019 saepe.
343 3953 391 4004 Vt:
410 3967 471 4016 ergo
489 3952 576 4015 legunt
593 3953 721 4017 sapientes
741 3965 783 4002 tiiii
801 3954 906 4018 scripta,
919 3969 934 4003 o
948 3952 1021 4013 Catu,
1042 3955 1089 4003 liae
1108 3965 1147 4004 eat
1163 3955 1247 4004 dicere
1265 3957 1352 4007 Maius
1404 3960 1437 4008 14
1448 3968 1471 4008 et

171 4023 235 4074 Cato
252 4024 317 4073 dicit
336 4020 423 4071 Maius
503 4022 534 4070 16
552 4016 687 4085 Virgilius]
707 4038 733 4084 p.
752 4024 785 4072 68
802 4021 860 4071 Mai
909 4038 970 4087 ergo
989 4033 1028 4072 est
1045 4022 1133 4072 Maius
1169 4047 1172 4052 v
1203 4025 1233 4073 tr
1251 4025 1355 4074 adheret
1407 4041 1472 4074 nuu-

169 4104 289 4158 cupatur,
307 4091 377 4139 aient
394 4103 533 4152 pronomen
552 4102 584 4136 ex
603 4089 712 4137 nominis
730 4091 911 4139 commuuione
928 4101 1042 4143 uocatur.
1078 4088 1129 4138 Sed
1148 4089 1197 4138 liuc
1214 4093 1332 4152 quaestio
1350 4093 1471 4144 adcurrit.

171 4159 247 4210 Forte
263 4158 333 4208 euim
351 4155 445 4217 aliquis
463 4157 583 4218 inquirat,
601 4155 671 4216 quod
691 4171 741 4206 nou
759 4156 848 4206 dubito
866 4169 1025 4217 anemurum,
1043 4159 1066 4206 ai
1079 4169 1216 4222 propterea
1227 4160 1377 4209 adueibium
1396 4175 1472 4211 uoca-

171 4237 225 4292 tur,
248 4227 310 4288 quia
333 4223 412 4275 uerbo
435 4238 536 4288 semper
557 4224 717 4288 adiungitur,
742 4240 794 4287 quo
818 4226 921 4275 notuiue
943 4226 1101 4275 uocabantur
1122 4226 1243 4275 aduerbia
1262 4230 1428 4294 comparandi
1448 4241 1473 4279 et

169 4294 302 4358 qualitatis
321 4303 347 4341 et
364 4292 513 4353 quantitatis
531 4291 618 4339 Maias
720 4294 752 4343 19
770 4307 962 4356 nonnumquam
982 4309 1031 4342 iiou
1050 4293 1128 4342 uerbo
1149 4304 1247 4344 tautum
1265 4296 1353 4347 Maius
1437 4300 1471 4349 20

168 4363 257 4415 turba.
273 4358 475 4421 Numquidnam
495 4359 590 4423 pateris
608 4359 644 4407 ita
660 4374 828 4425 componere:
852 4363 922 4411 uenit
940 4361 1030 4412 ualde?
1049 4361 1177 4425 alioquin¹
1196 4364 1327 4425 quomodo
1345 4367 1471 4415 sententia

168 4428 351 4494 intellegetur?
371 4425 482 4475 Dicimus
501 4427 576 4475 etiam
595 4438 646 4474 tum
664 4427 732 4477 docti
751 4439 776 4478 et
793 4439 845 4477 tam
864 4428 964 4479 ueloces
976 4430 1063 4480 Maias
1113 4430 1304 4482 dicimusenim
1373 4435 1405 4483 et
1424 4448 1469 4482 aii·

169 4510 306 4548 numerare
323 4492 416 4543 uolunt
432 4493 518 4543 Maiae
568 4493 716 4543 aduerbiiim
734 4496 762 4545 in
780 4495 845 4546 duas
863 4508 949 4561 partes
967 4498 1087 4548 diuidunt
1098 4500 1329 4566 desunt,auppleui
1339 4517 1375 4552 ex
1388 4502 1469 4556 Maia.

167 4567 202 4618 22
219 4567 309 4632 prisco
328 4561 433 4610 nornine
450 4561 600 4610 ndiierbium
619 4575 741 4612 uocantes
759 4563 846 4613 Maias
913 4567 947 4616 23
965 4566 1034 4628 quod
1052 4567 1174 4618 adhaeret
1192 4569 1270 4618 uerbo
1288 4585 1335 4620 oni.
1350 4569 1436 4620 Maiae

167 4636 304 4684 nominant
319 4645 370 4680 om.
390 4628 475 4677 Maius
525 4630 644 4690 eteniqu
664 4631 810 4679 nominibus
826 4629 912 4748 qqecee
929 4635 996 4682 euim
1015 4635 1137 4685 aduerbia
1155 4651 1222 4698 quae
1239 4637 1326 4687 Maias
1394 4640 1428 4688 24
1445 4649 1471 4687 et

166 4701 225 4752 aliia
243 4701 335 4751 Maius
404 4696 438 4744 25
454 4694 590 4761 Virgilius]
608 4714 636 4761 p.
656 4701 687 4745 70
706 4699 762 4746 Mai
812 4714 828 4747 a
848 4701 935 4749 uerbis
952 4718 984 4751 ex
1003 4719 1054 4764 quo
1073 4705 1142 4753 nasei
1161 4705 1309 4769 ambiguum
1328 4716 1367 4755 est
1435 4708 1470 4756 26

165 4768 250 4820 iustu
323 4763 491 4842 nequicquam
510 4763 597 4813 Maias
663 4766 696 4814 27
713 4767 855 4817 commonia
871 4769 995 4819 incertum
1013 4767 1301 4839 liabeturllcoininuuis
1319 4775 1406 4824 ueniat
1422 4776 1470 4824 iid-

164 4837 216 4888 hua
233 4838 261 4886 iu
280 4833 405 4884 electione
421 4831 515 4895 pendet
530 4830 650 4880 lectorum
670 4832 756 4882 Maias
