3382 5476
558 397 597 447 ru
615 395 701 448 nou.
719 396 846 448 ternu
864 397 1044 451 aaronem
1384 395 1448 460 253

153 591 186 644 ut
208 581 370 645 ‘lecturio’
393 586 413 643 i·
438 582 537 661 legere
560 584 672 661 cogito,
697 587 832 645 ‘esurio'
857 588 878 646 i·
902 583 991 645 edere
1021 586 1133 663 cogito;
1161 586 1212 664 qul
1242 587 1321 645 enim
1343 586 1447 654 esurit,

154 684 325 754 meditatur,
349 693 380 744 ut
403 685 572 753 manducet;
603 687 770 763 ‘parturio’
799 689 823 744 i·
847 705 954 765 parere
983 687 1094 765 cogito:
1125 688 1267 766 ‘parere’
1291 695 1335 748 est
1356 688 1446 747 fetum

153 787 173 844 i·
196 793 313 865 partum
338 787 489 851 emittere.
513 788 700 866 ‘parturire'
717 805 791 848 uero
813 794 882 848 ante
904 794 1021 866 partum
1045 786 1155 855 dolere,
1179 787 1258 848 unde
1280 791 1315 849 lu
1339 806 1447 849 euan-

153 886 269 964 gelio:
300 885 434 947 mulier
456 906 535 948 cum
558 889 739 964 parturit,
770 889 969 949 tristitiam
993 887 1119 956 habet,
1144 890 1164 948 i·
1187 907 1254 950 cum
1278 887 1358 949 dolet
1380 896 1447 949 aute

127 995 281 1068 spartum.
326 988 349 1048 F
356 991 622 1067 requentatiua
650 988 744 1049 forma
776 989 883 1050 dicitur
910 1008 927 1049 a
950 989 1130 1070 frequentia,
1161 991 1240 1070 quod
1269 989 1376 1051 crebro
1406 990 1447 1058 iit,

153 1097 186 1149 ut
208 1089 342 1151 ‘lectito'
366 1091 385 1149 i·
409 1108 497 1170 saepo
526 1090 601 1168 lego.
646 1090 870 1151 lncltoatiua
899 1090 1007 1152 dicitur
1029 1091 1066 1152 ab
1090 1091 1272 1162 inchoando,
1302 1091 1380 1169 quod
1403 1092 1448 1151 iu·

151 1191 338 1251 choationem
373 1193 397 1250 i·
427 1192 625 1271 inceptionem
660 1193 822 1270 significat,
864 1201 896 1253 ut
928 1193 1066 1254 ieruesco
1101 1197 1128 1254 i·
1163 1194 1283 1255 feruere
1323 1195 1446 1272 incipio.

154 1292 330 1361 Sciendum,
367 1295 435 1370 quia
470 1292 600 1354 flonatus
632 1294 662 1354 iu
696 1292 742 1353 iris
774 1294 878 1355 formis
914 1303 1029 1355 rectum
1068 1314 1128 1357 non
1167 1297 1263 1356 tenuit
1301 1294 1446 1355 ordinem.

153 1393 254 1454 Primo
284 1395 362 1455 enim
390 1395 592 1455 meditatiuam
622 1393 775 1456 debuisset
797 1413 924 1473 ponere,
954 1395 1087 1457 secundo
1114 1397 1328 1465 iochoaduam,
1357 1397 1448 1456 tertio

115 1512 140 1551 ιο
154 1494 331 1575 perfectam,
356 1501 460 1575 quarto
483 1494 748 1575 frequentatiuam,
774 1497 841 1574 quia
864 1499 992 1578 primum
1015 1498 1193 1559 meditamur
1215 1497 1340 1575 aliquid,
1364 1505 1446 1559 ante·

153 1614 239 1675 quam
264 1596 416 1666 faciamus,
440 1596 548 1657 deinde
569 1597 755 1665 inchoamus.
780 1607 882 1676 postea
906 1599 1076 1678 perficimus
1092 1597 1103 1681 ΙΙ
1122 1595 1181 1660 178
1198 1596 1226 1681 ll,
1251 1600 1286 1659 ad
1311 1597 1446 1659 ultimum

153 1700 183 1758 iu
207 1717 262 1759 usu
285 1699 431 1777 ponimus.
477 1698 535 1759 Sed
563 1697 613 1760 ifle
636 1701 767 1761 imitatus
789 1708 924 1761 naturam
948 1720 964 1761 a
988 1700 1118 1779 perfecta
1147 1700 1312 1768 inchoauit;
1341 1708 1446 1761 natura

153 1803 232 1860 euim
256 1800 275 1859 i·
299 1798 374 1860 deus
402 1819 417 1861 a
446 1802 587 1879 perfectis
615 1803 713 1861 omnia
741 1803 855 1881 coepit:
887 1803 958 1863 iecit
987 1803 1138 1864 homiuem
1167 1802 1333 1883 perfectum
1361 1803 1446 1880 quasi

152 1901 182 1961 iu
206 1910 301 1963 aetate
331 1903 450 1980 triginta
474 1919 636 1969 annorum:
665 1901 737 1962 fecit
766 1911 796 1963 et
823 1902 960 1965 arborem
990 1921 1047 1965 uon
1072 1905 1213 1965 fructum.
1257 1902 1328 1963 ldeo
1351 1903 1448 1964 Iloua·

115 2019 140 2059 u
153 2010 202 2063 tus
224 2023 240 2063 a
263 2005 395 2082 perfecta
418 2004 579 2064 inchoauit.
618 2003 680 2064 Hoc
698 2021 815 2084 quoque
830 2004 999 2076 sciendum,
1024 2007 1091 2085 quia
1113 2004 1332 2086 frequentatiua
1354 2001 1447 2065 uerba

152 2106 267 2183 primae
295 2104 511 2182 coniugationis
533 2113 616 2174 suot,
644 2112 677 2165 ut
699 2104 801 2166 lectito
823 2124 871 2174 as:
901 2107 1070 2168 inchoatiua
1100 2109 1221 2182 tertiae,
1250 2114 1283 2167 ut
1310 2107 1446 2167 feruesco
1492 2109 1496 2116 ’

151 2208 209 2272 cis:
239 2205 410 2266 meditatiua
440 2215 510 2266 sunt
538 2214 676 2286 quartae,
707 2216 738 2267 ut
765 2206 900 2268 lecturio.
946 2207 1041 2269 Verba
1066 2227 1138 2269 uero
1160 2208 1311 2288 perfectae
1334 2209 1446 2268 formae

152 2310 285 2368 omnium
308 2319 378 2368 sunt
400 2309 651 2385 coniugatiooum.
695 2306 865 2370 inchoatiua
888 2326 947 2369 uon
970 2309 1082 2370 habent
1103 2311 1296 2388 praeteritum
1320 2318 1446 2388 tempus,
1461 2325 1590 2380 appear

152 2410 236 2489 quia,
264 2427 339 2488 quae
368 2409 563 2479 inchoantur,
594 2428 653 2470 non
682 2417 806 2488 possunt
834 2407 944 2470 habere
972 2411 1175 2489 praeteritum.
1220 2411 1314 2472 Sunt
1335 2411 1573 2483 etiamnum

114 2511 453 2589 rofrequeutatiua,
477 2529 552 2590 quae
575 2529 591 2570 a
615 2511 733 2570 nomine
757 2510 890 2571 ueniunt.
935 2510 1041 2571 ‘Etiam
1064 2511 1102 2571 de
1117 2512 1252 2573 uomine’
1275 2511 1356 2582 dicit,
1379 2512 1447 2591 quia

153 2613 292 2691 superius
314 2611 389 2673 dixit
411 2613 444 2673 ‘a
467 2611 596 2683 cerbo';
619 2629 679 2671 nou
702 2611 796 2671 solum
819 2630 835 2672 a
857 2609 964 2681 uerbo,
993 2611 1045 2672 sed
1069 2614 1155 2674 etiam
1179 2631 1194 2673 a
1218 2614 1352 2682 nomine,
1377 2619 1447 2673 uta

153 2715 288 2781 nominc,
312 2713 390 2791 quod
414 2721 460 2774 est
482 2722 581 2793 pater,
604 2713 769 2791 ‘patrisso’
792 2712 816 2771 i·
840 2730 924 2774 more
953 2714 1047 2793 patris
1075 2732 1147 2792 ago,
1176 2722 1207 2775 et
1228 2713 1266 2774 ab
1289 2731 1337 2782 eo,
1368 2711 1446 2792 quod

154 2823 200 2877 est
222 2817 366 2884 Graecus,
396 2815 578 2892 ‘graecisso’
607 2816 634 2875 i·
657 2831 741 2874 more
769 2815 952 2876 Graecorum
974 2814 1090 2895 loquor.
1135 2817 1228 2876 Sunt
1256 2814 1313 2876 alia
1341 2815 1538 2894 quasisoas

153 2918 393 2985 diminutiua,
427 2919 494 2996 quia
522 2919 553 2976 in
582 2918 610 2976 io
638 2916 778 2978 desinunt
805 2925 835 2977 et
863 2934 879 2977 a
907 2917 1038 2996 perfecta
1073 2917 1168 2979 forma
1201 2919 1340 2986 ueniunt,
1376 2917 1401 2976 i·
1431 2933 1446 2975 a

113 3033 140 3075 rs
154 3020 287 3096 perfecto
318 3017 426 3087 uerbo,
456 3027 494 3078 ut
515 3017 677 3079 sorbillo
699 3019 873 3099 frequenter
895 3019 1018 3090 sorbeo;
1046 3019 1226 3099 suggillo,
1249 3022 1271 3079 i·
1294 3016 1447 3096 strangulo

153 3139 168 3181 a
192 3120 287 3181 uerbo
309 3138 437 3198 suggero
459 3122 484 3178 i·
508 3122 676 3200 interrogo;
707 3121 903 3200 ‘suggillare'
932 3123 1053 3202 proprie
1084 3131 1131 3182 est
1152 3120 1258 3182 crebra
1280 3122 1448 3198 interroga·

153 3225 234 3283 tione
262 3225 345 3301 quasi
374 3221 569 3300 strangulare.
614 3221 677 3283 Alia
705 3223 785 3283 siue
814 3224 976 3300 origine,
1010 3226 1035 3283 i·
1058 3241 1133 3303 quae
1156 3241 1172 3283 a
1194 3241 1227 3283 so
1250 3223 1387 3294 ueniunt,
1411 3228 1533 3293 utsem

153 3325 305 3403 pitisso,
329 3326 349 3382 i·
371 3323 544 3402 frequenter
567 3322 638 3384 bibo
661 3322 710 3385 uel
732 3342 821 3403 spuo.
845 3324 913 3386 inde
935 3326 1064 3402 ‘pituita’
1082 3324 1192 3383 dicitur
1208 3326 1320 3399 minuta
1344 3322 1446 3384 saliua.

154 3425 312 3494 Vaciffo,
348 3428 373 3484 i·
403 3424 498 3485 titubo
528 3444 635 3486 moneo
668 3424 785 3486 dubito:
820 3424 958 3485 ‘uacillat
990 3426 1106 3485 animus
1132 3426 1233 3484 meus'
1267 3426 1292 3483 i·
1322 3421 1446 3483 dubitat.

115 3529 248 3588 ³⁰Sunt
276 3534 310 3586 et
336 3528 624 3603 frequentatiua
652 3527 688 3586 iu
716 3534 792 3587 tres
820 3524 974 3603 gradus,
1004 3527 1025 3584 i·
1049 3527 1079 3586 in
1103 3532 1164 3586 tres
1191 3525 1388 3598 litteraturas,
1413 3533 1450 3584 ut

154 3648 266 3689 curro
291 3629 404 3706 primus
427 3628 549 3705 gradus;
579 3645 691 3687 curso
713 3627 876 3696 secundus;
898 3627 1042 3688 cursito
1064 3629 1182 3697 tertius;
1206 3625 1258 3688 sed
1281 3631 1395 3688 ‘curso’
1418 3633 1537 3699 etcum

154 3732 289 3790 ‘cursito'
314 3730 392 3789 idem
417 3738 472 3788 est.
518 3729 632 3806 Saepe
661 3729 696 3787 iu
725 3727 831 3797 duos,
859 3747 884 3788 s.
908 3727 1029 3807 gradus.
1072 3730 1114 3789 Vt
1141 3728 1227 3790 uolo
1256 3727 1353 3796 nolas,
1378 3727 1537 3802 indecem

155 3832 246 3892 uolito
274 3849 320 3890 as:
351 3829 475 3890 ‘uolitat
502 3829 623 3907 aquila’,
656 3831 682 3890 i·
706 3830 881 3907 frequenter
910 3828 1001 3891 uolat.
1045 3831 1263 3912 Compesco,
1297 3834 1322 3892 i·
1347 3832 1533 3908 mitigocser

154 4002 247 4010 μ..
326 4000 387 4005 ,ψ-

221 4118 335 4184 2fqtum
405 4119 465 4169 liin
484 4113 630 4183 euangelio]
649 4117 707 4168 loli.
721 4117 793 4168 XVI
809 4121 842 4168 21
912 4121 944 4169 12
962 4120 987 4167 io
1007 4133 1082 4169 usum
1152 4120 1184 4168 14
1201 4119 1226 4167 io
1245 4119 1350 4184 triginta
1368 4084 1450 4167 aetate

154 4189 186 4236 21
205 4183 336 4252 superius]
359 4188 422 4237 Bon.
441 4205 467 4252 p.
488 4189 584 4248 382,1
651 4189 685 4236 22
702 4186 802 4252 patriae
854 4189 939 4253 potuis
958 4201 1008 4253 ago
1075 4189 1109 4236 23
1127 4200 1219 4252 grecus
1237 4187 1339 4252 grecizo

156 4340 273 4347 ---...--Μ
282 4343 288 4347 .
317 4342 382 4348 v—--.

223 4459 239 4507 8
264 4459 355 4509 Gloroo
376 4459 472 4508 codicia
494 4456 637 4508 Beruemla
655 4458 677 4520 s.
696 4459 744 4508 10⁸
765 4473 845 4524 marg.
862 4459 938 4513 dem:
974 4457 1112 4508 Sciendum
1134 4468 1174 4509 est
1195 4458 1257 4522 quio
1280 4472 1330 4507 uou
1354 4468 1448 4507 rectum

155 4525 269 4575 ordinem
296 4526 377 4575 tenurit
398 4525 512 4575 Donatus
535 4527 560 4574 iu
585 4525 624 4575 liis
642 4525 746 4588 formis;
773 4541 832 4575 ncru
859 4527 969 4591 primurn
996 4526 1118 4577 debueret
1143 4541 1240 4593 ponere
1265 4525 1449 4589 meditatiuam,

154 4593 246 4643 deinde
273 4594 458 4653 inctructiuam,
487 4605 576 4658 postea
607 4592 759 4659 perfectam,
786 4595 819 4644 ed
847 4593 964 4643 ultimum
990 4593 1217 4658 frequentatiuam;
1252 4608 1310 4643 nam
1337 4593 1448 4659 primum

155 4663 308 4710 meditamur
329 4677 382 4711 rem
405 4676 494 4726 ogere,
518 4661 610 4711 deiude
631 4661 796 4722 inchoemus,
819 4673 910 4727 postea
928 4677 989 4712 uero
1007 4662 1168 4729 perficimus,
1191 4661 1328 4729 perfectam
1347 4675 1408 4711 uero
1423 4662 1448 4711 iu

155 4729 280 4791 frequenti
299 4745 347 4778 usu
366 4743 489 4780 tenemus.
524 4727 575 4778 Sed
592 4730 618 4777 in
641 4729 747 4778 exordio
768 4729 856 4779 muudi
884 4731 970 4779 omnio
995 4729 1106 4796 perfecta
1132 4730 1191 4781 feeit
1216 4730 1293 4792 deus,
1321 4728 1449 4780 homiuem

155 4797 250 4849 scilicet
268 4798 405 4863 perfectum
425 4798 449 4846 in
468 4805 550 4846 aetate
568 4798 673 4862 triginta
690 4812 827 4860 annorum,
846 4813 897 4848 nou
915 4813 1033 4865 puerum,
1051 4799 1180 4859 uolatilia,
1198 4813 1250 4849 nou
1268 4813 1327 4857 ouo,
1345 4797 1449 4848 arbores

155 4881 263 4932 magnos
281 4881 339 4915 cum
358 4864 426 4915 foliis
445 4877 469 4916 et
485 4864 623 4915 fructibus:
646 4864 713 4915 hunc
736 4865 851 4916 ordinem
874 4882 984 4932 sequeus
1008 4866 1125 4919 Donatus
1143 4882 1159 4917 a
1175 4865 1294 4933 perfectis
1312 4866 1449 4917 inchoarit.
