3382 5476
592 349 640 398 DE
660 346 780 398 LIBRIS
799 345 1073 399 TVRICENSIBVS.

396 540 428 593 Vt
451 541 649 612 genriuatarum
672 538 764 594 breuis
787 546 828 593 est
850 553 958 610 seraper
981 538 1057 610 prior
1079 537 1174 591 luorum

396 623 415 676 V
438 624 488 679 snb
511 638 527 676 o
550 632 656 697 prestat
678 620 794 696 (prestat
817 619 888 696 cod.)
912 640 926 676 a
951 623 1001 677 sub
1024 630 1052 677 et
1074 623 1083 684 i
1105 621 1153 677 sed
1176 629 1320 694 utramque
1344 623 1462 678 secunda

342 715 372 763 15
395 709 553 783 liyptongos
576 707 700 783 duplices
723 724 790 781 qaras
814 707 929 764 dicimus
952 723 1012 762 esse
1036 705 1146 762 uocales

394 827 415 883 N
438 845 463 882 m
486 827 593 883 substat
616 835 643 882 et
666 845 694 897 s,
719 825 770 881 uisi
795 798 830 898 (ii
852 825 925 896 eod.)
948 841 1009 880 cum
1032 824 1087 879 sint
1108 824 1287 880 semiuocales

395 909 1063 985 Sbcqptpraestatcptbgsedde

394 995 525 1052 Necnon
549 1013 574 1050 ru
597 1013 612 1051 c
634 995 650 1050 d
673 1012 734 1051 cum
757 1012 775 1066 g
798 994 963 1068 subponitur
985 1002 1013 1049 et
1037 1002 1054 1049 t.

395 1080 426 1135 Et
449 1079 561 1154 reliquis
585 1088 658 1135 mute
681 1079 790 1153 liquidis
813 1087 878 1134 suut
900 1079 1102 1152 praepositiune

337 1172 370 1219 20
392 1165 411 1221 E
435 1164 507 1237 (cod.
530 1163 577 1236 En)
601 1181 656 1219 nou
677 1164 831 1237 conpositis
854 1163 906 1219 boc
927 1171 1018 1218 autem
1041 1165 1146 1218 cernito
1171 1162 1271 1219 uerbis.

394 1249 442 1306 Est
464 1266 525 1305 nam
549 1247 694 1305 uerborum
717 1266 772 1304 non
795 1265 903 1322 semper
925 1249 1133 1320 conpositorum

394 1336 524 1391 decuitur
547 1342 621 1390 certe
645 1335 793 1407 penultima
815 1331 927 1407 lungula
951 1349 1075 1405 quaeque
1099 1328 1152 1405 (113)

396 1420 506 1475 Praeter
527 1418 560 1474 ab
583 1418 645 1474 inde
667 1417 757 1491 duplis
779 1418 813 1473 de
836 1417 944 1490 quaudo
967 1417 1012 1472 uel
1036 1418 1062 1471 in
1085 1418 1230 1489 gemmatis
1283 1432 1288 1443 ·

395 1505 464 1560 Ante
488 1520 536 1578 per
559 1502 711 1576 exemplum
734 1501 808 1558 soliti
832 1518 999 1576 cognoscere
1021 1501 1134 1557 uerbum

338 1594 371 1641 25
394 1591 448 1644 dut
470 1588 549 1644 aliam
571 1596 677 1661 partem
699 1604 759 1643 cum
783 1589 880 1660 prima·
891 1594 1010 1660 postque
1032 1586 1153 1641 uocalcm

395 1672 518 1729 Consona
542 1672 600 1729 sola
623 1674 698 1728 uenit
720 1672 753 1728 de
776 1689 828 1745 qua
853 1688 924 1728 noua
946 1670 1041 1744 regula
1064 1671 1151 1726 creuit

394 1757 479 1826 Quam
501 1755 569 1813 mibi
591 1756 716 1813 Seruiolo
739 1756 842 1831 placuit
864 1755 1038 1812 subscribere
1060 1753 1141 1810 libro.

394 1841 471 1910 Quod
495 1841 575 1898 simul
598 1842 661 1897 inde
683 1843 771 1915 sapis,
795 1833 947 1897 est'omnis
970 1839 1071 1913 syllaba
1095 1839 1192 1913 qualis.

394 1997 464 2050 Ante
487 1993 503 2049 b
526 1992 556 2049 lit
578 1992 669 2049 breuis
691 2011 706 2048 a
730 1993 831 2049 retinet
853 2008 933 2065 quam
955 1991 1050 2048 sillaba
1073 1993 1160 2065 prima

340 2086 374 2132 30
395 2077 495 2135 Fabula
517 2078 562 2135 nel
585 2077 663 2134 labor
685 2095 745 2135 cum
769 2085 822 2133 stat
845 2076 1005 2150 producitur
1028 2076 1105 2133 labor

395 2163 428 2219 Et
450 2163 532 2219 stabit
555 2161 638 2234 (scabi
661 2161 733 2237 cod.)
756 2161 830 2218 labes
852 2161 955 2236 pariter
978 2179 1088 2236 quoque
1110 2163 1209 2237 papula
1233 2162 1308 2219 tabes

396 2247 491 2304 Stabat
512 2247 541 2320 (S
564 2246 653 2303 stabat
674 2243 746 2319 eod.)
770 2264 830 2303 cum
853 2246 936 2304 stabit
958 2264 1018 2303 curu
1042 2246 1123 2303 nabat
1144 2248 1263 2322 denique
1285 2249 1361 2305 nabit

395 2332 489 2389 Flabat
511 2350 571 2389 eum
595 2331 670 2388 llabit
692 2333 757 2388 baec
779 2333 909 2388 metricus
931 2332 997 2389 liant
1018 2331 1153 2388 breuiabit

396 2419 466 2474 llaec
488 2417 678 2491 producuntur
699 2434 754 2472 non
777 2434 846 2491 quae
870 2426 959 2474 tamen
983 2417 1044 2473 iude
1069 2418 1215 2473 trabuntur

341 2508 373 2555 35
396 2501 424 2558 Si
447 2501 463 2558 b
487 2503 595 2576 quidem
618 2512 746 2572 seruant,
770 2502 836 2558 alias
858 2502 905 2558 sed
928 2501 968 2574 (se
991 2499 1062 2575 eod.)
1087 2502 1167 2577 longa
1191 2511 1329 2558 retentant

396 2591 465 2644 Ante
488 2607 503 2643 c
525 2582 580 2644 nori
604 2587 687 2645 breue
709 2590 745 2644 sit
767 2588 895 2662 quotiens
918 2587 935 2643 b
958 2606 984 2662 p.
1001 2605 1036 2644 ue
1058 2590 1180 2661 supersit

395 2673 516 2746 decipies
540 2671 664 2729 baculum
688 2674 809 2746 spacium
833 2673 921 2746 piacet
944 2681 1026 2746 atque
1048 2671 1182 2746 placantia
1205 2673 1279 2746 pacis

395 2757 459 2829 (lep.
483 2757 606 2831 Excipies
629 2758 728 2830 spaciis
751 2757 840 2831 piacet
862 2765 944 2830 atque
967 2757 1100 2830 placantia
1124 2756 1206 2830 pacis]

395 2839 453 2907 Que
475 2843 514 2898 sic
536 2841 694 2898 scribuntur
716 2841 796 2897 simul
820 2842 908 2897 omnia
931 2842 1120 2915 corripiuntur

396 2930 465 2982 ltcer
487 2923 559 2983 idest
580 2925 660 2981 lortls
683 2925 808 2982 facundia
831 2926 954 2983 machina
975 2924 1066 2999 longis

338 3017 372 3064 40
395 3010 413 3064 n
436 3012 539 3084 pariter
562 3007 605 3086 (de
628 3012 731 3085 pariter
753 3010 825 3082 cod.)
849 3013 950 3084 iungit:
974 3011 1055 3067 draco
1078 3011 1212 3084 tardoque
1235 3012 1340 3069 reducit

192 3094 376 3170 (p.18col.2)
394 3098 461 3151 tute
484 3096 499 3150 d
523 3094 552 3150 bt
575 3095 666 3151 breuis
689 3096 760 3152 etsi
785 3113 864 3169 quarn
887 3096 1037 3169 producere
1060 3098 1169 3169 quaeris
1191 3105 1242 3153 ete.

278 3209 395 3271 Dmrade
413 3230 446 3286 p.
475 3218 509 3268 21
530 3213 587 3271 col.
615 3218 631 3269 2
653 3212 729 3271 baec
750 3209 868 3287 scripta
890 3218 973 3272 sunt:

395 3334 442 3388 Est
464 3334 636 3406 antiquarum
660 3332 728 3389 liber
751 3333 794 3388 bic
817 3331 1053 3389 sententiolarum.

193 3418 306 3474 Formae
321 3417 442 3474 casuales
459 3419 597 3474 nominum
614 3417 645 3473 Vl
661 3416 714 3488 (Vll
729 3417 801 3488 rod.)
819 3427 896 3474 sunt:
913 3425 1072 3492 monoptota
1088 3418 1192 3492 diptota
1210 3420 1323 3492 triptota
1338 3428 1489 3495 tetraptota

192 3503 357 3576 (detraptota
372 3502 445 3573 cod)
461 3511 619 3577 pentaptota
635 3511 771 3577 exaptota.
803 3502 958 3578 blouoptota
982 3511 1046 3558 sunt
1069 3520 1138 3577 quae
1162 3521 1211 3577 pro
1234 3505 1359 3560 omnibus
1382 3507 1489 3563 casibus

191 3639 246 3677 rano
269 3640 334 3679 casu
357 3620 525 3696 languidus,
549 3631 579 3677 ut
602 3622 756 3678 luriusmodi
780 3621 963 3678 huiuscemodi
986 3622 1132 3677 illiusmodi
1157 3623 1289 3680 eiusmodi
1311 3597 1393 3696 (etin
1415 3626 1489 3697 cod.)

192 3725 277 3762 cornu
311 3724 392 3778 uern,
428 3709 454 3762 iu
490 3708 589 3780 quibus
624 3725 679 3763 uon
713 3708 763 3763 nisi
793 3725 862 3763 unus
891 3705 1019 3781 obliquus
1048 3707 1187 3763 inuenitur
1214 3725 1294 3765 casus
1322 3719 1352 3765 ut
1380 3715 1488 3783 sponte.

192 3794 306 3865 ltyptota
335 3801 399 3848 saint
427 3794 453 3847 iu
483 3792 581 3865 quibus
610 3810 665 3847 non
693 3793 745 3847 uisi
772 3794 826 3848 aluo
856 3792 956 3848 diuersi
981 3793 1157 3848 inueniuntur
1180 3810 1258 3850 casus
1281 3802 1313 3849 ut
1334 3793 1392 3850 lars
1417 3797 1488 3850 laete

193 3882 278 3932 tricem
307 3878 375 3932 uice.
420 3878 545 3949 Triptcta
574 3887 638 3933 sunt
664 3885 695 3932 ut
724 3879 813 3932 orrrnia
842 3879 929 3950 priene
954 3876 1144 3932 declinationis
1173 3894 1242 3950 quae
1269 3879 1295 3933 in
1319 3896 1334 3935 a
1356 3879 1490 3935 delimunt

192 3970 221 4017 ut
244 3962 316 4016 illusa
341 3961 429 4017 blusae
452 3961 561 4016 blusam.
607 3963 765 4036 Tetraptota
794 3971 859 4017 suut
887 3960 913 4015 in
942 3960 1040 4034 quibus
1070 3971 1189 4035 quatuor
1215 3962 1316 4019 diuersi
1345 3981 1425 4020 casus
1448 3968 1488 4020 iu·

192 4046 339 4102 neuinutur
363 4056 391 4100 nt
414 4064 537 4119 <peraeque
562 4042 610 4120 (ᾧ)
633 4046 766 4103 secundae
789 4046 977 4103 declinationis
1000 4044 1094 4116 uerba,
1117 4049 1187 4103 sicut
1210 4049 1341 4118 magister
1363 4049 1488 4124 magistri

191 4131 322 4202 rraagistro
351 4131 519 4203 magistrum.
565 4133 726 4204 Pentaptota
755 4141 835 4203 sum,
863 4138 894 4186 ut
920 4131 1009 4186 omnia
1033 4132 1167 4188 secundae
1190 4132 1381 4189 declinationis
1405 4134 1488 4190 uerba

192 4218 217 4269 in
242 4233 274 4270 ns
297 4216 464 4286 desinentia,
487 4224 517 4271 ut
540 4217 628 4272 iustus
651 4219 716 4271 iusti
739 4218 812 4271 insto
835 4217 937 4271 iustum
961 4232 977 4270 o
1000 4215 1081 4271 iuste.
1124 4218 1125 4221 ’

275 4299 405 4374 lisaptota
428 4309 491 4357 sunt
514 4319 582 4375 quae
606 4319 652 4357 sen
674 4302 799 4357 diuersos
822 4317 900 4358 casus
924 4299 1039 4370 habeut,
1067 4310 1097 4356 ut
1125 4320 1195 4358 unus
1224 4303 1304 4358 unius
1334 4305 1380 4358 nni
1404 4321 1486 4360 aruum

190 4402 243 4442 nne
266 4385 299 4440 ab
322 4402 386 4441 uno.
447 4438 454 4455 ,

436 4465 584 4552 ᾼίῐότνὲείη
607 4471 699 4527 dicrlnt
722 4471 754 4526 de
776 4462 1009 4544 participando
1033 4467 1157 4527 recidunt

434 4558 468 4612 Ex
492 4551 651 4613 mediistlnd
667 4556 705 4628 fit
729 4551 839 4630 sincupa'r
864 4551 942 4631 pairtc
967 4548 1053 4612 recisi

434 4636 570 4716 Pirteque
594 4641 731 4698 saibtrdctd
753 4639 859 4698 dicetur
882 4630 1012 4714 apocopa
1028 4638 1098 4698 lacti

436 4726 487 4781 Sex
512 4726 591 4783 babet
614 4727 680 4782 baec
702 4727 753 4782 sibi
777 4735 893 4783 scemata
918 4727 1009 4801 lingua
1032 4725 1126 4781 lratiua

480 4812 605 4867 i'routem
629 4810 673 4868 dat
697 4813 834 4885 prothesis
858 4829 936 4885 qtram
960 4820 1041 4884 negat
1064 4811 1184 4866 alieresis
