3382 5476
246 385 352 432 CLXVI
762 367 812 417 Du
830 363 1016 417 Fuuvmuo

288 558 351 619 Edo
375 574 492 636 (puroque
522 563 647 616 testante
675 555 880 615 Consentio

247 659 539 741 plusquamperfecto
568 665 666 726 cerel,
694 656 880 718 Cominio-

246 780 314 824 nus
341 770 439 822 tumea
470 759 588 821 ederam
618 776 683 819 esse
716 756 788 819 dicit
816 757 880 832 (cs.

248 861 416 939 Gainsredi
436 861 490 937 qui
504 858 621 922 dicitur
635 868 782 936 excerpta
798 867 879 921 auct.

253 965 353 1026 Vatic.
383 967 411 1026 V
425 982 460 1042 p.
486 971 543 1023 150
563 963 612 1022 ed.
637 961 744 1037 Mai).

319 1084 365 1143 VI
389 1083 494 1143 Codex
516 1078 721 1142 Einsidlensis
744 1087 780 1138 15
800 1097 879 1141 saec.

173 1185 176 1191 ⁴
248 1187 282 1248 X
302 1186 346 1245 ad
367 1180 523 1245 Prisciani
552 1183 590 1242 de
616 1180 788 1244 accentibus
809 1180 884 1242 libri

248 1291 361 1361 locunt,
397 1284 451 1361 qui
477 1291 520 1345 est
544 1277 577 1360 p.
603 1291 676 1357 526,
701 1290 721 1344 8
749 1286 795 1358 K,
825 1284 887 1346 hac⁴

248 1389 338 1449 hahet
368 1384 505 1463 marpini
538 1384 728 1463 adscriptum
751 1403 788 1463 p.
819 1391 882 1458 108,

248 1507 330 1551 man.
353 1506 433 1550 saec.
456 1489 492 1548 X
493 1508 504 1549 .·
527 1562 529 1568 Ι
1313 1563 1316 1568 ⁸

293 1588 442 1671 Sincipul]
461 1589 533 1650 Sine
548 1591 645 1668 capite
660 1587 707 1649 uel
721 1592 785 1650 sine
800 1591 882 1670 prin·
951 1589 988 1648 Vt
1015 1597 1058 1648 cst
1086 1588 1229 1665 sinciput,
1257 1603 1325 1646 cum
1353 1582 1542 1662 intellegatur

250 1694 316 1773 cipe
337 1710 389 1752 seu
413 1693 578 1770 posteriora
604 1692 665 1767 (sic)
688 1709 758 1770 pars
779 1692 884 1771 caprilis
911 1698 1053 1752 somatum
1076 1696 1174 1769 ceput.

251 1792 297 1855 uel
321 1801 442 1855 senatus
464 1805 560 1873 caput.
599 1793 728 1854 Cicero
751 1811 823 1852 uero
839 1792 882 1853 di·

253 1894 374 1957 midium
398 1894 517 1972 capias,
548 1895 753 1955 Flauianus
781 1912 883 1955 sanum
965 1950 967 1959 ,

252 2004 342 2077 capul
363 1996 436 2056 dicit
458 1995 505 2056 uel
528 1996 617 2056 semis
639 2003 736 2074 caput.

1050 1450 1208 1513 Charisius
1228 1469 1260 1527 p.
1286 1457 1332 1524 17,
1357 1456 1390 1508 2:

335 2201 398 2262 Sed
417 2207 513 2260 restat
533 2198 598 2260 alia
621 2197 756 2274 quaestio
778 2197 945 2261 litteraria.
985 2197 1127 2275 Catatoai
1147 2197 1226 2260 enim
1243 2197 1400 2280 Bohicusis
1422 2197 1544 2276 antiqui

252 2302 424 2377 (Muratori
447 2300 649 2377 Antiquitates
670 2299 803 2363 Italicae
824 2303 893 2376 HI,
918 2309 991 2376 820,
1021 2302 1065 2374 cs.
1097 2302 1129 2362 C.
1158 2300 1287 2364 Thuroti
1308 2311 1455 2377 excerpta
1476 2304 1498 2362 t.
1522 2305 1544 2361 l.

247 2424 282 2484 p.
307 2412 345 2465 63
367 2409 447 2479 nat.)
470 2401 533 2463 iam
556 2404 667 2464 dudum
682 2400 794 2463 mentia
813 2403 904 2477 sacta
923 2413 992 2464 erat
1013 2405 1073 2464 hac
1095 2406 1125 2463 in
1149 2421 1184 2463 re
1204 2411 1233 2463 et
1254 2400 1546 2476 aReifferscheidio

253 2506 338 2580 olim,
370 2504 441 2566 dein
464 2523 484 2564 a
506 2503 609 2566 Keilio
637 2513 729 2579 arone
757 2506 920 2582 Muellero,
949 2505 1002 2581 qui
1029 2523 1095 2565 cum
1124 2503 1189 2566 alia
1216 2513 1277 2566 tum
1305 2507 1381 2565 haec
1408 2501 1545 2565 exhibet:

253 2608 389 2671 ‘Librum
412 2610 432 2667 I
454 2604 600 2668 Flauiani
622 2609 659 2667 de
680 2622 824 2667 consensu
846 2605 1000 2668 nominum
1022 2615 1051 2667 et
1074 2602 1295 2687 uerhornm’.*)

338 2713 429 2772 Hunc
450 2707 548 2785 ipitur
569 2712 665 2769 locum
688 2725 750 2769 uno
771 2724 916 2769 consensu
937 2725 1045 2777 amnes,
1069 2706 1123 2784 qui
1146 2705 1177 2768 in
1200 2710 1259 2768 hac
1280 2705 1456 2783 quaestione
1476 2726 1545 2771 eno·

254 2813 359 2875 danda
380 2813 579 2884 sudauerunt,
603 2809 681 2870 satis
700 2803 901 2886 probabiliter
927 2812 970 2869 ad
997 2809 1133 2887 quintum
1162 2808 1298 2870 Charisii
1324 2808 1432 2870 librum
1455 2818 1546 2871 rettu-

253 2918 364 2975 lerunt.
409 2910 501 2972 Cuius
527 2909 629 2988 operis
656 2909 751 2972 tidros
777 2919 917 2987 quattuor
943 2909 1081 2986 priores,
1118 2929 1193 2987 quos
1219 2929 1239 2970 a
1268 2909 1372 2985 quinto
1397 2910 1548 2974 seiunctos

254 3031 476 3089 nonnumquam
509 3011 677 3089 separatim
711 3031 730 3072 a
764 3011 905 3073 librariis
936 3012 1068 3088 scriptas
1092 3011 1193 3085 fuisse
1219 3011 1360 3074 conicere
1386 3012 1474 3088 licet,
1509 3031 1547 3074 eu

257 3117 348 3176 hahes
370 3115 483 3176 diserte
505 3123 694 3176 humanatus
714 3113 748 3175 in
769 3117 911 3190 catatopo
932 3114 1203 3189 prammaticarum
1231 3113 1399 3189 Bernensi,
1429 3117 1548 3191 dequo

255 3217 344 3279 huius
368 3215 470 3294 partis
497 3215 600 3301 capipe
623 3215 725 3292 primo
748 3215 943 3278 disseruimus
960 3234 993 3293 p.
1018 3216 1237 3277 CXXXXIX:
1266 3217 1310 3277 De
1330 3215 1427 3277 Italia
1447 3263 1541 3279 .....

255 3317 404 3380 Flurtr'ani
424 3316 497 3378 lihri
518 3319 601 3379 IIII.

339 3422 449 3496 Itaque
476 3437 578 3480 rerum
607 3429 696 3496 atque
725 3427 890 3496 temporam
917 3418 1029 3482 notitia
1051 3418 1216 3496 paullatim
1239 3417 1401 3496 diffluente
1423 3419 1547 3490 accidit,

232 3533 287 3585 'ut
316 3521 452 3584 Charisii
479 3521 598 3582 nomine
626 3522 778 3583 obliuione
804 3525 917 3583 obtecto
944 3522 1008 3585 cius
1034 3521 1153 3598 scriptu
1179 3524 1268 3582 modo
1293 3520 1467 3583 Cominiani
1496 3541 1548 3584 no

256 3623 337 3686 mine
354 3632 615 3701 propaparentur,
638 3623 726 3685 cuius
745 3623 793 3685 rei
806 3625 927 3687 Keilius
943 3622 1137 3685 uerisimilem
1152 3640 1276 3684 causam
1292 3621 1430 3684 reddidit
1439 3625 1547 3700 praes.

260 3725 380 3788 Charis.
400 3743 433 3802 p.
457 3725 615 3795 XLVIII,
642 3728 731 3787 moda
753 3725 907 3788 Flauiano
929 3725 1051 3787 cuidam
1073 3716 1296 3800 tribuerentur,
1326 3725 1549 3801 quodquidam

258 3845 362 3889 reomen
385 3846 425 3888 cx
452 3826 550 3903 ipsius
574 3827 709 3890 Charisii
733 3828 932 3905 praenomine
959 3831 1117 3900 confictum
1145 3835 1212 3886 erat
1239 3825 1298 3901 ita,
1330 3835 1363 3887 ut
1388 3825 1451 3888 iam
1472 3826 1549 3890 satis

257 3927 381 3991 uetustis
409 3927 592 4005 temporibus
618 3933 679 3991 dua
711 3930 772 3991 istu
805 3930 929 3992 nomina
962 3929 1051 4006 quasi
1077 3932 1160 3989 nulla
1192 3927 1255 3990 nisi
1284 3928 1416 4003 fortuito
1446 3948 1549 3991 rerum

257 4049 376 4094 conexu
399 4031 442 4089 ad
461 4049 524 4090 sese
545 4031 724 4092 accedentia
751 4034 838 4094 modo
865 4032 1028 4096 coniuncta
1055 4029 1348 4104 circumferrentur,
1377 4034 1465 4093 modo
1489 4050 1550 4108 pro

257 4151 289 4195 se
315 4135 454 4209 quodque
482 4132 667 4194 auctoritate
694 4132 840 4209 uiuerent.
894 4136 955 4207 Ouo
978 4134 1099 4207 sactum
1127 4141 1188 4210 est,
1218 4141 1251 4193 ut
1278 4132 1339 4195 iarn
1367 4133 1400 4194 iu
1427 4134 1551 4196 scholiis

259 4233 464 4296 Beruensr'hus
485 4243 515 4295 et
536 4235 733 4297 Cominianus
753 4243 783 4297 et
797 4236 968 4298 Flauianus
984 4233 1107 4296 seorsim
1130 4236 1342 4309 laudarentur,
1366 4235 1551 4297 coniunctim

258 4335 291 4398 in
313 4346 379 4396 arte
401 4354 552 4415 artonpmn
574 4337 726 4399 Beruensi
742 4358 778 4415 p.
805 4346 873 4413 teo,
900 4345 935 4398 29
962 4347 1053 4414 atque
1075 4337 1160 4413 apud
1182 4338 1415 4399 Matsachanum
1436 4346 1466 4399 et
1487 4339 1551 4400 Cle-

327 4640 355 4706 *)
373 4643 449 4692 Recte
468 4643 496 4692 H.
515 4643 610 4692 Kellios
635 4644 718 4693 Herm.
737 4645 747 4693 l
765 4661 791 4710 p.
810 4648 859 4696 333
882 4644 948 4693 harro
973 4644 1072 4694 titulum
1096 4661 1145 4695 non
1171 4647 1204 4695 nd
1226 4646 1413 4695 celeberrimum
1438 4643 1551 4694 codicem

260 4709 453 4775 Neapolitanam
482 4713 607 4775 pertinere
633 4726 712 4776 posse
735 4713 812 4774 uidit,
840 4714 936 4778 quippe
959 4714 1002 4774 qui
1026 4713 1098 4762 Babil
1121 4716 1233 4780 scriptus
1259 4725 1284 4762 et
1311 4728 1398 4762 omnes
1425 4695 1552 4764 coffinum

259 4780 370 4840 quiaque
388 4781 475 4837 libros,
494 4781 518 4827 iu
538 4795 645 4840 quoram
666 4781 853 4829 uniuersitatem
873 4781 922 4829 istu
940 4783 1017 4830 uerba
1035 4782 1139 4831 mimme
1162 4783 1302 4844 qruudrunt,
1321 4792 1346 4831 et
1363 4796 1410 4830 suo
1429 4781 1482 4830 loeo
1502 4779 1551 4832 So—

260 4847 349 4912 sipstr'r
368 4849 469 4897 nomine
487 4849 573 4897 addito
591 4849 616 4898 iu
636 4848 725 4898 eodem
744 4849 786 4896 ἰΙΙο
804 4849 920 4913 catalogo
939 4860 1098 4898 enumeretur
1116 4866 1143 4916 p.
1161 4852 1219 4901 821.
