3382 5476
213 352 277 453 228
606 388 840 441 couucnrvu
859 386 1104 441 nmsrnanusa

213 578 441 639 consonantium
470 576 691 648 consideretur,
721 576 808 655 longa
831 577 889 639 duo
911 588 940 638 ct
962 578 1053 638 semis
1074 576 1123 638 uel
1145 578 1210 639 tria-
1229 586 1380 659 tempora,
1410 574 1514 639 breuis

214 696 306 740 unum
329 691 358 740 ct
380 683 470 740 semis
492 687 588 758 potest
610 679 729 741 babere.
774 682 795 740 Α
804 679 875 759 pud
904 679 1098 749 metricos,
1122 680 1147 738 i·
1171 680 1401 741 uersilicatorea
1445 678 1513 740 Se·

213 784 344 861 mipes,
367 782 393 841 i·
418 780 557 842 dimidius
580 800 647 860 pos,
678 790 708 842 et
729 781 785 841 boc
808 790 951 859 quantum
974 780 1011 841 ad
1039 778 1131 861 pedes
1158 779 1332 861 disyllabos,
1362 780 1415 861 qui
1443 779 1512 841 ideo

212 885 341 962 primum
365 883 519 962 possident
541 885 653 951 locum,
683 883 751 962 quia
779 884 869 963 primi
896 884 1008 962 reperti
1038 889 1106 944 sunt
1133 880 1183 943 uel
1205 879 1283 960 quod
1306 882 1511 963 principatum

214 993 314 1046 tenent
337 987 415 1046 inter
436 984 581 1062 reliquos.
626 982 698 1045 lnde
721 992 749 1043 et
772 985 952 1064 principales
974 984 1123 1045 dicuntur.
1523 1000 1536 1040 s

738 1168 786 1229 llE
813 1169 981 1231 rssnrnvs

86 1327 108 1369 p.
122 1310 173 1361 aco,
188 1312 211 1351 n
298 1280 373 1351 Pes'
392 1299 449 1350 est
476 1287 716 1368 syllabarum.
763 1287 927 1350 ventilatur
949 1308 964 1348 a
989 1286 1139 1349 nonnullis
1161 1289 1311 1365 quaestio,
1340 1304 1397 1349 cur
1418 1288 1512 1369 podes

212 1395 242 1453 in
265 1401 328 1452 arte
351 1397 510 1471 ponantur.
556 1390 670 1450 llicitur
692 1398 805 1459 tannen,
830 1391 969 1467 quoniam
992 1388 1058 1449 illos
1081 1407 1140 1451 non
1163 1387 1299 1469 improbe
1313 1392 1426 1469 posuit,
1441 1386 1510 1471 ‹yuia

212 1493 257 1554 lris
279 1494 364 1574 quasi
386 1492 511 1573 quodam
536 1490 632 1571 pedali
655 1492 756 1570 regula
780 1491 815 1551 ad
839 1489 1025 1572 peragendos
1048 1509 1156 1552 uersus
1171 1498 1305 1570 tempora
1320 1488 1510 1571 syllabasque

212 1597 361 1656 metimur.
407 1596 514 1655 Certa
538 1593 807 1661 dinumeratio,
832 1604 913 1653 certa
937 1591 999 1662 lex,
1023 1594 1117 1663 lirma,
1141 1592 1270 1653 delinita.
1295 1590 1308 1673 ΙΙ
1324 1588 1390 1653 204
1406 1588 1420 1671 Η
1445 1590 1509 1653 ‘tn-
1522 1608 1545 1645 1⁰

194 1698 390 1757 -nunreratio’
412 1695 608 1774 computatio:
632 1693 712 1755 nulla
735 1696 814 1753 enim
837 1692 892 1753 alia
916 1713 963 1754 res
985 1694 1156 1755 dinumerat
1177 1701 1311 1774 tempora
1328 1701 1358 1753 et
1371 1692 1510 1773 syllabas,

211 1797 301 1857 ueluti
324 1784 425 1875 pedes.
471 1776 705 1874 Ternporuns,
735 1798 758 1854 i·
782 1797 954 1875 spatiorum.
999 1795 1072 1856 Nam
1096 1794 1214 1873 quidam
1237 1794 1434 1876 pedessunt,
1459 1796 1511 1874 qui

211 1898 270 1957 duo
293 1897 340 1958 uel
364 1899 419 1957 tria
443 1905 575 1975 tempora
598 1905 649 1957 aut
671 1906 811 1977 quattuor
833 1894 943 1957 liabent
959 1896 1121 1957 secundum
1138 1914 1297 1958 numerum
1314 1894 1507 1977 syllabarum.

211 2000 289 2060 llaec
320 2009 417 2059 autern
447 1997 576 2057 delinitio
603 1998 785 2059 substantiae
809 2004 868 2066 est,
891 1998 921 2058 in
944 2017 1002 2077 ryua
1025 1999 1193 2077 proprietas
1216 2006 1246 2058 ct
1267 2000 1439 2059 communio
1463 1998 1507 2058 in·

212 2099 369 2179 colligenda
392 2109 446 2161 est.
494 2102 663 2179 Proprietas
685 2101 715 2159 iu
738 2098 809 2165 boc,
840 2099 919 2175 quod
948 2100 1019 2159 dicit
1041 2102 1132 2160 ‘certa
1156 2099 1355 2160 dinumeratio
1377 2098 1542 2179 syllaba-1⁵

210 2205 304 2267 rum';
332 2204 572 2263 comnmnionem
596 2221 668 2262 uero
691 2201 780 2262 lrabet
808 2220 875 2260 curn
905 2199 1030 2279 syllaba,
1060 2200 1177 2279 operando
1206 2200 1278 2261 dicit
1298 2202 1399 2262 ‘certa
1421 2200 1508 2262 dinu-

212 2306 335 2364 meratio
371 2307 566 2383 temporum’,
589 2306 665 2385 ¹quia
695 2314 722 2362 et
750 2305 780 2362 iu
809 2302 934 2381 syllaba,
967 2305 1044 2362 sicut
1071 2304 1100 2362 iu
1128 2301 1264 2381 pedibus,
1294 2310 1507 2364 mensurantur

210 2414 353 2483 tempora.
400 2405 448 2465 Sic
476 2423 548 2483 ergo
575 2406 722 2482 iungitur:
757 2403 767 2431 ‘
775 2422 827 2481 pes
850 2414 894 2464 est
921 2408 1002 2464 certa
1027 2404 1227 2464 'dinumeratio
1254 2402 1435 2482 syllabarum
1460 2402 1507 2465 uel

209 2515 289 2566 certa
324 2505 521 2567 dinumeratio
549 2507 740 2586 temporum'.
786 2505 855 2565 l'ost
888 2504 1029 2585 syllabam
1061 2505 1177 2575 delinit,
1212 2504 1281 2585 quid
1315 2506 1374 2566 sint
1403 2503 1506 2585 pedes,

209 2609 278 2687 quia
307 2627 342 2667 er
369 2606 487 2688 syllabis
514 2616 660 2669 constant.
711 2608 762 2668 Est
791 2623 863 2683 orgo
891 2625 943 2686 pes
972 2604 1151 2686 syllabarum
1180 2616 1261 2666 certa
1295 2605 1541 2677 dinumeranda

210 2712 278 2787 quia
306 2720 375 2770 sunt
403 2710 520 2789 quidam
555 2710 647 2788 pedes
679 2708 815 2788 disyllabi
843 2717 894 2768 aul
924 2706 1065 2787 trisyllabi
1096 2706 1143 2767 uel
1171 2706 1372 2787 tetrasyllabi,
1402 2718 1506 2789 postea

211 2810 402 2889 polysyllabi,
427 2814 446 2870 i·
470 2810 577 2871 multas
599 2810 725 2890 syllabas
747 2809 900 2878 babentes,
924 2827 999 2889 quos
1021 2811 1179 2889 ‘syzygias’
1203 2827 1353 2870 uocantus.
1400 2810 1505 2871 Acci·

69 2912 315 2980 amandum,
349 2913 372 2970 i·
403 2912 554 2972 eueniunt.
610 2913 834 2991 Vnicuiquc,
869 2914 894 2971 i·
923 2913 1004 2971 omni
1037 2910 1115 2990 pedi.
1166 2913 1285 2981 Arsia,
1323 2909 1454 2973 eleuatio
1480 2930 1506 2973 s.

211 3014 309 3080 uocis,
339 3031 374 3072 eo
402 3012 481 3092 quod
512 3012 553 3072 ibi
582 3032 640 3074 uox
663 3012 808 3074 eleuetur.
851 3010 998 3082 Thesis,
1027 3010 1207 3083 humiliatio,
1236 3014 1261 3072 i·
1284 3011 1436 3092 depositio
1458 3009 1506 3075 uel

210 3114 365 3183 demissio,
394 3117 462 3194 quia
492 3115 533 3175 ibi
562 3132 619 3174 uox
647 3112 822 3193 deponatur.
868 3113 1062 3184 Numerus,
1092 3132 1114 3172 s.
1139 3122 1254 3184 certus,
1278 3114 1297 3173 i·
1321 3120 1395 3192 quot
1416 3113 1541 3196 sylla-¹⁵

210 3216 262 3277 bas
295 3215 392 3276 habet,
438 3216 610 3296 Tempus,
644 3217 669 3274 i·
699 3224 772 3294 ‹yuot
806 3222 938 3294 tempora
973 3216 1089 3293 accipit.
1141 3213 1352 3284 Resolutio,
1386 3215 1507 3296 quando

210 3335 287 3378 trous
303 3336 356 3397 pes
378 3317 504 3379 soluitur
525 3319 555 3378 in
579 3316 713 3387 alterum,
731 3314 869 3376 uidelicet
890 3315 1052 3394 disyllabus
1073 3319 1104 3376 in
1126 3314 1312 3395 trisyllabum
1335 3315 1384 3378 uel
1406 3316 1506 3399 trisyl-

210 3418 293 3479 labus
315 3422 345 3479 in
368 3419 608 3500 tetrasyllabum,
639 3429 805 3497 temporum
834 3426 933 3478 tamen
955 3421 1071 3479 ratione
1098 3425 1231 3479 seruata:
1261 3417 1313 3478 ille
1340 3419 1424 3480 enirn
1452 3437 1507 3499 pes

210 3522 329 3599 ponitur
356 3541 410 3601 pro
439 3522 547 3592 altero,
578 3540 644 3582 cum
667 3539 726 3598 quo
750 3519 853 3580 cadem
876 3526 1012 3598 tempora
1036 3519 1146 3581 babere
1174 3518 1278 3588 debet,
1309 3528 1412 3599 utpote
1436 3538 1508 3600 pro·

208 3622 433 3683 celeusmaticus
460 3642 515 3702 pro
544 3621 659 3702 dactylo
686 3621 734 3683 uel
765 3621 914 3700 spondeo,
948 3622 1016 3699 quia
1051 3620 1211 3681 eorundem
1245 3628 1417 3700 temporum
1451 3631 1544 3683 eston

208 3722 334 3793 Quidam
359 3726 437 3784 enim
460 3732 529 3784 sunt
550 3723 700 3802 simplices
729 3768 1413 3785 .................
1433 3702 1457 3785 ⁰.
1493 3772 1501 3786 .

749 3957 813 4040 [on
835 3956 960 4038 nonis]
1050 4024 1055 4033 ,

68 4162 333 4248 „³21‚223l205lt
358 4175 387 4225 et
410 4165 631 4243 proprietatem.
677 4161 758 4223 Ordo
782 4170 840 4223 est:
878 4161 1087 4222 conturbat
1119 4181 1244 4243 saepe,
1273 4165 1298 4223 i·
1328 4161 1508 4243 frequenter

208 4275 375 4327 commouet
397 4276 573 4326 accentuum
596 4265 702 4342 legem,
726 4262 785 4323 ‘uel
807 4265 883 4324 ratio
906 4262 1132 4342 distinguendi’,
1157 4267 1181 4323 i·
1205 4263 1367 4325 diuidendi.
1414 4264 1510 4329 Verbi

207 4370 316 4445 gratia,
346 4369 371 4427 si
393 4368 459 4443 quis
486 4364 588 4444 legens
616 4366 819 4427 ‘malesanus'
847 4364 959 4425 diuidat
986 4367 1017 4425 in
1046 4366 1120 4426 duos
1146 4375 1302 4434 accentus,
1332 4374 1365 4426 ut
1391 4368 1548 4430 ‘male’sa

330 4536 435 4544 ..—

275 4659 291 4706 3
308 4653 454 4717 dissylabos
524 4654 539 4702 7
558 4653 700 4714 uentilurur,
717 4669 849 4719 suprascr.
868 4654 884 4702 i·
903 4665 1020 4704 mouetur
1099 4654 1129 4703 21
1149 4651 1282 4716 dissyllabi
1300 4664 1345 4702 nur
1364 4654 1510 4718 trissyllabi

206 4724 239 4772 22
259 4723 402 4787 polisyllabi
471 4721 604 4784 sinzngias
672 4723 705 4771 25
722 4722 840 4773 dimissio
908 4721 1085 4785 ttdissyttaln
1104 4722 1129 4769 in
1149 4719 1323 4783 trissyllabum
1343 4720 1383 4770 uel
1403 4723 1510 4788 trissyl-

206 4790 278 4839 labus
346 4792 379 4840 29
397 4804 505 4851 cumque
573 4788 800 4854 proceleumaticus
874 4790 1018 4841 audoenio
1096 4791 1128 4839 31
1148 4784 1289 4854 simplices]
1310 4787 1387 4839 Inter
1402 4807 1432 4855 p.
1450 4794 1509 4843 20⁴

206 4864 231 4907 et
249 4860 301 4908 205
317 4860 437 4909 nonnullo
451 4857 517 4921 solio
533 4858 726 4925 interciderunt.
