3382 5476
195 384 238 432 XO
614 371 736 423 SERGII
754 368 1055 422 EXPLANATIONES

193 562 415 621 commentariis
443 569 618 636 excerptam
645 569 674 620 et
701 563 732 620 in
760 562 926 621 breuiorem
945 559 1079 632 sormam
1101 560 1258 620 reductam
1279 575 1342 618 esse
1362 561 1483 619 minime

170 664 318 724 ‚credere
334 665 490 739 possimus.
528 664 623 723 Immo
645 664 678 721 id
695 665 797 737 potius
818 660 904 722 nobis
925 663 1116 722 statuendum
1137 669 1195 735 est,
1220 678 1260 720 ex
1280 647 1391 720 eisdem
1406 659 1483 720 Ser-

194 767 307 824 uianae
328 767 487 826 doctrinae
515 767 637 832 rimulis,
666 781 706 824 en
728 763 833 839 quilius
854 761 908 839 qni
925 765 979 824 sub
999 766 1064 824 eius
1085 762 1204 824 nomine
1225 761 1484 834 circumferuntur

195 869 402 928 commentarii
420 870 578 943 fluxerant
597 867 642 937 'ud
663 883 754 926 unum
777 882 890 939 amnes,
920 866 1001 925 hanc
1022 882 1139 940 quoque
1161 872 1256 924 artem
1277 881 1416 925 manasse
1437 872 1483 925 al·

192 986 250 1043 que
271 966 316 1028 ita
338 984 491 1040 manasse,
522 975 555 1027 nt
582 965 670 1042 quusi
697 984 750 1027 suo
772 967 874 1027 Marte
895 984 956 1026 rem
978 975 1105 1041 pereret.
1150 966 1263 1027 Eodem
1285 964 1353 1026 iure
1374 965 1483 1042 Serpio

193 1072 278 1145 apud
303 1070 423 1129 Petrum
455 1067 687 1144 praumaticum
714 1066 804 1128 inuias
830 1067 904 1128 libri
925 1087 959 1144 p.
990 1074 1055 1145 167,
1081 1075 1095 1125 t
1124 1066 1268 1129 tribuitur
1298 1069 1395 1137 locus,
1432 1071 1485 1142 qui

194 1170 320 1231 aliunde
341 1188 401 1231 non
423 1180 490 1230 mat
511 1178 614 1238 notus:
637 1169 680 1242 cs.
695 1172 784 1229 elium
806 1179 901 1230 artem
924 1185 1061 1248 cirionqm.
1079 1162 1172 1229 Bern.
1191 1176 1349 1246 p.135,1.
1396 1168 1484 1240 Quod

192 1271 245 1333 ubi
262 1275 394 1347 primum
416 1271 492 1332 milti
514 1273 763 1333 animaduertisse
780 1274 861 1332 uisus
874 1290 954 1347 sum,
978 1278 1070 1332 totum
1085 1270 1215 1331 tioettnm
1231 1274 1377 1345 inteprnm
1392 1273 1482 1331 edere

191 1376 292 1434 nullus
314 1375 461 1434 dubitaui-
505 1375 584 1433 Nam
606 1389 785 1448 quamquam
807 1391 845 1432 ne
867 1376 909 1433 ita
932 1375 1065 1449 quidem,
1090 1390 1168 1448 qnae
1187 1372 1288 1433 Seruii
1307 1377 1380 1452 sint,
1404 1391 1483 1448 qnae

192 1477 316 1536 aliunde
337 1479 452 1555 inlata,
481 1494 559 1552 qnae
581 1477 620 1536 ab
642 1478 715 1551 ipsis
736 1476 848 1535 artium
869 1476 1067 1551 scriptoribus
1090 1477 1199 1535 addita
1221 1474 1353 1548 suerint,
1382 1478 1483 1535 omnia

191 1581 281 1639 certis
309 1578 486 1652 quibusdam
513 1580 699 1652 arqumentis
727 1577 859 1637 discerni
881 1594 970 1653 posse
996 1578 1102 1645 credo,
1131 1586 1229 1637 tamen
1258 1579 1363 1652 aliqua
1390 1586 1481 1654 certe,

191 1698 268 1755 quae
295 1682 414 1755 quidem
442 1683 474 1740 in
502 1683 607 1740 celeris
634 1679 738 1740 Seruii
763 1682 986 1740 commentariis
1017 1681 1120 1740 iisdem
1146 1686 1291 1755 concepta
1318 1681 1417 1740 uerbis
1444 1696 1482 1741 ac

191 1783 345 1842 sententiis
384 1782 659 1858 definitionibusque
695 1790 804 1841 ornata
840 1784 1049 1854 inueniuntur,
1091 1780 1198 1841 Seruio
1233 1782 1480 1841 uindicaduntur.

192 1885 327 1944 Ceterum
349 1899 386 1941 ea
409 1900 539 1958 qnoque,
568 1885 697 1957 quaein
719 1884 775 1943 liae
796 1884 874 1942 libro
891 1885 1092 1958 peculiariter
1112 1885 1249 1958 exposita
1276 1890 1359 1962 sunt,
1387 1883 1482 1943 bonae

188 1985 294 2060 scupis
319 1988 411 2060 plenu
439 1987 482 2043 ita
510 2001 542 2043 se
568 1985 694 2057 nabent,
730 1992 763 2044 ut
791 1986 927 2058 neqlecta
955 1987 1056 2044 iacere
1084 1983 1173 2054 nefas
1205 1985 1355 2044 duxerim.
1402 1984 1482 2045 Nam

192 2089 293 2146 insunt
322 2088 481 2153 reonnulta,
520 2104 596 2160 quae
624 2102 644 2144 u
671 2088 769 2158 noello,
804 2095 945 2161 quotquot
971 2087 1013 2144 ad
1043 2094 1145 2145 nostru
1173 2095 1308 2160 tempora
1335 2089 1483 2147 deuenere

192 2196 329 2248 auctores
350 2190 557 2262 qrammatici,
580 2189 739 2248 obseruata
761 2189 876 2247 uideas.
920 2188 1054 2263 Accedit,
1077 2188 1157 2261 qnod
1178 2205 1198 2246 a
1222 2190 1339 2249 Graeco
1361 2190 1480 2249 homine

191 2291 271 2349 narse
303 2297 399 2349 artem
430 2287 578 2368 scriptam
610 2292 658 2366 uel
683 2306 723 2348 en
752 2291 867 2349 Gracco
899 2293 1076 2349 translatam
1109 2306 1171 2350 esse
1201 2291 1287 2350 nand
1305 2288 1483 2359 'fallacibus

192 2394 378 2466 arqurnentis
399 2393 473 2451 milti
493 2393 600 2452 uideor
616 2393 753 2476 probare
771 2408 873 2466 posse,
897 2394 940 2450 ita
954 2399 987 2450 ut
1000 2392 1058 2451 icoc
1072 2408 1189 2467 qnoque
1209 2399 1377 2468 spectantes
1399 2397 1482 2454 seiros

103 2532 112 2541 a
191 2493 292 2554 doctos
313 2510 373 2554 non
395 2497 549 2568 inqratum
576 2511 622 2554 me
647 2494 706 2554 silei
729 2492 841 2564 secisse
861 2510 935 2568 opus
960 2510 1077 2570 sperem
1099 2510 1161 2553 esse
1183 2495 1369 2554 indicaturos
1391 2503 1482 2570 atque

191 2599 286 2673 ipsum
309 2599 389 2658 illum
412 2599 510 2657 uirum
534 2598 748 2673 doctissimum,
777 2599 827 2655 cni
852 2597 929 2656 naec
955 2612 1047 2655 sacru
1073 2613 1136 2655 esse
1164 2597 1260 2669 uolua,
1291 2598 1403 2672 quippe
1430 2599 1484 2670 qui

191 2699 326 2759 Dositnei
353 2706 448 2758 artem
476 2700 568 2759 multu
591 2717 652 2774 per
683 2699 805 2758 saecula
839 2699 1004 2772 neqlcctam
1031 2714 1098 2757 cum
1126 2697 1161 2757 od
1189 2701 1266 2771 alia,
1297 2706 1358 2758 tecm
1386 2699 1422 2759 oh
1449 2701 1483 2759 id

192 2804 288 2876 ipsum
311 2803 342 2859 in
364 2803 459 2861 lucem
479 2803 685 2874 protraxerit,
713 2801 795 2874 quod
819 2800 876 2859 noc
904 2816 1020 2873 quoqne
1047 2801 1209 2860 rectissime
1234 2808 1379 2860 statueret
1400 2801 1482 2860 nobis

192 2902 402 2961 attendendum
424 2919 501 2978 esse,
525 2918 586 2976 qua
608 2905 728 2961 ratione
749 2903 880 2975 antiquis
902 2902 1080 2977 temporibus
1098 2903 1264 2976 pereqrino
1278 2893 1414 2962 sermone
1436 2905 1484 2963 usi

191 3006 250 3063 sint
270 3005 333 3063 uiri
353 3005 550 3077 alieniqenoe.

760 3236 842 3300 One.
865 3235 911 3299 ΙΙ.

128 3341 131 3348 ’
193 3356 312 3432 QVAE
334 3355 469 3422 INTER
491 3355 658 3420 LIBRVM
687 3353 955 3420 BERNENSEM
977 3355 1033 3419 ET
1056 3353 1236 3420 SCRIPTA
1259 3354 1481 3421 SERGIANA

615 3457 894 3524 INTEROEDAT
916 3455 1058 3522 RATIO.

276 3600 343 3660 Iam
365 3602 464 3676 qualis
485 3603 563 3660 inter
585 3607 678 3660 nrtem
701 3610 833 3661 nostram
854 3608 882 3659 ct
896 3600 998 3674 Serpii
1017 3602 1247 3659 commentarios
1268 3600 1364 3660 editos
1385 3598 1481 3661 inter-

191 3705 280 3761 cednt
295 3707 343 3763 uel
355 3704 559 3763 similitudinis
573 3706 621 3762 nel
635 3703 882 3763 dissimilitudinis
895 3705 976 3762 ratio
983 3746 992 3779 ,
1016 3703 1195 3761 tractatibus
1215 3703 1252 3760 de
1273 3704 1483 3763 coniunctione

191 3806 270 3862 inter
290 3822 322 3864 se
343 3807 470 3865 constatis
488 3813 637 3880 patescet.-

852 3887 976 3969 [Sergii]
1002 3887 1223 3966 explanationes
1246 3890 1276 3947 in
1298 3888 1371 3948 Don.
1394 3888 1446 3949 lib.
1469 3889 1480 3949 Ι

298 4011 346 4050 ass
370 3992 528 4052 Hennensis
550 3991 616 4052 eall.
640 3988 717 4051 207:
1014 3989 1123 4051 codicis
1145 3990 1316 4051 Louentini:

235 4127 262 4187 p.
290 4108 365 4179 156.
389 4107 524 4172 nti-28
555 4111 728 4171 Coniunctis
752 4096 836 4187 pass*
893 4129 921 4189 p.
944 4107 1022 4179 515,
1045 4105 1183 4170 36-39
1205 4111 1380 4170 Coniunctis
1403 4110 1479 4172 diota

193 4214 334 4272 orationis
373 4222 417 4273 est
453 4213 544 4288 dicto,
584 4212 661 4293 qnod
699 4213 824 4289 stringat
850 4222 894 4272 est
917 4231 968 4280 eo,
995 4211 1071 4287 qssod
1088 4213 1248 4290 coniungat
1271 4210 1478 4273 elocutionem.

192 4317 358 4375 orationem
382 4323 411 4375 el
432 4324 547 4384 teneat,
571 4313 739 4375 insidiens
758 4313 922 4392 ‘egnthnn
947 4332 1004 4373 tion
1029 4320 1125 4393 polest
1147 4315 1240 4373 nentia
1259 4322 1356 4373 nostro
1373 4313 1480 4375 cohae-

193 4424 223 4476 ei
245 4416 295 4476 ille
318 4419 362 4476 ise
385 4416 550 4487 nolnntus';
580 4436 637 4477 non
666 4435 824 4495 possumus
850 4435 927 4482 sene,
953 4417 1008 4474 nisi
1031 4417 1227 4493 coniungatur
1250 4416 1304 4475 isin
1327 4417 1480 4494 ponticulo,

193 4518 293 4579 aion-e
316 4522 382 4595 ‘ego
405 4517 477 4589 itle’,
500 4519 550 4578 ses}
574 4520 746 4596 interposita
770 4521 883 4612 islnlnt
904 4519 927 4576 si
951 4517 1031 4577 elisas
1054 4523 1122 4594 ‘ego
1145 4515 1194 4577 ilie
1211 4517 1332 4585 easssns',
1356 4536 1414 4577 non
1437 4531 1482 4577 est

193 4621 335 4698 particula
360 4622 412 4679 ‘et’
435 4623 599 4682 conexione
622 4622 774 4699 coniungit
797 4619 961 4701 eticonexn
986 4621 1095 4679 oratio:
1128 4621 1284 4701 interpone
1306 4618 1375 4678 ‘et’z
1413 4620 1481 4696 ‘ego

194 4720 274 4799 ligat.
837 4712 880 4783 let
901 4721 950 4782 ille
967 4725 1088 4788 eamsss',
1114 4720 1209 4789 uides,
1234 4740 1291 4800 qno
1307 4722 1395 4781 inodo
1411 4740 1480 4782 con-

836 4820 938 4907 {tigata
961 4827 1000 4885 sit
1022 4825 1127 4886 oratio.
