3382 5476
340 391 454 440 xxvut
692 430 697 437 ,
748 374 798 425 ΒΕ
817 374 938 426 ttssnts
958 373 1218 427 BERNENSIBVS.
1310 309 1334 350 ὑ

424 566 519 640 ldndos
541 567 690 625 uerborum
712 565 776 624 alil
806 566 942 641 quinque,
970 566 1035 623 alil
1062 575 1183 641 septem,
1211 566 1373 625 nonnulli
1401 583 1517 636 nouem,
1546 565 1638 640 plnres

340 653 433 711 decem
449 669 510 709 esse
526 652 703 709 arbitrantur.
736 650 788 719 Qui
805 653 926 726 quinque
941 651 1037 708 modos
1053 668 1113 708 esse
1136 659 1249 725 putant,
1271 654 1308 709 ita
1330 652 1438 708 dicunt:
1462 650 1638 709 indicatiuum

340 737 532 812 imperatiuum
549 739 703 812 optatiuum
718 736 951 793 coniunctatiuum
968 735 1140 793 infinitiuum.
1178 734 1230 804 Qui
1250 747 1372 811 septem,
1396 735 1596 811 inpersonalem
1611 744 1639 791 et

340 822 453 894 gerendi
476 821 585 879 modum
607 821 725 891 addunt;
750 821 796 894 qni
820 837 929 893 nouem,
944 822 1146 896 'promissinum
1170 830 1198 876 et
1219 822 1409 879 concessiuum
1432 822 1563 893 iungunt3
1592 820 1637 894 qui

340 908 451 979 decem,
465 905 716 981 ‘pronuntiatinum
745 906 992 980 superinponunt„
1025 905 1076 962 Sed
1105 921 1199 962 eorum
1227 907 1381 980 procacitas
1408 905 1559 979 respuenda
1587 914 1637 961 cst.

339 991 404 1048 Nam
427 992 557 1066 quiequid
579 991 624 1048 uel
646 989 814 1048 uerbiaiibus
836 990 939 1064 regulis
962 990 1132 1060 ostenditur,
1160 1006 1209 1065 per
1230 999 1335 1066 septem
1358 992 1453 1048 modos
1476 1006 1557 1064 posse
1579 989 1639 1046 lieri

339 1074 551 1151 conprobamus.
596 1076 774 1132 indicatiuum
797 1075 907 1131 modum
930 1074 967 1131 ob
990 1077 1043 1133 boc
1064 1075 1165 1132 dietum
1189 1092 1251 1132 esse
1274 1085 1416 1150 putamus,
1439 1075 1566 1149 quoniam
1589 1090 1655 1152 per*

339 1177 401 1218 eum
423 1159 552 1217 indicium
575 1161 682 1234 aqentls
704 1168 752 1216 aut
774 1159 904 1234 patientis
927 1159 1039 1218 uerbiali
1064 1157 1205 1231 (nerbialia
1228 1161 1302 1231 cod.)
1324 1159 1523 1234 significatione
1545 1167 1638 1216 osten·

338 1245 437 1302 «limus.
462 1244 539 1302 llrrnc
555 1246 693 1320 quidam
709 1244 818 1302 modurn
835 1245 1071 1318 pronuntiatiuum
1086 1243 1189 1315 dixere,
1205 1245 1276 1319 quod
1302 1262 1350 1319 per
1373 1246 1461 1301 uarias
1485 1253 1636 1318 temporum

339 1329 446 1404 species
468 1332 576 1404 agentis
598 1344 648 1387 seu
671 1328 801 1405 patientis
823 1328 947 1387 ellectum
970 1328 1114 1400 significat
1158 1329 1249 1387 [lictus
1272 1331 1335 1387 item
1359 1330 1548 1403 imperativus,
1564 1328 1637 1402 quod

341 1430 390 1488 per
419 1431 481 1471 eum
510 1413 630 1473 officium
659 1414 818 1489 imperantis
842 1414 1029 1488 inpraesenti
1058 1422 1105 1469 aut
1133 1413 1160 1469 in
1190 1414 1283 1471 iutnrn
1307 1413 1461 1470 ostenditur
1484 1411 1533 1484 (cs.
1557 1413 1639 1469 Petri

339 1505 482 1572 excerpta
506 1517 537 1571 p.
563 1503 635 1564 166,
660 1498 696 1571 9).
740 1498 816 1555 Hunc
839 1499 974 1577 quidam
999 1495 1116 1575 (quidem
1139 1497 1211 1569 cod.)
1233 1499 1397 1556 dominicum
1413 1496 1638 1573 appellauerunt,

340 1582 414 1657 quod
436 1584 579 1658 proprium
601 1583 775 1640 dominorum
798 1592 841 1640 est
863 1584 1014 1661 imperare3
1043 1591 1070 1638 et
1093 1583 1136 1639 bic
1158 1583 1255 1640 modus
1278 1585 1391 1658 primam
1415 1599 1559 1658 personam
1583 1599 1637 1639 non

339 1667 438 1739 babet,
467 1669 540 1743 quod
569 1684 648 1726 nemo
676 1677 763 1725 semet
785 1668 874 1742 ipsum
898 1669 1021 1743 imperat.
1065 1667 1143 1725 Sicut
1164 1669 1237 1724 enim
1259 1669 1286 1724 in
1310 1669 1470 1742 pronomine
1493 1668 1638 1725 uocatiuus

339 1753 457 1825 deiecit,
480 1755 516 1811 ita
540 1755 567 1809 in
592 1753 677 1810 uerbo
701 1752 859 1828 imperando
882 1753 969 1826 prima
992 1768 1108 1828 persono
1131 1752 1297 1826 abnegatum
1320 1769 1399 1809 nemu
1416 1753 1486 1809 enim
1502 1768 1532 1807 se
1548 1756 1637 1827 ipsum

340 1846 420 1894 uocat
442 1846 489 1893 aut
511 1837 562 1894 sibi
580 1839 639 1912 ipso
655 1838 778 1912 imperat.
814 1837 958 1910 Optatiuus
973 1837 1070 1893 modus
1085 1837 1195 1905 dicitur,
1219 1839 1347 1910 quoniam
1370 1855 1418 1911 per
1441 1854 1502 1893 eum
1525 1836 1637 1912 optandi

341 1921 461 1979 officium
485 1921 684 1995 significamus,
706 1938 761 1978 noo
785 1938 834 1995 pro
858 1939 901 1989 eo,
925 1922 998 1995 quod
1022 1922 1143 1995 optantis
1165 1921 1323 1979 aduerbium
1340 1922 1435 1991 babet,
1458 1921 1505 1978 sed
1520 1921 1593 1995 quod
1609 1922 1636 1976 in

339 2022 400 2061 sese
422 2006 534 2079 optandi
556 2005 783 2080 significationem
807 2015 907 2079 gestat.
939 2007 969 2062 ln
984 2006 1037 2062 boc
1052 2006 1133 2062 modo
1153 2005 1258 2080 singula
1282 2007 1364 2064 uerba
1386 2006 1459 2062 binis
1483 2014 1636 2080 temporum

340 2089 585 2163 significationibus
608 2090 792 2147 ostenduntur
814 2089 902 2162 (binas
918 2100 937 2147 t.
953 2089 1167 2164 significationes
1189 2091 1343 2148 ostenditur
1357 2091 1439 2161 cod).
1475 2091 1637 2148 Coniuncta·

341 2177 427 2231 tinum
458 2175 567 2231 ruodnm
597 2174 629 2232 ab
651 2174 704 2231 boc
725 2175 827 2232 dictum
851 2192 912 2232 esse
934 2175 1086 2244 credimus,
1118 2177 1246 2248 qnoniam
1269 2178 1291 2231 si
1314 2175 1451 2249 aliquibus
1474 2175 1636 2231 modis'nan

338 2261 520 2331 arlinngatur,
542 2259 615 2334 pleni
639 2259 793 2316 intellectus
816 2259 936 2317 officium
959 2262 986 2316 in
1010 2275 1039 2315 se
1062 2259 1236 2332 nonhabet,
1260 2270 1304 2330 ut,
1327 2277 1387 2317 cum
1411 2260 1540 2317 dicimus:
1564 2258 1637 2317 ‘cum

339 2343 496 2401 inuocarer'
521 2344 593 2402 ‘eum
617 2343 784 2416 clamarem’,
807 2352 902 2419 aperte
922 2345 1082 2420 conspicere
1098 2345 1199 2418 possis,
1222 2346 1350 2418 quoniam
1367 2347 1392 2401 in
1409 2362 1438 2401 se
1454 2346 1636 2418 integritatem

340 2445 437 2485 sensus
460 2429 633 2485 nianiiestare
657 2429 767 2503 nequit,
797 2431 849 2486 nisi
871 2428 923 2486 sibi
950 2430 1082 2502 adiungas
1111 2430 1302 2501 indicatiuum,
1334 2438 1363 2486 ut
1386 2430 1422 2485 ita
1445 2429 1533 2485 dieas:
1564 2429 1636 2485 ‘cum

340 2516 500 2585 inuocarer,
529 2513 644 2583 andiui',
672 2513 745 2571 ‘cum
769 2512 912 2572 clamarem
934 2515 966 2572 ad
989 2515 1146 2584 dominum,
1173 2514 1310 2571 exaudibit
1338 2513 1406 2570 me’.
1452 2513 1505 2570 Sed
1534 2522 1637 2583 errant,

340 2600 385 2672 qul
415 2599 487 2655 bunc
514 2599 622 2655 arandum
651 2600 883 2656 coniunctatiuum
911 2599 1012 2656 dictum
1035 2615 1097 2655 esse
1125 2599 1282 2669 adfirmant,
1311 2599 1384 2674 quud
1412 2599 1591 2673 coniungitur
1612 2600 1636 2653 ei

340 2682 470 2756 particula
494 2682 591 2741 ‘cnm'.
636 2682 663 2739 Si
686 2685 757 2741 enirn
781 2683 816 2739 ob
839 2684 1057 2741 honorationem
1080 2683 1302 2741 coniunctatinns
1331 2685 1482 2753 diceretur,
1509 2691 1538 2739 et
1559 2691 1636 2756 opta·

339 2768 414 2824 tinus
442 2769 661 2824 coniunctatiuus
691 2768 744 2826 dici
769 2761 780 2842 Η
798 2767 817 2824 l.
836 2767 915 2824 122·
932 2762 945 2844 ll
973 2769 1081 2843 potuit,
1110 2770 1239 2842 quoniam
1262 2770 1286 2825 ei
1310 2766 1448 2826 ‘utinam'
1477 2767 1636 2824 aduerbium

340 2853 460 2926 optantis
483 2852 659 2926 coniungitur
682 2850 732 2923 (cs.
755 2853 838 2908 Petri
857 2860 999 2924 excerpta
1018 2869 1049 2924 p.
1076 2856 1142 2923 teo,
1170 2852 1307 2923 14-20).
1352 2852 1421 2909 Sunt
1444 2852 1544 2924 uerba,
1567 2869 1637 2925 quac

340 2934 494 3011 ‘tipieialia'
519 2937 657 3006 dicuntur,
680 2936 751 2992 idest
772 2935 975 3010 similitudinis,
998 2937 1127 3010 quoniam
1151 2936 1357 2994 similitudinem
1380 2937 1586 3012 participiorum
1610 2937 1636 2992 in

340 3037 369 3076 se
392 3020 557 3093 ostendunt,
584 3038 645 3078 cum
674 3022 729 3077 sint
757 3021 840 3077 uerba
864 3030 891 3078 et
913 3038 967 3078 non
996 3023 1148 3095 participia.
1192 3021 1253 3077 'Iria
1283 3024 1354 3079 enim
1384 3020 1465 3078 uerba
1495 3019 1635 3077 ‘amandi'

340 3094 476 3161 ‘amando’
501 3104 666 3162 ‘amandum'
691 3105 895 3163 similitudinem
918 3106 1053 3180 participii
1077 3109 1203 3181 passinae
1231 3105 1439 3179 significationis
1462 3105 1546 3162 iutnri
1571 3115 1637 3161 tem·

339 3192 415 3264 poris
443 3191 600 3246 ostendunt.
650 3188 810 3247 ‘dinatum'
840 3207 907 3247 uero
936 3189 1139 3247 similitudinem
1171 3191 1306 3266 participii
1335 3191 1476 3266 praeteriti
1506 3191 1637 3264 temporis

340 3275 465 3348 possiuae
486 3274 693 3348 significationis
716 3274 781 3347 (em
803 3274 877 3347 eod.)
898 3284 998 3349 gestat.

423 3479 493 3536 Sunt
514 3478 591 3547 alii,
615 3478 661 3551 qui
677 3478 758 3534 buius
774 3479 845 3536 rnodi
869 3477 952 3534 uerba
976 3481 1006 3535 ad
1030 3481 1164 3554 passiuam
1187 3478 1413 3552 significationem
1436 3479 1533 3550 magis,
1556 3495 1637 3550 quam

338 3563 454 3620 actiuam
484 3560 640 3635 (aetianam)
669 3563 749 3619 scribi
785 3562 946 3619 confirmant
975 3563 1010 3620 ob
1040 3565 1091 3620 boe
1123 3565 1253 3633 maxime,
1287 3564 1414 3638 quoniam
1442 3581 1457 3619 a
1485 3563 1637 3636 participiis

339 3648 512 3721 passiunrum
528 3647 640 3703 diriuari
655 3647 792 3703 uidentur.
822 3648 874 3704 Sed
892 3656 980 3704 tamen
1004 3649 1213 3723 praeuidendum
1237 3657 1296 3719 est,
1319 3649 1446 3722 quioniam
1470 3663 1524 3702 non
1548 3648 1637 3703 minus

340 3733 428 3788 actlua
451 3729 565 3806 (actiuae
586 3730 662 3802 eod.)
684 3731 850 3805 significatio
873 3734 899 3788 in
923 3734 965 3789 bis
989 3734 1112 3804 uidetur,
1141 3750 1220 3808 qnam
1249 3725 1385 3808 passiam
1412 3733 1528 3789 Dicimus
1550 3732 1637 3788 enim:

340 3815 464 3888 ‘legendi
489 3834 568 3873 cansa
592 3815 672 3874 rrcni’
703 3818 792 3874 actiua
816 3817 922 3875 scilicet
943 3819 1156 3890 significatione,
1184 3828 1217 3873 et·
1239 3817 1369 3873 dicimus:
1400 3816 1499 3874 ‘causa
1528 3816 1636 3890 legendi

340 3900 460 3958 crucior’
485 3899 623 3973 (coartior),
647 3901 700 3957 boc
721 3910 764 3957 est
786 3900 861 3959 ‘dum
883 3900 917 3958 ab
939 3902 1000 3959 aliis
1022 3901 1125 3977 legor',
1148 3911 1176 3958 et
1198 3901 1320 3959 ‘sciendo
1343 3901 1417 3975 lego'
1441 3909 1484 3958 et:

715 3987 888 4044 cantando
912 3989 1087 4062 rumpitur
1110 3989 1234 4059 anguis

342 4070 443 4143 (Verq.
467 4070 530 4126 Ecl.
560 4069 639 4127 VIII
659 4065 716 4146 71),
739 4087 793 4127 non
817 4070 891 4127 ‘dom
915 4071 1017 4128 cantat'
1043 4069 1165 4145 (cantet),
1188 4071 1235 4127 sed
1258 4070 1332 4128 ‘dum
1355 4070 1503 4129 cantatur’.

425 4237 602 4313 ‘beponens'
626 4240 739 4295 uerbum
763 4240 824 4297 iden
848 4241 1014 4312 nominatur,
1038 4243 1180 4315 qnoniam,
1203 4250 1235 4298 ut
1257 4240 1457 4316 quibusdam
1481 4239 1601 4310 uidetur,
1624 4258 1638 4296 r

338 4324 457 4380 litteram
471 4340 525 4379 troo
541 4325 652 4400 deponit
668 4334 695 4380 et
711 4325 827 4381 actiuam
851 4325 1078 4399 significationem
1102 4327 1128 4381 in
1152 4343 1181 4381 se
1204 4327 1344 4396 continet,
1368 4335 1398 4382 nt
1421 4325 1537 4382 meditor
1554 4324 1638 4381 medi·

340 4411 422 4477 laris,
446 4408 578 4467 confiteor
600 4408 756 4478 confiteris,
779 4409 881 4484 loquor
903 4409 1036 4487 loqueris,
1059 4411 1158 4466 metior
1181 4405 1194 4489 ll
1213 4410 1229 4466 l.
1248 4403 1328 4466 122b
1346 4405 1357 4484 l
1382 4408 1503 4466 metiris..
1540 4408 1591 4466 Sed
1615 4411 1637 4464 si

340 4493 375 4550 ob
398 4495 451 4551 boc
479 4492 594 4563 dicitur,
623 4495 751 4568 quoniam
775 4511 788 4548 r
811 4494 927 4550 litteram
957 4514 1011 4552 non
1034 4495 1161 4569 deponit,
1189 4504 1217 4551 et
1246 4512 1389 4553 commune
1411 4493 1569 4565 (communi)
1592 4494 1637 4550 de·

339 4595 443 4652 ponens
471 4578 523 4634 dici
553 4587 661 4652 potest,
691 4578 763 4653 quod
787 4597 800 4634 r
822 4580 941 4637 litteram
963 4597 1018 4637 non
1040 4579 1161 4654 deponit.
1206 4580 1257 4637 Sed
1287 4579 1380 4637 uerius
1408 4578 1469 4635 ideo
1498 4578 1637 4654 deponens

339 4662 455 4735 dicitur,
484 4666 611 4738 qnoniam
634 4662 747 4736 deponit
770 4663 964 4737 plenitudinem
987 4664 1196 4739 significationis
1219 4665 1300 4723 actiui
1324 4664 1426 4738 passini
1449 4664 1540 4719 neutri
1562 4680 1635 4720 corn-

340 4749 446 4818 munis,
476 4749 522 4804 sed
545 4748 578 4805 ab
602 4749 643 4804 bis
667 4748 794 4804 ommibus
817 4757 922 4822 partem
945 4750 1108 4806 subtrabens
1137 4751 1226 4806 omnia
1250 4751 1358 4825 penitus
1381 4748 1511 4822 deponit,
1534 4747 1572 4803 ita
1595 4755 1636 4816 nt,

340 4849 401 4888 cunt
431 4833 544 4890 dleimus
572 4831 717 4907 ‘loquor'‚
745 4851 801 4891 uon
829 4832 874 4891 bic
901 4836 983 4893 actiui
1011 4852 1060 4892 seu
1087 4836 1191 4910 passini
1219 4835 1263 4892 uel
1291 4836 1382 4891 neutri
1409 4850 1458 4891 seu
1485 4837 1637 4890 communis
