3382 5476
192 403 254 467 306
497 404 690 457 AVCTORES
708 404 873 456 ANONthl
892 405 941 455 Dii
958 402 1129 456 LITTERIS
1146 404 1178 456 B.

192 597 262 675 quia
285 594 321 655 de
343 596 437 674 patris
464 593 628 656 substantia
657 600 724 654 aute
752 595 850 654 omnia
872 601 1005 673 tempora
1028 594 1148 671 genitus
1171 597 1202 651 et
1222 592 1356 671 spiritus
1379 598 1507 653 sanetus

193 697 229 757 ah
253 698 386 776 utrisque
409 697 576 776 procedens
598 715 657 757 non
681 706 803 757 naturae
827 704 871 756 est
892 693 1088 763 mutabilitas,
1117 693 1168 755 sed
1198 712 1406 773 personarum
1429 712 1505 755 con-

192 798 416 860 cordantissima
440 798 606 860 diuersitas.

277 901 308 961 ll.
341 902 381 962 Ex
407 903 539 962 ueritatis
561 900 741 962 rectitudine
764 901 890 961 duorum
914 906 1159 961 testamentorum
1176 899 1335 978 processio
1351 900 1505 977 liguratur

192 1021 226 1063 ac
249 1022 304 1083 per
327 1004 383 1064 hoc
405 1004 488 1082 prior
511 1003 638 1065 hiculata
661 1002 777 1064 ductior
800 1010 845 1062 est
866 1005 1063 1069 contractior,
1086 1003 1155 1081 quia
1176 999 1276 1061 littora
1300 999 1414 1080 legalis
1436 1016 1529 1061 ser-s

192 1108 317 1166 uitutem
340 1115 476 1184 generat,
501 1105 651 1166 subterior
667 1114 766 1167 autem
783 1105 850 1165 ideo
865 1104 1049 1183 productior,
1066 1105 1135 1182 quia
1150 1101 1202 1164 uhi
1218 1103 1349 1183 spiritus
1365 1102 1503 1174 Domini,

191 1205 232 1266 ihi
257 1205 388 1268 libertas

275 1308 307 1369 C.
338 1310 461 1371 Sinuata
491 1311 579 1371 huius
609 1309 726 1371 litterae
759 1311 864 1370 tractio
893 1306 1065 1387 gremialem
1094 1305 1237 1368 ecclesiae
1265 1308 1501 1388 susceptionem

191 1412 320 1489 figurare
343 1422 441 1492 potest
463 1432 499 1473 ex
522 1411 658 1473 omnihus
680 1411 819 1490 gentihus
840 1413 870 1470 iu
894 1430 926 1470 se
955 1411 1157 1489 congregatis,
1186 1419 1220 1470 ut
1249 1417 1298 1471 est
1326 1409 1502 1472 similitudo

191 1532 318 1591 sagenae
342 1516 449 1574 missae
474 1516 503 1574 in
526 1533 617 1574 mare.
1514 1528 1537 1566 ¹⁰

278 1614 311 1676 ll.
356 1615 389 1675 ln
412 1615 458 1675 his
481 1615 595 1675 dualrus
625 1615 711 1676 lineis
740 1617 829 1676 missa
857 1615 1037 1694 praedicatio
1061 1613 1170 1675 Christi
1192 1615 1224 1674 in
1246 1632 1373 1675 ornnem
1395 1614 1501 1676 latitu-

193 1715 291 1776 dinem
322 1716 402 1777 orhls
430 1717 545 1778 aduerti
574 1726 684 1797 potest,
716 1727 748 1777 ut
776 1719 884 1778 dictum
915 1726 973 1776 est:
1003 1716 1063 1776 ‘lte
1084 1718 1114 1776 in
1138 1715 1281 1776 mundum
1303 1718 1498 1785 uniuersum,

192 1819 363 1897 praedicate
379 1820 586 1898 euuangeliurn
603 1822 682 1880 οιιιιιί
700 1821 881 1880 creaturaet’
912 1820 1001 1879 Cuius
1018 1817 1184 1896 euuangelii
1199 1818 1276 1878 sicut
1292 1819 1429 1888 initium,
1455 1821 1499 1878 sic

192 1923 260 1980 llnis
283 1929 327 1979 est
349 1919 491 1981 Christus.

277 2023 308 2083 E.
357 2022 387 2081 Ιιι
412 2025 610 2102 tripertitione
634 2024 778 2085 linearum
802 2025 981 2102 tripertitum
1005 2042 1093 2083 onrne
1116 2030 1202 2083 uetus
1225 2028 1442 2083 testamentum
1466 2024 1497 2082 in
1511 2038 1534 2075 ι’»

192 2123 271 2201 lege,
296 2123 452 2203 prophetis
475 2132 503 2184 et
527 2125 701 2203 hagiogratis
724 2126 839 2185 aduerti
863 2134 974 2205 potest,
998 2143 1124 2204 qrrorum
1140 2125 1165 2184 si
1181 2141 1270 2184 causa
1294 2126 1496 2204 perquiritur,

193 2225 327 2287 Christus
350 2228 510 2286 inuenitur.

277 2328 309 2388 F.
356 2328 396 2389 lle
427 2331 531 2408 spiritu
560 2337 662 2389 sancto
691 2333 807 2407 gentina
836 2330 970 2409 procedit
993 2328 1127 2394 dilectio,
1158 2327 1210 2387 sed
1233 2330 1390 2407 superior.
1415 2348 1496 2409 qrrae

194 2440 238 2490 est
260 2430 374 2499 «liuida,
399 2449 516 2510 semper
538 2430 627 2491 dehet
650 2450 714 2492 esse
737 2431 920 2510 productior.
953 2433 955 2436 ’

277 2533 310 2593 G.
342 2533 444 2593 Ouuris
468 2533 648 2611 praedicatio
672 2534 707 2593 de
731 2552 824 2610 reguo
847 2533 883 2593 ad
906 2551 1031 2610 regruuu
1054 2532 1217 2612 procedere
1241 2531 1333 2592 dehet
1356 2535 1496 2594 caritatis
1508 2550 1532 2587 ao

192 2653 376 2714 utracumque
400 2637 429 2694 iu
453 2645 536 2715 paule
560 2638 703 2696 mittatur.

278 2737 310 2797 ll.
349 2737 566 2797 Adunationem
595 2737 721 2797 duorum
751 2736 926 2818 populorum
950 2756 985 2795 ex
1009 2737 1128 2797 diuerso
1159 2738 1344 2796 uenientium
1369 2756 1439 2797 esse
1463 2741 1494 2798 iu

192 2838 308 2899 Christo
331 2858 419 2898 neure
443 2842 508 2918 qaus
532 2839 654 2899 duldtat.

277 2940 297 2999 l.
345 2941 454 3001 Sernita
478 2943 545 3001 iusti
569 2950 648 3001 recta
673 2949 717 3001 est
741 2949 770 3000 et
792 2951 891 3002 rectus
915 2939 1005 3001 calles
1027 2943 1095 3001 iusti
1120 2941 1154 3000 ad
1179 2938 1403 3001 ambulandum.

277 3041 311 3101 li.
344 3043 514 3122 Suscipiunt
536 3062 550 3101 a
575 3042 634 3103 heo
659 3052 773 3103 numios
796 3062 914 3121 pacem,
938 3051 970 3103 ut
991 3044 1096 3103 uiuant
1118 3062 1152 3103 er
1175 3040 1232 3102 fide
1253 3040 1359 3102 colles.

277 3142 309 3202 1,
340 3143 511 3204 llurniliatio
534 3145 676 3221 liguratur
699 3147 818 3206 uirtutis
841 3144 958 3214 Christi,
976 3145 1013 3204 de
1028 3163 1086 3224 qua
1102 3145 1172 3205 dicit
1187 3142 1404 3222 apostolus:
1431 3147 1494 3225 ‘qui

192 3264 258 3305 cum
283 3248 311 3305 in
336 3245 429 3305 lerina
454 3247 622 3315 Delasset,
650 3257 745 3307 semet
773 3249 868 3327 ipsum
899 3248 1057 3307 exinaniuit
1088 3246 1212 3306 formam
1234 3247 1314 3306 serui
1336 3248 1496 3325 accipiens

192 3348 220 3406 iu
244 3346 463 3408 similitudinem
489 3347 639 3408 hominum
664 3351 758 3410 lactus
782 3358 811 3409 et
834 3348 967 3410 habiturn
991 3352 1130 3409 imrentus
1154 3357 1185 3407 ut
1207 3347 1318 3407 homo.'

276 3451 312 3511 ll.
345 3450 530 3510 l'raedicatio
553 3451 589 3509 de
613 3452 728 3512 Christo
757 3470 836 3511 nunc
864 3450 959 3511 caelos
988 3451 1118 3525 attingit,
1148 3467 1215 3508 cum
1244 3448 1387 3509 diuinitas
1417 3453 1494 3521 eius,

192 3571 271 3613 nunc
293 3563 419 3621 terram,
449 3572 515 3612 crrnr
539 3553 727 3631 praedicatur
750 3553 932 3622 humanitas,
962 3571 995 3613 ac
1018 3551 1163 3612 sicunde
1186 3549 1264 3630 quod
1288 3549 1403 3613 dictum
1429 3564 1492 3614 est:
1507 3572 1534 3611 so

191 3653 340 3714 ‘uidebitis
363 3654 483 3731 angelos
505 3654 557 3713 Dei
586 3655 779 3715 ascendentes
802 3664 832 3715 et
854 3654 1068 3716 descendentes
1096 3672 1186 3732 super
1213 3652 1303 3712 tilium
1333 3653 1495 3716 hominis'

277 3756 310 3814 N.
344 3756 421 3815 llaec
444 3758 581 3833 figuratio
604 3759 820 3817 corisummatio
843 3766 890 3816 est
911 3756 985 3834 legis
1008 3764 1037 3815 et
1060 3754 1281 3835 prophetarum.

276 3858 309 3916 u.
341 3855 425 3917 tluile
448 3857 577 3935 designat
604 3856 725 3927 Christi,
755 3861 864 3938 (pdppe
892 3857 1014 3917 ecclesia
1045 3877 1098 3936 per
1126 3865 1219 3916 toturn
1246 3855 1351 3916 orheru
1383 3858 1495 3921 diffusa

192 3979 282 4020 ιιιιιιιιι
306 3970 350 4020 est
373 3959 465 4028 ouile,
489 3962 557 4038 quia
581 3977 657 4020 unus
681 3971 725 4020 est
748 3970 855 4036 pastor.

276 4063 306 4121 P.
338 4062 388 4122 Vis
412 4062 601 4139 euuangelica
624 4062 661 4121 de
684 4064 791 4141 spiritu
814 4070 916 4122 sancto
939 4060 1034 4122 ualida
1057 4107 1240 4121 ......
1508 4081 1534 4121 ιι

275 4164 310 4235 Q.
340 4163 381 4223 lle
409 4161 530 4224 ecclesia
561 4182 687 4241 namque
722 4163 862 4223 haeretici
892 4175 921 4224 et
948 4164 1127 4225 schismatici
1157 4169 1280 4229 exeunt,
1316 4164 1397 4238 quod
1431 4184 1494 4227 non

191 4268 291 4325 ruirari
316 4265 472 4333 delmerius,
496 4269 634 4344 ‹proniam
658 4268 682 4324 si
706 4274 804 4325 essent
827 4286 861 4326 ex
886 4264 986 4329 nohis.
1010 4265 1243 4344 permansissent
1258 4266 1362 4341 utique
1387 4268 1493 4330 nohis·

191 4387 256 4427 cum
281 4376 404 4427 testante
429 4367 616 4445 apostolo,
641 4368 720 4445 qrrod
744 4368 816 4428 haec
840 4367 1018 4446 portendere
1042 4369 1180 4428 uicterrtur
1203 4368 1348 4443 figuratio.

196 4541 199 4544 .
215 4540 276 4546 —..-.
283 4539 419 4546 ..-—-—.

258 4641 401 4699 ualentior]
420 4640 461 4687 Au
481 4638 584 4685 ductio?
671 4640 800 4687 elinantio
879 4639 1017 4703 higmari
1071 4640 1251 4704 cougregamis
1339 4640 1372 4688 10
1391 4654 1495 4707 sagene·

193 4710 223 4756 ld
240 4708 380 4772 agiogralis
466 4704 800 4771 ‘21quarmomquelm.ll
825 4707 982 4770 aperire-rique,
1006 4710 1384 4758 sealliueulueerusuerrmt.
1459 4714 1495 4762 24

191 4777 260 4823 vallis
330 4778 363 4824 ‘26
382 4780 462 4823 uirurs
532 4776 565 4823 35
583 4787 670 4822 sancto
692 4776 775 4823 ualida
799 4814 906 4825 .......
913 4774 924 4840 ]
947 4777 1079 4826 Iueudt'ce
1097 4793 1147 4826 non
1166 4778 1215 4825 nisi
1231 4776 1293 4824 haec
1311 4776 1364 4838 lepi
1378 4788 1493 4840 possum

190 4897 281 4942 ceteris
299 4895 434 4956 putredine
453 4895 553 4942 deletis:
574 4895 606 4941 ad
624 4914 652 4940 se
671 4910 687 4957 p
705 4910 747 4942 cra
767 4896 773 4940 l
794 4911 809 4941 n
829 4911 854 4941 re
924 4896 956 4941 36
976 4895 1077 4945 Ιιιϊι·ιίι·ἰ
1096 4908 1118 4944 et
1138 4894 1273 4943 scismatici
1343 4895 1377 4943 38
1398 4850 1476 4947 ,253⁸
