3382 5476
685 376 886 428 excuneati.
946 452 949 456 .
1364 373 1423 436 201

133 585 189 644 pro
211 562 377 625 causalibus
399 566 469 644 poni
492 564 601 633 solent,
637 575 669 625 ut
695 583 750 643 pro
773 565 888 624 ‘enim'
913 565 978 624 ‘et’
1007 572 1145 643 ponatur,
1175 564 1252 623 sicut
1279 563 1427 624 Cicero:

135 667 288 727 Vicistis
317 683 381 725 uos
410 673 444 724 et
473 666 527 726 liii
557 684 621 726 uos
651 668 845 734 iuuerunt,
876 673 1025 744 tamquam
1047 663 1105 724 boc
1127 664 1253 725 diceret:
1284 664 1427 730 ‘uicistis

133 769 201 847 quia
227 766 271 826 uit
294 784 347 826 uos
369 768 533 848 iuuerunt’,
578 768 771 845 Virgilius:
791 765 969 837 ‘Quoniam'
993 767 1056 826 ‘et'
1082 766 1185 825 ‘euim'
1208 785 1263 844 pro
1286 765 1428 825 ‘tametsi’

134 875 295 949 ponuntur,
324 868 400 927 sicut
430 869 593 930 Donatus
621 871 663 930 sio
692 869 768 929 latus
796 878 853 930 est:
891 868 1109 945 Quanquam
1146 884 1199 927 me
1236 873 1427 934 accusent,

53 955 58 967 ’
108 971 306 1050 squoniam
331 985 396 1046 ego
419 970 647 1030 auctoritate
670 978 773 1031 certa
797 970 918 1032 iidens
941 970 1102 1030 omnium
1119 967 1255 1048 probra
1271 977 1428 1047 tempno,

135 1072 191 1131 boe
215 1080 258 1135 ost
280 1070 409 1131 ‘tametsi
432 1071 531 1132 omnia
554 1073 699 1151 tempno’.
737 1071 908 1133 Lucanus
931 1074 1019 1133 etiam
1041 1071 1078 1132 de
1101 1069 1302 1132 imbecillitate
1317 1068 1429 1130 Tusco·

135 1190 200 1232 rum
215 1170 362 1231 scribens:
387 1171 505 1241 Enim,
522 1173 627 1250 inquit,
645 1171 781 1234 multos
803 1176 935 1235 uiuant
957 1192 1086 1242 anuos,
1108 1191 1178 1234 non
1201 1190 1239 1232 se
1261 1187 1429 1251 umquam

131 1271 401 1342 uindicabunt,
425 1273 482 1333 boc
505 1280 550 1333 est
571 1274 609 1334 ‘si
632 1277 757 1336 uiuant'.

219 1374 298 1434 Ibid.
329 1373 524 1451 Virgilius:
548 1375 720 1448 ‘Quoniam’
736 1378 760 1437 si
776 1377 834 1437 duo
850 1375 942 1438 uerba
957 1378 1035 1439 circa
1050 1397 1083 1437 se
1098 1375 1219 1443 babeat,
1240 1373 1429 1436 subiunctum

98 1490 167 1537 tuse
196 1477 290 1555 priori
318 1473 404 1536 laciet
433 1485 462 1536 et
490 1494 617 1555 sequens
648 1477 805 1539 antecedet
832 1478 998 1559 Sulpitio
1034 1478 1199 1539 scribente:
1238 1473 1430 1550 iurabant,

136 1579 311 1656 quoniam
349 1575 613 1647 debellabaut;
652 1580 698 1640 hio
730 1588 774 1640 est
806 1579 894 1639 ordo:
933 1580 1022 1641 ‘ideo
1055 1578 1257 1646 debellabant,
1290 1577 1430 1656 quoniam

135 1678 296 1741 iurabaut’.

214 1775 228 1862 ΙΙ
242 1779 262 1839 1.
279 1775 336 1840 31·
353 1777 365 1860 ll
382 1779 578 1857 Virgilius:
602 1783 712 1844 ‘Circa’
736 1792 765 1844 et
780 1786 875 1862 ‘erga'
899 1782 974 1845 duae
997 1783 1233 1862 praepositiones
1255 1789 1325 1841 suut
1346 1797 1433 1841 casus

137 1880 316 1960 accusatiui,
339 1879 391 1940 sed
414 1880 491 1943 banc
513 1882 715 1946 diuersitatem
737 1885 862 1956 liabent,
887 1884 964 1964 quod
989 1885 1093 1946 ‘cirea’
1109 1883 1145 1943 ad
1168 1881 1316 1943 nisibilem
1340 1889 1432 1942 matc-

99 1995 124 2036 1⁵
137 1983 212 2042 nam
235 1980 283 2042 uel
306 1980 404 2043 locum
426 1986 570 2063 pertinet,
600 1987 708 2065 ‘erga'
732 1996 828 2049 autern
852 1985 887 2047 ad
911 1988 1049 2056 animum,
1064 1991 1190 2065 spectat,
1214 1986 1341 2045 maxime
1364 2001 1432 2044 cum

138 2085 267 2163 aliquem
290 2086 516 2162 propensiorem
546 2087 683 2149 allectum
713 2097 798 2165 gerat
825 2090 1044 2167 proximorum
1073 2086 1201 2166 denique
1225 2092 1254 2145 et
1275 2083 1433 2145 Latinitate

137 2183 344 2265 philosophica
376 2184 517 2265 ‘orgum’
551 2190 673 2251 allectus
696 2189 814 2259 dicitur,
843 2191 921 2251 unde
950 2200 979 2251 et
1007 2191 1114 2267 ‘ergo’
1144 2189 1187 2250 sic
1217 2185 1433 2247 dicebantura

138 2287 260 2367 priscis,
284 2286 334 2364 qui
357 2285 388 2348 in
411 2306 476 2349 sese
498 2299 672 2352 cunctorum
696 2290 849 2352 traherent
870 2292 1018 2353 allectum.

208 2523 221 2571 1
241 2532 265 2570 et
283 2525 392 2587 ponatur
410 2521 436 2558 ιιι
454 2525 502 2561 uos
521 2512 619 2562 uicieris
637 2522 661 2561 et
678 2510 730 2559 duo
748 2511 867 2561 iuuerunt
884 2509 932 2558 lroo
950 2520 988 2560 est
1006 2510 1067 2572 quia
1084 2510 1135 2559 dno
1148 2510 1267 2558 iuuerunt
1282 2508 1368 2558 Maius
1419 2510 1435 2556 3

140 2584 277 2654 virgilius]
296 2604 323 2652 ρ,
343 2589 393 2637 148
405 2577 463 2628 Μαι·
511 2579 634 2629 tamen-si
703 2582 867 2644 tponuntur
885 2588 924 2627 ut:
943 2577 1064 2641 quoniam
1083 2591 1131 2642 ego
1150 2575 1300 2626 eteMaiua
1351 2575 1435 2636 luctus

140 2660 156 2709 b
175 2663 272 2706 semino
341 2657 357 2705 6
376 2661 458 2703 tamen
473 2649 558 2697 omnin
570 2654 668 2698 semino
722 2658 833 2713 tempuo,
854 2645 886 2694 Et
897 2647 986 2696 iterum
1000 2646 1127 2694 scribens:
1147 2644 1223 2707 enim,
1237 2644 1328 2706 inquit,
1342 2643 1434 2692 multos

140 2727 230 2775 uiuam
246 2738 341 2787 annos,
365 2736 416 2771 non
434 2730 462 2764 se
481 2730 600 2778 umquem
619 2722 667 2766 etc.
685 2715 772 2765 Maius
874 2713 1072 2764 Birindioabant
1138 2711 1255 2776 Moratur
1270 2727 1344 2762 nanu
1362 2711 1437 2760 Petri

143 2795 256 2843 Danielis
272 2793 336 2842 liaeo
353 2791 455 2840 adiecta
471 2789 541 2832 aunt:
560 2784 586 2832 in
605 2783 683 2833 altero
702 2791 752 2833 net.
771 2782 828 2832 cod.
846 2783 885 2831 sic
902 2782 1019 2832 babetur:
1040 2780 1154 2831 Donatus
1172 2780 1315 2846 praetorius
1332 2779 1359 2827 iu
1371 2793 1435 2844 apo-

141 2861 245 2926 togirico
263 2858 385 2908 eiulatus
405 2866 444 2906 est
455 2866 609 2914 quamquam
622 2858 671 2902 etc.
686 2877 717 2886 -
730 2858 769 2901 et:
787 2849 928 2900 Vuleianus
947 2850 978 2899 de
996 2848 1166 2898 imbecillitate
1177 2847 1332 2899 Tuscorum:
1351 2845 1436 2908 Enim,

139 2927 234 2991 iuquit,
256 2925 351 2976 multos
368 2926 457 2975 uiuent
474 2935 556 2970 nnrros
578 2935 607 2969 se
630 2933 767 2980 rrrrmquam
791 2918 968 2980 uindicabunt,
992 2917 1040 2967 lroc
1062 2928 1101 2966 est
1119 2916 1141 2966 si
1159 2914 1256 2965 uiuant.
1292 2914 1327 2964 ln
1348 2915 1437 2965 codice

142 2996 265 3046 belnensi
279 2994 355 3046 Voss.
374 2992 403 3054 Q.
423 2992 460 3042 33
476 2988 499 3050 s.
511 2991 560 3038 81·
578 2988 619 3036 lu‘c
636 2990 705 3038 torua
722 2989 759 3036 tta
777 3003 806 3037 se
822 2986 898 3036 babet
911 2986 1064 3037 Alexandro
1077 2984 1170 3035 ltleaeo
1187 2990 1307 3034 auctore:
1325 2979 1436 3031 Ulcauns

141 3064 216 3113 eriam
234 3063 266 3113 de
284 3060 431 3111 inbicilirate
448 3069 577 3107 tuscorum
590 3055 706 3105 scribens
718 3055 785 3103 enim
798 3053 888 3117 inquiri
900 3061 947 3108 etc.
969 3054 1008 3116 Cf.
1016 3056 1101 3103 eund.
1115 3050 1240 3102 uuerco.
1254 3052 1320 3101 1119
1330 3066 1359 3115 p.
1371 3051 1436 3101 733.

141 3127 312 3195 svugitius]
330 3146 357 3194 p.
377 3128 428 3178 ua
446 3125 516 3176 Mai:
548 3123 580 3173 Er
596 3122 644 3181 ait,
670 3123 786 3171 iurabant
803 3123 923 3184 quoniam
945 3120 1113 3174 debellabant.
1149 3118 1196 3168 llic
1218 3129 1257 3169 eet
1279 3117 1355 3168 ordo:
1379 3117 1437 3166 ideo

141 3197 308 3256 debellabant,
327 3197 448 3259 quonium
466 3192 591 3245 iurabant.
643 3186 683 3256 se]
703 3205 761 3238 erim
831 3191 860 3238 tt
875 3189 1049 3239 lrocestordo
1066 3188 1124 3238 ideo
1142 3187 1269 3236 bellabant
1337 3184 1438 3235 ravu-

142 3262 231 3331 gilius]
250 3283 276 3328 p.
288 3267 338 3314 119
350 3264 418 3314 Mat:
438 3261 470 3311 Et
480 3261 547 3309 circa
615 3259 648 3309 15
665 3269 690 3307 et
701 3272 763 3321 erga
772 3256 805 3306 nil
816 3258 929 3307 animum
941 3256 1029 3307 Maius
1080 3263 1180 3322 spectat
1197 3264 1222 3303 et
1238 3253 1353 3303 affectum
1373 3253 1440 3316 gerit

143 3335 318 3399 proximorum
337 3332 439 3382 Malus:
456 3335 544 3379 cetera
561 3327 632 3389 apud
649 3325 744 3375 Maium
762 3325 860 3375 derunt.
896 3326 935 3375 De
952 3327 1002 3376 loci
1017 3325 1145 3374 sententia
1162 3324 1197 3385 cf.
1215 3322 1314 3371 Clario.
1332 3321 1439 3383 ρ.231,

144 3403 176 3451 11
193 3400 235 3452 11:
252 3400 304 3451 iere
321 3400 388 3449 enim
407 3413 469 3464 erga
486 3396 519 3446 ad
535 3394 662 3444 adlectum
681 3392 795 3442 retertur.
