3382 5476
739 1219 873 1300 IIII

297 1467 560 1565 PRIMAE
586 1466 1067 1567 EXPOSITIONES
1094 1465 1316 1566 SERGII

194 1636 285 1733 DE
309 1635 670 1735 PRIORIBVS
695 1637 954 1736 DONATI
980 1631 1415 1735 GRAMMATICI

565 1805 765 1906 VRBIS
791 1805 1040 1904 ROMAE.

243 2229 256 2311 A
273 2230 292 2289 l.
313 2226 391 2289 140*
407 2226 420 2310 ll
446 2229 549 2291 Oratio
577 2237 621 2290 est
643 2231 703 2289 oris
731 2232 823 2301 ratio,
853 2230 933 2291 idest
955 2232 1016 2292 oris
1039 2228 1200 2309 eloquendo,
1246 2227 1451 2308 EloquutionIs

157 2331 387 2407 significationes
410 2340 477 2392 octo
499 2338 568 2391 sunt
591 2338 720 2400 tantom;
750 2331 890 2412 quicquid
915 2330 1077 2408 loquimur,
1108 2330 1170 2392 Vlll
1193 2329 1282 2391 habet
1304 2330 1450 2408 significa·

157 2433 265 2500 tiones,
295 2429 361 2509 plus
390 2449 448 2491 non
477 2429 574 2491 habet.
619 2430 672 2493 [nc
694 2432 772 2510 qood
795 2435 840 2494 uis
861 2433 899 2493 de
921 2431 968 2493 his
989 2441 1070 2494 octo:
1104 2433 1241 2492 inuenies
1268 2440 1318 2492 aut
1341 2448 1449 2491 nomen

157 2540 206 2594 aut
228 2549 393 2613 pronomen
417 2538 466 2591 ant
486 2531 612 2594 uerbum
635 2541 666 2593 et
688 2542 797 2594 cetera.
829 2535 864 2594 Vt
885 2540 955 2613 puta
978 2535 1003 2592 si
1026 2533 1107 2593 dicas
1121 2530 1202 2592 ‘nolo
1224 2534 1270 2593 ire
1292 2531 1328 2593 ad
1351 2532 1449 2592 lorum

130 2644 186 2695 ⁵et
208 2633 312 2694 uidere
335 2633 484 2703 amioum'‚
508 2632 577 2693 uolo
599 2633 725 2695 uerbum
748 2644 806 2704 est,
829 2635 874 2694 ire
896 2633 1022 2695 uerbum
1045 2643 1103 2700 est.
1133 2633 1168 2695 ad
1192 2634 1448 2713 praepositioni,

157 2735 252 2796 iorum
269 2753 377 2796 nonron
395 2744 448 2803 est.
466 2742 495 2795 et
509 2736 678 2796 coniunctio
694 2744 747 2796 est.
779 2735 848 2796 ldeo
864 2752 935 2813 ergo
951 2734 1089 2796 delinitae
1104 2736 1143 2794 ita
1159 2742 1230 2795 sunt
1251 2733 1449 2815 eloqnutionis

157 2843 275 2897 nostrae
297 2845 397 2914 partes
421 2833 496 2905 Vlll,
525 2838 615 2914 quio,
643 2837 785 2917 quioquid
807 2835 973 2914 loquimur,
996 2836 1060 2898 Vlll
1088 2833 1179 2896 habet
1206 2837 1448 2914 significationes.

156 2936 254 3008 Quare
277 2939 316 2997 ita
341 2946 461 2999 uocatae
489 2944 573 3007 sunt,
603 2936 679 2998 dico.
724 2938 840 3000 Nomen
863 2937 972 3001 dictum
997 2939 1117 3000 esthan
1139 2939 1268 3008 rationo,
1299 2933 1378 3016 quod
1401 2953 1450 2997 res

156 3040 311 3099 uniuersas
339 3037 424 3099 nobis
451 3046 537 3099 notas
564 3039 718 3117 significat.
762 3039 848 3103 Nulla
875 3042 955 3102 enim
983 3059 1033 3102 res
1061 3047 1121 3109 est,
1155 3057 1232 3119 quae
1258 3055 1367 3101 nomon
1388 3054 1448 3099 non

119 3155 144 3196 ro
157 3138 279 3210 habeat,
302 3138 382 3200 unde
404 3142 481 3200 scire
504 3127 672 3219 possumus,
695 3160 756 3221 quo
777 3144 867 3204 modo
888 3150 1012 3204 uocetur
1034 3188 1168 3205 .....
1190 3142 1248 3202 nisi
1269 3139 1448 3202 audiremus.

155 3241 232 3320 Ergo
254 3239 437 3319 singularum
460 3248 505 3301 est
527 3259 628 3303 rerum
652 3245 763 3304 notitia.
795 3243 838 3304 lle
861 3245 980 3304 nomine
995 3260 1161 3322 pronomen
1177 3242 1320 3302 nascitur.
1350 3239 1448 3311 Quare

155 3351 253 3404 autem
281 3359 447 3422 pronomen
475 3339 588 3403 dictum
617 3344 655 3403 sit
682 3354 731 3405 aut
758 3342 902 3413 uerbum.
936 3347 1000 3406 suis
1032 3343 1106 3405 locis
1139 3343 1282 3404 dicemus.
1333 3341 1448 3403 Nomen

155 3443 224 3520 quid
248 3445 301 3518 sit,
331 3461 417 3503 nemo
439 3446 483 3502 sic
506 3441 651 3514 defiuiuit,
682 3443 931 3524 quemadmodum
953 3443 1119 3506 llonatus
1141 3446 1196 3504 ait:
1234 3443 1370 3504 Nomen
1393 3449 1449 3501 est

155 3545 533 3624 parsorationisonm
550 3561 636 3605 casu
659 3552 960 3625 corpusaotrem
976 3548 1131 3626 proprie
1154 3545 1448 3608 communiterue

118 3645 390 3723 nsignitinaus.
434 3645 554 3707 Nullum
577 3649 657 3707 enim
680 3665 789 3707 nomen
811 3655 909 3726 potest
929 3647 993 3708 sine
1015 3665 1086 3709 casu
1107 3649 1252 3722 inueniri,
1281 3645 1357 3706 idest
1383 3645 1448 3704 sine

155 3764 275 3808 casuum
304 3745 512 3807 declinatione.
557 3746 672 3809 Nomen
699 3757 749 3808 aut
777 3747 932 3826 corporale
959 3755 1010 3809 aut
1036 3748 1234 3830 incorporale.
1288 3745 1448 3826 Corporale

155 3854 213 3917 est,
243 3846 322 3926 quod
346 3847 441 3908 uideri
463 3857 493 3908 et
515 3850 596 3925 tangi
618 3856 728 3928 potest,
754 3857 785 3909 nt
807 3858 876 3929 puta
899 3867 1054 3912 scamnum
1077 3860 1107 3912 et
1129 3850 1196 3912 alia:
1227 3858 1257 3910 et
1278 3847 1396 3910 uidetur
1418 3854 1448 3907 et

155 3951 284 4028 tangitur
308 3957 337 4009 et
359 3947 514 4028 corporale
538 3957 591 4009 est.
636 3950 825 4027 Incorporale
853 3961 953 4013 autem
976 3960 1035 4021 est,
1064 3952 1143 4032 qnod
1172 3970 1227 4013 nec
1250 3950 1369 4011 uidetur
1392 3966 1448 4008 nec

156 4052 300 4129 tangitur,
324 4059 450 4128 utputa
472 4052 567 4130 pietas
589 4051 700 4113 iustitia
723 4051 860 4129 dignitas.
905 4052 964 4115 Sed
986 4053 1155 4133 philosophi
1178 4052 1264 4113 aliter
1287 4050 1446 4130 disputant.

223 4337 285 4391 Cod.
305 4338 387 4390 Bern.
407 4341 459 4387 207
473 4339 498 4400 f.
516 4339 695 4390 nob-ara*
768 4339 864 4391 Titnlru
881 4340 927 4390 rud
944 4342 1037 4391 calcem
1052 4339 1100 4403 sol.
1120 4341 1187 4388 tao*
1204 4339 1227 4389 ie
1244 4346 1294 4390 eet:
1321 4337 1449 4403 Incipiunt

154 4418 230 4506 pinne
246 4439 383 4506 expiiones
402 4456 470 4505 serg.
488 4440 520 4489 de
536 4421 621 4510 {norim
639 4441 726 4491 donati
738 4439 873 4507 gennano
885 4441 954 4491 urbis
972 4455 1071 4499 romec;
1088 4439 1218 4504 [01.qu
1234 4457 1301 4496 nnn.
1313 4455 1367 4491 ree.
1378 4454 1447 4490 enee.

154 4539 214 4591 XV
226 4543 347 4607 seriptum
365 4548 416 4591 eriz
435 4543 517 4607 prime
535 4537 632 4607 expffes
651 4544 730 4608 sergii
748 4543 780 4593 de
798 4523 880 4609 donn
898 4542 994 4594 donati
1070 4545 1084 4593 1
1104 4542 1191 4594 Oratio
1209 4539 1259 4607 est]
1280 4543 1314 4605 os.
1335 4537 1443 4607 [Serpit]

153 4610 258 4686 explan.
277 4611 303 4658 in
320 4609 447 4660 Donatum
462 4627 490 4674 p.
508 4610 618 4672 481,23
635 4610 737 4674 repli.
807 4611 985 4674 eloquutiones
1053 4611 1201 4662 ouiflnine
1268 4610 1447 4671 eloqnntiones

154 4691 199 4726 ure
248 4677 343 4738 inuia
359 4678 451 4727 addidi
511 4678 543 4726 10
560 4692 612 4738 quo
631 4691 735 4727 nocetur
753 4680 803 4728 nisi
821 4677 978 4742 nudiremusl
997 4680 1126 4730 Lacunam
1143 4680 1262 4739 indicaui,
1276 4678 1447 4743 qrdoauctor:

153 4744 238 4806 ‘qnod
257 4757 308 4793 non
325 4745 449 4794 sc'rremus
468 4745 516 4794 nisi
536 4745 640 4794 nomina
657 4745 820 4796 audiremus’
838 4750 880 4797 net
895 4749 974 4797 sirrrite
992 4749 1054 4812 quid
1068 4748 1204 4809 scripriare
1221 4746 1349 4810 putandus
1366 4751 1413 4794 eet.

155 4809 330 4876 indicemus]
350 4810 407 4861 dms
478 4814 509 4863 13
522 4809 649 4878 Donatus]
666 4829 694 4877 p.
704 4816 793 4877 373st
847 4815 879 4864 14
895 4816 1016 4880 propn'ae
1033 4815 1207 4864 comuniterue
1276 4815 1307 4863 19
1325 4809 1448 4878 sslosoplri
