3382 5476
194 353 236 417 72
711 352 779 403 sss
796 352 973 405 anonuna
998 410 1003 419 ,

193 541 284 612 iilius,
313 540 431 602 Atrides
452 542 534 603 Atrei
561 539 654 612 lilius,
685 548 714 602 et
736 539 851 601 Pelides
873 539 953 601 Pelei
981 539 1067 602 iilius.
1112 542 1192 603 llaec
1222 548 1252 603 et
1279 540 1317 605 ah
1339 544 1404 605 auis
1426 549 1493 604 eta

193 643 336 705 matribus
362 660 453 722 saepe
480 643 614 704 ueniunt.
663 641 868 704 Patronomica
895 643 1059 704 masculina
1087 654 1160 724 quot
1187 645 1414 707 terminationes
1440 642 1492 705 ha·
1535 720 1542 737 ⁵

193 743 282 806 luenti
327 744 412 805 Tres.
457 744 558 816 Quae?
603 743 636 805 ln
658 742 712 804 des
734 744 764 804 in
794 744 841 804 ius
863 745 894 804 in
916 760 970 805 on:
999 744 1028 804 in
1051 743 1120 822 des,
1149 754 1181 806 ut
1202 745 1319 807 Atrides
1341 744 1380 807 ab
1401 746 1493 809 Atreo

193 856 222 908 ct
244 845 360 907 Pelides
381 864 398 906 a
420 844 524 917 Peleo,
553 847 584 906 in
606 846 653 906 ius
675 854 708 906 ut
729 842 847 906 Peleius
869 862 885 905 a
908 845 1013 915 Peleo,
1042 848 1074 907 in
1096 864 1136 908 on
1158 855 1190 908 ut
1211 847 1323 909 Nerion
1344 866 1361 909 a
1383 844 1491 910 Nereo.

192 948 399 1010 Patronomiea
427 955 541 1018 autem,
570 953 604 1009 ut
631 948 671 1007 ait
693 946 872 1017 Donatus,
901 948 926 1007 si
954 946 992 1007 de
1021 953 1106 1026 patre
1133 950 1207 1019 sint,
1236 951 1269 1009 in
1297 946 1351 1010 des
1372 955 1518 1019 exeunte

192 1058 225 1111 ut
252 1047 444 1111 Anchisiades
473 1049 570 1110 dictus
598 1054 643 1109 est
672 1048 785 1109 Aeneas
812 1047 891 1110 tilius
916 1048 1077 1119 Anchisae:
1107 1052 1133 1112 si
1160 1058 1258 1113 autem
1288 1048 1326 1111 dc
1353 1051 1420 1112 auis
1444 1048 1494 1112 uel

193 1154 290 1214 atauis
312 1151 433 1213 inerunt
456 1151 675 1230 patronomica,
704 1151 735 1210 ln
757 1151 804 1211 ius
825 1149 874 1212 uel
897 1151 927 1211 in
950 1170 987 1212 on
1010 1152 1218 1213 terminantur.
1263 1150 1419 1241 Femiuiua
1440 1167 1492 1229 pa·

193 1255 357 1315 tronomica
390 1261 462 1333 quot
488 1252 713 1314 terminationes
740 1250 868 1313 habenti
918 1254 1008 1323 Tres,
1042 1253 1120 1315 idest
1147 1255 1173 1315 is
1202 1271 1235 1315 as
1263 1271 1296 1324 e;
1329 1255 1361 1315 in
1388 1254 1429 1323 is,
1462 1262 1495 1316 ut

192 1357 305 1425 Atreis;
333 1357 364 1415 in
392 1373 438 1425 as,
466 1362 500 1415 ut
526 1353 656 1423 Peleias;
685 1355 716 1414 in
740 1372 771 1425 e,
801 1360 834 1414 ut
856 1353 974 1416 Nerine.
1020 1353 1094 1416 item
1122 1356 1221 1417 Atreis
1243 1355 1359 1417 Atreias
1379 1354 1509 1434 Atrine?

192 1456 250 1517 hoc
273 1464 317 1518 est
339 1455 397 1518 ntia
419 1457 510 1518 Atrei.
554 1455 635 1517 Haec
658 1473 674 1516 a
696 1453 864 1516 diriuatiuis
887 1455 1010 1526 distant,
1034 1457 1112 1534 quod
1136 1450 1530 1537 diriuatiuaahappella·1o

192 1558 261 1620 tiuis
290 1559 443 1627 oriuntur,
473 1558 678 1636 patronomica
707 1565 806 1618 autern
834 1577 850 1619 a
879 1558 1019 1638 propriis.
1068 1555 1131 1619 Alia
1161 1559 1268 1620 ctetica
1295 1564 1381 1628 suut,
1416 1556 1496 1619 idest

193 1663 368 1742 possessiua,
386 1679 460 1740 quae
476 1677 491 1720 a
507 1661 697 1739 possessione
713 1658 862 1729 dicuntur,
879 1666 912 1721 ul
926 1659 1138 1721 Euandrius
1154 1661 1255 1721 ensis
1270 1667 1300 1720 et
1311 1661 1494 1738 Agamem·

193 1763 328 1823 aoniae
351 1763 531 1841 hlycenae.
575 1760 637 1821 Alia
669 1759 798 1840 epitheta
827 1771 909 1831 sunt,
942 1762 1020 1823 idest
1046 1762 1192 1825 adiectiua
1220 1761 1268 1824 uei
1295 1762 1494 1842 superposita.

193 1865 291 1935 Quare
318 1863 433 1925 adiecta
462 1861 621 1923 dicuntur?
663 1862 707 1922 Eo
729 1861 806 1939 quod
830 1861 866 1923 ad
888 1861 1069 1941 implendam
1092 1865 1138 1925 sui
1160 1863 1406 1942 significationem
1426 1863 1494 1925 lixis

193 1964 362 2045 nominihus
390 1964 574 2034 adiciuntur,
608 1973 640 2024 nt
668 1981 794 2041 magnus
821 1962 939 2025 doctus:
969 1964 1078 2026 dicitur
1106 1967 1185 2027 enim
1213 1965 1302 2026 homo
1331 1964 1436 2027 doctus
1463 1975 1531 2027 etas

192 2086 317 2146 rrragnus
339 2065 549 2148 philosophus,
574 2073 603 2127 et
625 2064 731 2146 plenus
754 2072 800 2126 est
814 2064 988 2127 intellectus.
1028 2066 1111 2128 Scias
1127 2075 1241 2137 autem,
1265 2069 1363 2130 omnia
1378 2067 1494 2129 adiecta

192 2170 312 2230 nomina
341 2176 392 2230 aut
419 2169 586 2229 communia
614 2174 684 2228 sunt
710 2168 800 2227 trium
829 2185 989 2246 generum,
1020 2177 1053 2229 ut
1074 2168 1122 2230 hic
1145 2176 1175 2231 et
1196 2169 1270 2231 haec
1293 2178 1323 2232 et
1344 2170 1401 2231 hoc
1422 2185 1495 2249 pru·

193 2270 281 2340 dens,
311 2269 360 2331 hic
382 2271 506 2331 ethaeo
529 2277 558 2330 et
580 2269 637 2329 hoc
659 2270 793 2349 sapiens,
823 2269 872 2330 hic
895 2279 926 2331 et
947 2268 1021 2331 hacc
1044 2279 1074 2331 et
1095 2272 1152 2332 hoc
1179 2270 1265 2339 felix,
1294 2277 1345 2332 aut
1373 2268 1495 2332 mobilia

193 2380 263 2433 sunt
289 2373 368 2434 inter
396 2374 451 2432 tria
484 2354 609 2451 genera,
639 2377 671 2431 ut
699 2387 821 2450 magnus
850 2389 955 2450 magna
978 2390 1133 2451 magnum,
1161 2382 1213 2435 aot
1234 2375 1403 2435 communia
1425 2380 1496 2435 sunt

193 2474 320 2536 duorum
349 2491 494 2553 generum
523 2481 553 2535 et
581 2479 719 2535 neutrum
747 2475 778 2534 in
802 2491 817 2533 e
840 2473 966 2544 iaciunt,
996 2481 1029 2534 ut
1058 2475 1106 2536 hic
1129 2481 1159 2536 et
1180 2474 1254 2537 haec
1276 2474 1362 2537 lortis
1383 2482 1415 2537 et
1435 2475 1533 2537 hoen

192 2578 283 2645 torte:
307 2577 433 2638 dicimus
456 2578 535 2638 enim
554 2577 649 2650 sortis
671 2577 719 2636 uir
741 2582 770 2636 et
792 2576 877 2637 fortis
900 2575 1008 2637 mulier
1031 2583 1060 2636 et
1082 2577 1159 2637 iortc
1182 2575 1352 2646 consillum:
1376 2574 1495 2640 ethaeo

194 2682 313 2740 nomina
335 2677 456 2740 mohilia
479 2685 689 2758 conparantur,
713 2684 747 2738 ut
769 2678 855 2738 lortis
877 2676 981 2738 lortior
1003 2678 1193 2748 iorussimus,
1215 2677 1347 2758 prudens
1361 2677 1493 2759 pruden-

193 2783 251 2842 tior
279 2780 543 2860 prudentissimus,
572 2781 691 2857 sapiens
718 2780 880 2857 sapientior
908 2781 1158 2859 sapientissimus,
1187 2779 1258 2843 felix
1286 2780 1402 2844 lelioior
1428 2780 1496 2843 leii-
1539 2774 1550 2795 '

195 2884 345 2952 sissimus,
377 2900 500 2959 magnus
529 2883 623 2941 maior
646 2881 799 2942 maximus.
846 2882 921 2942 Sunt
943 2880 999 2943 alia
1022 2881 1155 2961 specialis
1177 2866 1339 2960 qualitatis,
1367 2882 1423 2945 suh
1444 2881 1494 2945 illa

195 2984 309 3045 scilicet
340 2984 495 3063 qualitate,
530 3001 606 3063 quae
633 2980 812 3059 generaliter
841 2984 954 3043 nomini
982 2983 1107 3054 accidit,
1137 2992 1170 3046 ut
1198 2987 1317 3063 sapiens
1346 2985 1536 3047 formosusss

195 3085 295 3154 diucS,
324 3104 399 3165 quae
421 3085 488 3145 ideo
511 3083 661 3164 qualitatis
684 3085 803 3145 nomina
827 3084 982 3154 dicuntur,
1005 3087 1074 3166 quia
1097 3104 1152 3165 per
1174 3105 1207 3147 ea
1229 3083 1276 3168 lli.
1293 3082 1379 3168 84⁸ll
1400 3085 1496 3167 qualis

195 3189 234 3248 sit
257 3189 460 3267 unusquisque
482 3186 656 3248 ostenditur.
717 3185 792 3246 Sunt
813 3184 869 3247 alia
892 3189 1012 3248 nomina
1035 3190 1219 3268 quantitatis,
1243 3207 1320 3270 qnae
1342 3206 1359 3250 a
1381 3190 1496 3269 magni·

196 3289 297 3351 tudine
326 3289 373 3350 uel
396 3309 412 3352 a
435 3291 583 3370 paruitate
610 3288 786 3358 trahuntur,
817 3296 994 3369 utmagnus
1016 3287 1255 3370 paruuslongus
1278 3288 1392 3352 breuis:
1422 3291 1497 3353 haec

196 3400 294 3454 autem
316 3392 430 3455 adiecta
452 3393 571 3454 nomina
595 3390 711 3452 mediae
733 3390 956 3470 significationis
979 3391 1131 3460 dicuntur;
1161 3410 1267 3453 sensus
1289 3394 1368 3453 enim
1391 3411 1496 3455 corum

196 3495 312 3556 medius
341 3503 385 3556 est
412 3496 491 3556 inter
520 3495 641 3574 propria
670 3501 700 3554 et
726 3491 918 3572 appellatiua;
948 3493 1056 3554 dicitur
1079 3495 1157 3555 eninr
1180 3493 1285 3556 doctus
1306 3493 1445 3574 Virgilius
1468 3504 1538 3556 etan

197 3597 304 3667 doctus
336 3603 438 3675 poeta,
473 3606 502 3658 et
533 3598 612 3657 inter
645 3597 771 3675 primam
804 3597 983 3673 positionem
1011 3603 1040 3657 et
1067 3595 1286 3657 diuinationem.
1337 3597 1413 3658 Sunt
1439 3594 1497 3658 alia

197 3699 308 3778 gentis,
339 3706 371 3758 ut
394 3697 526 3761 Graecus
548 3699 712 3779 hispanus,
742 3715 818 3776 qnae
841 3717 857 3758 a
880 3699 993 3761 Graeco
1016 3707 1046 3759 ct
1069 3698 1200 3778 Hispano
1228 3704 1387 3769 uocantur,
1416 3696 1498 3759 unde

197 3801 403 3880 unusquisqne
436 3799 474 3861 dc
506 3800 628 3863 Graecis
663 3799 794 3861 Graecus
827 3798 937 3861 dicitur
973 3808 1002 3860 et
1036 3802 1242 3880 unusquisque
1277 3799 1315 3861 dc
1349 3802 1498 3877 Hispanis

197 3903 343 3983 Hispanus
373 3909 505 3966 uocatur.
550 3902 631 3966 Aliae
659 3915 728 3963 sunt
750 3903 880 3981 patriae,
910 3910 941 3963 nt
963 3901 1082 3963 Italicus
1104 3901 1140 3962 ab
1163 3901 1260 3971 ltalia,
1290 3909 1319 3963 et
1340 3900 1497 3962 Africanus

198 4005 234 4065 ah
257 4007 355 4067 Africa
384 4004 501 4066 dicitur.
547 4003 608 4067 Alia
630 4003 702 4074 loci,
732 4013 765 4064 ut
788 4003 937 4064 Romanus
960 4023 976 4064 a
1000 4003 1092 4065 Roma
1115 4003 1224 4065 dicitur
1246 4013 1276 4065 et
1297 4002 1458 4064 Thebanus
1481 4021 1539 4064 ass

267 4192 444 4243 tethaheuis
513 4192 663 4258 apatribns
732 4192 829 4256 isepe
897 4188 967 4251 quod
1045 4194 1129 4252 3quc
1180 4192 1205 4239 iu
1225 4205 1254 4239 us
1322 4187 1499 4255 Apieleiusa

198 4261 271 4327 peloo
290 4263 316 4309 ln
334 4274 365 4311 on
384 4262 410 4310 in
429 4262 469 4310 ius
493 4270 521 4309 ut
538 4257 647 4325 pieieius
664 4274 679 4308 a
698 4258 770 4324 peleo
789 4259 815 4307 in
834 4272 867 4308 on
935 4258 1040 4307 anerio
1126 4259 1142 4308 5
1164 4256 1292 4322 Donatus]
1316 4258 1415 4308 Horum
1438 4256 1500 4308 etad

197 4331 289 4395 lenitur
306 4330 377 4394 apud
394 4330 529 4381 Donatum.
598 4326 781 4377 Sachiseedcs
851 4327 970 4376 eaenias
1039 4326 1143 4376 anchise
1212 4327 1244 4376 dc
1262 4327 1328 4375 auiis
1347 4325 1387 4375 uel
1404 4325 1499 4376 annila

199 4399 257 4448 lin
278 4413 308 4447 us
377 4396 473 4446 femina
541 4396 645 4458 8qnod
715 4394 741 4444 id
759 4410 786 4444 es
856 4395 915 4444 sin
934 4409 963 4444 as
982 4393 1062 4460 pelias
1119 4407 1203 4445 atreas
1273 4397 1305 4445 10
1323 4392 1375 4444 illia
1393 4395 1500 4444 atremi

231 4466 415 4581 {gpeliatiuam
434 4529 502 4564 corr.
521 4514 573 4565 -uis
643 4512 802 4563 maathica
882 4514 912 4562 12
931 4528 980 4575 qne
1032 4509 1183 4579 euandrius]
1208 4512 1286 4578 Verp.
1303 4494 1371 4566 Aen.
1390 4512 1417 4562 X
1436 4514 1499 4568 39⁴.

199 4583 410 4649 agamemnonicae
427 4578 535 4648 misene]
560 4581 639 4648 Verp.
660 4582 725 4632 Aea.
743 4580 793 4644 VI,
807 4583 860 4631 838
934 4582 965 4632 13
984 4583 1077 4648 epiteta
1129 4584 1161 4633 15
1179 4581 1322 4631 adiciuntur
1391 4582 1423 4631 16
1441 4579 1500 4646 phi-

199 4651 297 4701 iosoins
384 4650 486 4729 1snea
571 4652 603 4700 21
623 4649 689 4700 enim
709 4651 747 4699 uir
814 4651 848 4700 23
866 4649 960 4699 ielitior
1027 4653 1061 4701 33
1080 4666 1142 4714 que,
1159 4650 1217 4713 sere
1234 4665 1335 4715 semper
1403 4648 1501 4698 aceedit

199 4770 232 4818 29
250 4768 333 4818 medie
400 4732 488 4820 ehhhvn
557 4771 589 4820 31
608 4766 717 4834 phaleta
785 4771 818 4820 33
836 4784 940 4834 grecum
958 4769 1050 4820 dicitur
1119 4769 1240 4834 iiispanis
1258 4786 1305 4820 ora.
1378 4769 1411 4819 35
1430 4767 1499 4818 tebo-

200 4851 249 4885 nns
268 4852 282 4885 a
301 4847 325 4886 te
342 4853 390 4887 rrae
