3382 5476
567 383 616 433 Du
634 380 935 435 nequeuntem.

664 599 747 666 One.
763 599 842 664 ΠΠ.

79 735 371 803 CASSIODORI
384 735 638 802 DIVINARVM
653 734 825 801 ARTIVM
845 731 1180 801 INSTRVOTIONIS
1197 731 1291 799 cAP.
1309 733 1401 799 XXX

208 839 279 903 AD
301 838 438 903 banau
460 836 656 904 CODICVM
677 835 967 902 BERNENSIVM
989 833 1288 901 REOOGNITVM.

181 995 332 1072 Denique
353 999 383 1056 in
404 996 508 1057 codice
530 993 683 1055 Bonnensi
699 1002 752 1053 171
772 1012 852 1056 saec.
869 994 1002 1062 IX—X,
1025 996 1079 1070 qni
1098 993 1206 1054 Sancti
1226 993 1404 1070 Hieronymi

82 1099 280 1175 presbyteri
298 1101 330 1159 in
351 1101 424 1159 noni
443 1100 612 1158 testamenti
631 1098 726 1158 libros
746 1099 975 1157 commentarios
996 1099 1142 1171 eontinet,
1165 1101 1238 1171 post
1257 1110 1401 1156 commen

89 1208 158 1260 tion
184 1202 221 1260 in
247 1201 435 1260 Mottboeum
456 1208 485 1260 et
507 1209 579 1260 onte
601 1201 758 1260 Marcioni
777 1201 906 1273 initium,
930 1201 963 1259 in
982 1200 1100 1274 popina
1122 1215 1201 1272 uno,
1233 1214 1311 1285 quae
1333 1199 1402 1258 olim

90 1318 205 1362 auena
230 1303 341 1362 relicto
359 1300 479 1380 suerat,
505 1303 640 1362 monibus
660 1302 748 1362 modo
769 1301 890 1376 eodem,
912 1318 974 1377 qen
996 1309 1099 1362 cetero
1120 1317 1201 1360 saec.
1224 1299 1292 1374 IX,
1316 1300 1403 1359 modo

93 1405 207 1463 attero
232 1419 313 1463 saec.
337 1403 371 1462 Χ
388 1406 531 1478 scripturn
559 1411 603 1463 est
629 1406 695 1463 siae
721 1404 783 1463 olto
805 1405 934 1463 nominis
954 1404 1068 1464 indicio
1090 1403 1265 1462 cassiodori
1285 1400 1402 1460 diuino·

93 1522 169 1566 rum
200 1507 318 1565 nrtiwn
346 1508 546 1565 instructionis
572 1522 643 1580 cop.
667 1504 776 1574 XXX,
799 1506 895 1581 qood,
923 1508 996 1580 quio
1023 1506 1067 1565 ad
1098 1503 1402 1578 ortbopropbicornm

55 1609 60 1617 '
94 1608 278 1668 auctiorem
299 1607 454 1667 historiam
476 1609 714 1681 cognoscendam
736 1623 825 1680 quoin
847 1609 979 1668 maxime
996 1608 1143 1682 pertinet,
1167 1606 1265 1665 attero
1286 1619 1403 1679 quoqne

99 1710 289 1770 Cassiodori
307 1709 411 1770 codice
431 1707 526 1769 Bern.
552 1714 608 1767 225
631 1708 767 1768 adbibita
788 1708 838 1770 bic
859 1710 1047 1784 rudungum.

192 1809 260 1888 Ego
283 1817 380 1870 tamen
402 1810 497 1870 fateor
518 1817 620 1870 uotum
643 1828 757 1879 meum,
781 1809 858 1891 quod
875 1812 954 1872 inter
973 1828 1029 1872 uos
1051 1825 1255 1890 quaecumque
1278 1816 1403 1886 possunt

102 1929 261 1992 corporeo
283 1911 383 1972 labore
406 1911 563 1991 compleri,
587 1912 820 1991 antiquariorum
843 1913 917 1974 mibi
940 1912 1053 1984 studia,
1085 1915 1111 1974 si
1132 1920 1232 1971 tamen
1254 1909 1403 1970 ueraciter

103 2013 262 2080 scribant,
287 2030 345 2072 non
368 2013 505 2074 inmerito
527 2014 649 2074 forsitan
671 2012 739 2092 plus
761 2014 893 2094 placere,
917 2014 994 2094 quod
1017 2022 1047 2075 et
1069 2020 1197 2074 mentem
1221 2029 1304 2073 suam
1326 2009 1402 2070 rele-

104 2114 209 2192 gendo
239 2116 404 2193 scripturas
431 2114 546 2176 diuinas
573 2114 743 2176 salutariter
771 2118 922 2177 instruunt
944 2125 974 2176 et
996 2116 1109 2176 domini
1139 2120 1300 2194 praecepta
1330 2113 1402 2172 scri·

78 2213 214 2277 ⁵bendo
231 2213 317 2294 longa
333 2213 447 2293 lateque
463 2217 667 2278 disseminant.
698 2217 780 2278 Felix
801 2219 943 2287 intentio,
967 2216 1110 2278 laudanda
1132 2214 1290 2284 sedulitas,
1314 2231 1403 2274 manu

105 2314 286 2378 bominibus
309 2317 497 2395 praedicare,
521 2315 626 2396 digitis
648 2319 763 2397 linguas
778 2319 911 2399 aperire,
935 2317 1059 2380 salutem
1082 2315 1260 2378 mortalibus
1280 2319 1402 2377 tacitam

106 2419 182 2480 dare
206 2427 239 2479 et
260 2428 364 2480 contra
386 2417 492 2481 diaboli
515 2418 724 2500 subreptiones
746 2420 876 2481 inlicitas
890 2420 1003 2481 calamo
1018 2427 1241 2499 atramentoque
1257 2435 1401 2499 pugnare.

107 2521 168 2582 'lot
191 2523 273 2582 enim
296 2519 417 2581 uulnera
440 2521 562 2582 Satanas
585 2523 706 2601 accipit,
735 2531 807 2602 quot
835 2523 1017 2602 antiquarius
1040 2520 1152 2582 domini
1175 2519 1268 2582 uerba
1291 2519 1402 2580 descri-

109 2621 168 2687 bit,
212 2621 277 2683 Vno
305 2624 403 2698 itaque
431 2623 496 2683 loco
524 2627 599 2685 situs
627 2627 729 2703 operis
755 2626 802 2685 sui
830 2622 1073 2684 disseminatione
1102 2641 1155 2702 per
1177 2622 1313 2683 diuersas
1333 2638 1403 2701 pro·

71 2726 232 2785 lauincias
253 2721 345 2785 uadit.
382 2722 414 2783 ln
434 2723 509 2786 locis
531 2728 643 2786 sanctis
664 2725 772 2804 legitur
794 2723 878 2786 labor
900 2727 1012 2805 ipsius,
1036 2723 1160 2787 audiunt
1181 2722 1298 2804 populi,
1323 2720 1402 2783 unde

110 2845 144 2887 ae
167 2845 184 2886 a
207 2843 300 2905 praua
323 2823 474 2887 uoluntate
495 2834 671 2890 conuertant
693 2835 724 2888 et
745 2827 866 2888 domino
888 2845 963 2908 pura
987 2835 1086 2889 mente
1108 2825 1289 2888 deseruiant.
1327 2824 1406 2904 Ope·

112 2936 198 2988 ratur
227 2925 336 2987 absens
362 2925 398 2987 de
427 2946 515 3008 opere
539 2947 602 2990 atto.
647 2929 768 3012 Nequeo
796 2929 896 2991 dicere
924 2927 1157 2990 uicissitudinem
1175 2926 1271 2993 ‚illum
1300 2926 1336 2988 dc
1364 2935 1408 3000 tot

114 3027 203 3091 bonis
225 3046 284 3089 non
307 3045 393 3107 posse
421 3029 597 3103 subsistere,
628 3032 653 3093 si
676 3040 774 3093 tamen
797 3049 855 3093 non
884 3031 1057 3111 cupiditatis
1085 3029 1213 3100 ambitu,
1242 3028 1293 3092 aad
1322 3038 1406 3091 recto

113 3129 213 3193 studio
235 3129 306 3191 talia
329 3138 466 3193 noscatur
487 3134 621 3202 allicere:
645 3134 737 3196 uerba
760 3133 897 3195 caelestia
920 3131 1097 3211 multiplicat
1117 3131 1206 3194 bomo
1229 3140 1259 3193 et
1280 3130 1407 3212 quadam

75 3232 331 3311 estgntuoauone
353 3232 581 3312 comprobabili,
607 3238 632 3296 si
655 3237 699 3296 ias
721 3243 766 3297 est
788 3235 904 3306 dicere,
927 3234 1024 3296 tribus
1039 3233 1143 3314 digitis
1157 3233 1310 3304 scribitur,
1327 3233 1405 3314 quod

114 3336 213 3396 uirtus
235 3342 355 3396 sanctae
376 3337 520 3397 trinitatis
542 3336 657 3399 ellatur.
695 3337 720 3398 Ο
741 3337 940 3418 spectaculum
963 3336 1039 3398 bene
1062 3335 1322 3398 considerantibus
1343 3334 1405 3414 glo·

114 3437 245 3498 riosum!
268 3435 421 3499 Arundine
443 3447 580 3500 currente
603 3439 695 3500 uerba
719 3440 859 3502 caelestia
883 3438 1104 3510 describuntur,
1120 3447 1162 3509 ut,
1178 3436 1257 3500 unde
1272 3435 1408 3499 diabolus

115 3546 207 3619 caput
236 3536 346 3600 domini
375 3540 404 3600 in
432 3543 600 3620 passionem
623 3543 694 3603 iecit
716 3544 849 3622 percuti,
879 3540 949 3602 inde
978 3542 1042 3602 cius
1071 3540 1218 3603 calliditas
1239 3541 1334 3621 possit
1356 3556 1406 3600 ex·

114 3642 222 3719 tingui.

78 3756 105 3797 n
201 3740 324 3804 Accedit
346 3743 431 3804 etiam
455 3743 592 3807 laudibus
614 3765 732 3816 eorum,
761 3746 839 3827 quod
862 3746 971 3807 iactum
995 3745 1107 3807 domini
1130 3742 1340 3824 aliquomodo
1363 3746 1408 3805 ui·

114 3844 226 3906 dentur
248 3844 375 3913 imitari,
398 3848 449 3923 qui
470 3845 564 3925 legem
588 3866 686 3917 suam,
709 3846 779 3909 licet
801 3848 965 3928 figuraliter
986 3849 1025 3907 sit
1047 3847 1172 3918 dictum,
1196 3847 1410 3926 omnipotentis

113 3945 199 4027 digiti
227 3946 399 4025 operatione
428 3948 615 4027 conscripsit.
665 3947 754 4010 Multa
782 3958 852 4012 sunt
878 3949 1015 4031 quidem,
1044 3967 1118 4030 quae
1147 3948 1183 4009 de
1211 3955 1271 4010 tam
1300 3947 1409 4026 insigni

112 4057 179 4112 arte
203 4048 384 4116 referantur,
408 4048 458 4109 sed
481 4052 591 4111 sufficit
614 4069 665 4111 eos
688 4051 748 4112 dici
763 4051 916 4123 librarios,
939 4050 988 4132 qui
1004 4049 1099 4112 libere
1121 4049 1242 4112 domino
1265 4052 1408 4111 iustitiae·
1521 4058 1526 4063 '

180 4321 249 4374 Coa,
266 4315 349 4369 Bere.
370 4320 417 4368 1⁷1
438 4321 534 4372 duobus
555 4323 667 4374 monibus
688 4325 801 4386 scriptur
823 4340 891 4374 anae.
911 4323 954 4374 tx
970 4331 996 4375 et
1014 4320 1041 4374 Χ
1056 4341 1092 4370 :2
1110 4325 1149 4383 Α;
1179 4326 1236 4376 cod.
1255 4322 1337 4376 Bern.
1357 4326 1408 4374 225

105 4408 179 4445 uec.
197 4388 246 4441 xl
264 4407 300 4429 ε·
317 4383 343 4434 Β
410 4387 507 4438 Codri
527 4392 613 4440 titulus
631 4394 653 4442 ia
669 4399 721 4441 eat:
740 4391 784 4440 DE
803 4391 1017 4451 anmuvantts
1036 4393 1078 4442 ET
1097 4391 1408 4444 cuuuuuuuautoue

106 4453 332 4515 beroensem
350 4456 376 4504 in
392 4454 418 4504 B
435 4459 578 4510 natusest.
645 4462 662 4510 4
680 4460 814 4510 salubriter
832 4460 951 4511 Geretina
1010 4461 1187 4510 instruant-
1205 4461 1372 4511 disseminent
1388 4460 1408 4508 B

105 4529 237 4582 omnim
309 4521 477 4587 alinguisa
528 4527 628 4576 tacitam
649 4529 768 4578 Gerenos
785 4530 887 4579 tacitum
907 4527 950 4578 ΑΒ
1020 4529 1186 4580 tillicitasB
1253 4529 1408 4579 Saathanaa

103 4597 124 4649 Β
178 4591 369 4660 θρτουίιιιίαε
386 4590 430 4640 ΑΒ
500 4595 531 4643 10
549 4593 698 4644 laboremB
758 4600 790 4647 13
808 4597 948 4647 subsistere
967 4599 986 4646 Α
1006 4599 1139 4663 percipere
1157 4597 1177 4646 B
1196 4597 1314 4646 Goretiaa
1364 4610 1408 4643 cu-

97 4666 240 4787 men
301 4658 800 4792 ,estanacentron
817 4665 1122 4783 attentates·
1140 4662 1408 4783 tinniant

97 4806 176 4856 sione
197 4794 376 4849 aucturis
394 4782 570 4859 passionarii
591 4797 649 4848 lacit
667 4799 765 4864 (aic)B
816 4748 973 4851 calidulae
1049 4803 1083 4850 20
1099 4749 1194 4850 ulllcidit
1210 4800 1233 4846 Α
1300 4745 1407 4863 22ξηί-

95 4874 155 4927 dem
175 4876 251 4922 saint
272 4862 395 4913 daretem
459 4867 492 4915 23
510 4866 690 4916 reiernnturss
743 4868 805 4918 libre
822 4869 960 4918 dominiA
1028 4866 1219 4934 iusticiqqueB
