3382 5476
416 402 453 455 tit
472 402 610 454 bortum
628 401 745 453 ARTES
764 398 810 453 ΕΤ
829 401 1101 455 aabsstssrsuvtt.
1320 411 1407 465 cxnt

103 592 137 668 s.
166 590 222 651 π’
243 595 301 653 cot.
325 592 372 670 II,
394 609 463 653 cunr
484 590 673 653 denomines
693 590 854 667 perreridus
876 593 1002 667 lucebat,
1028 594 1071 651 ad
1087 589 1223 668 primurn
1245 591 1407 653 editionem

105 727 312 806 prouocauit:
332 729 447 789 Genera
470 729 621 787 nominum
639 737 708 787 sunt
729 685 784 787 trt⁰l
804 738 859 788 etc.
886 761 923 769 -
947 726 1043 806 aquila
1067 727 1189 788 mustela
1214 727 1331 792 miluus.
1367 726 1407 787 lle

109 830 278 909 generibus
300 831 330 888 in
353 831 461 889 nrirrori
483 830 612 889 editione
635 829 820 889 sufficienter
835 827 1016 907 disputatum
1033 839 1087 898 est,
1111 827 1259 890 fastidium
1276 840 1322 889 est
1337 846 1408 906 ergo

110 932 218 993 eadem
243 941 378 1011 repetere
399 931 509 1011 sepius.
554 930 617 989 Sed
637 932 676 990 dc
696 931 754 990 lroc
776 938 955 1005 urpurnento
975 928 1010 990 iu
1037 938 1201 991 commento
1223 929 1409 992 Eiresidterrsi

106 1031 238 1110 prolixe
259 1031 363 1108 cipitur
381 1049 413 1108 p.
441 1040 509 1110 234,
535 1041 635 1091 11-
659 1039 726 1105 236,
753 1039 777 1091 t.

203 1134 285 1205 (tuae
305 1150 372 1194 curn
393 1132 441 1194 itu
455 1132 527 1208 sint,
551 1144 651 1193 tumen
666 1131 774 1193 iisdem
789 1142 949 1207 utrumque
962 1142 1159 1194 commentum
1173 1132 1313 1208 sontibus
1329 1133 1405 1206 fun-

113 1233 325 1310 cementisque
346 1233 406 1295 niti
435 1233 545 1310 uepurr'
572 1254 632 1296 uon
650 1233 782 1311 poterit,
814 1238 896 1310 quod
922 1245 953 1295 ut
971 1238 1175 1311 persuadeam
1198 1234 1276 1297 uiris
1298 1235 1405 1309 doctis,

114 1336 182 1397 eius
199 1335 312 1413 partis,
336 1354 397 1411 quc
420 1334 552 1397 nominis
573 1335 758 1414 conparatio
780 1345 943 1411 tractatur,
968 1336 1076 1412 aliqua
1093 1355 1288 1414 percurram.

201 1438 274 1500 Cori.
296 1433 361 1499 386
384 1437 404 1497 l.
428 1435 489 1498 21·
512 1437 568 1498 col.
593 1438 618 1498 l:

201 1540 502 1619 Comparationis
530 1540 668 1617 gradus
695 1549 780 1600 suut
809 1550 886 1601 tres
915 1541 1105 1619 positiuus
1128 1542 1411 1621 comparatiuus

116 1640 396 1721 superlatiuus:
426 1643 629 1719 positiuus‚
660 1650 697 1703 ut
724 1643 852 1711 tortis,
882 1644 1163 1721 comparatiuus
1191 1654 1228 1702 ut
1255 1643 1410 1715 lorti-or,

118 1743 379 1823 superlatiuus
395 1751 432 1802 ut
448 1744 690 1803 fortissimus.
721 1743 880 1803 Sciendum
897 1751 1011 1813 autern,
1029 1745 1107 1823 quod
1124 1743 1173 1804 illa
1191 1746 1319 1813 nourina,
1336 1762 1411 1824 quae

119 1844 313 1906 substantiam
335 1845 511 1922 signillcant,
536 1863 595 1905 nou
611 1853 830 1925 comparantur,
848 1848 920 1920 quta
937 1847 1119 1906 incrementa
1137 1846 1182 1905 uel
1199 1846 1412 1905 diminutiones

91 1949 253 2026 saccipere
275 1965 335 2007 non
359 1955 499 2024 possunt:
524 1945 608 2006 uerbi
631 1949 724 2025 gratia
748 1949 836 2008 bomo
860 1946 906 2007 uel
931 1945 1006 2027 lapis
1029 1947 1223 2009 substantiam
1246 1948 1413 2025 signilicaut

116 2051 201 2109 cuius
223 2049 401 2126 significatio
424 2066 480 2109 nec
502 2051 604 2126 augeri
632 2067 688 2109 nec
718 2051 808 2110 minui
837 2056 944 2128 potest.
989 2050 1020 2110 Si
1049 2051 1129 2111 euim
1158 2049 1246 2109 lrorno
1270 2047 1317 2108 ucl
1341 2048 1413 2127 lapis

116 2147 264 2229 inciperet
285 2152 536 2228 comparationum
560 2152 579 2208 i·
598 2152 692 2211 maius
707 2150 756 2210 uel
779 2153 891 2220 minus,
908 2153 966 2211 iam
984 2170 1043 2211 uon
1059 2159 1138 2212 esset
1152 2151 1242 2211 lromu
1265 2150 1313 2211 uel
1329 2147 1412 2230 lapis.

117 2252 149 2312 si
174 2270 247 2314 uero
270 2254 396 2312 actionis
419 2251 536 2333 aliquod
560 2253 707 2313 dictamen
730 2253 843 2313 lronriui
867 2251 914 2313 uel
937 2252 1026 2333 lapidi
1049 2253 1204 2323 acciderit,
1232 2261 1301 2313 tunc
1325 2251 1414 2312 lrabet

116 2354 215 2414 locum
230 2357 412 2432 comparatio
430 2353 711 2434 (comcomparatiol,
736 2363 768 2414 ut
790 2353 896 2414 doctus
918 2353 1007 2414 homo
1029 2362 1060 2414 et
1075 2353 1199 2424 doctior,
1223 2354 1298 2434 lapis
1319 2354 1413 2415 durus

82 2464 148 2515 oet
170 2455 285 2518 durior.
330 2454 408 2533 Ergo
432 2474 490 2516 non
515 2457 578 2534 ipsa
602 2454 781 2525 substantia,
812 2456 864 2516 sed
888 2475 964 2535 quae
987 2456 1126 2516 accidunt
1147 2455 1311 2516 substantie
1332 2473 1413 2515 cour-

118 2571 270 2637 parantur.
316 2556 385 2617 Sed
408 2560 694 2636 courparatiuus
716 2557 853 2635 gradus
879 2559 1031 2634 generis
1060 2566 1117 2617 est
1139 2575 1290 2635 semper
1312 2575 1411 2616 coru·

119 2659 241 2720 munis
263 2657 461 2719 masculini
484 2668 521 2718 ct
543 2660 717 2720 leuriuini
745 2662 780 2719 iu
810 2678 852 2718 or·
881 2668 915 2718 ct
944 2667 1115 2719 neutrum
1144 2677 1235 2718 uero
1257 2659 1292 2717 iu
1316 2676 1356 2717 us
1379 2667 1415 2716 ut

119 2759 179 2820 bic
208 2768 242 2819 et
270 2758 358 2820 lraec
387 2762 523 2820 l'ortior
550 2770 587 2818 et
615 2759 682 2819 lroc
710 2761 864 2826 lortius.
908 2763 1002 2823 Causa
1032 2759 1186 2820 breuitatis
1202 2760 1414 2854 praetermisit

119 2895 250 2956 bonatus
272 2895 309 2955 de
330 2913 440 2973 genere
463 2941 750 2961 ............
776 2896 852 2974 (cod.
876 2905 960 2976 posl⁰
976 2905 1004 2957 ct
1027 2898 1124 2974 singt⁰
1147 2906 1176 2955 et
1198 2864 1243 2973 ἓ.)
1275 2895 1327 2955 sed
1358 2893 1413 2953 lroo

82 2996 263 3057 coeternus
285 2994 373 3065 scire,
397 2997 474 3074 quod
498 2999 643 3076 positiuus
666 3000 772 3078 recipit
795 3000 894 3078 omnia
916 3016 1035 3077 genera,
1060 2997 1116 3058 alia
1138 3006 1236 3058 autem
1259 3016 1413 3077 compara·

119 3100 171 3160 tiui
193 3099 303 3177 gradus
324 3100 443 3176 generis
465 3108 534 3160 suut
556 3102 721 3160 corunrunis
744 3111 773 3160 et
790 3100 944 3162 masculini
960 3110 989 3160 et
1006 3101 1138 3159 lenrirriui
1161 3101 1250 3167 inor,
1275 3107 1413 3160 neutrum

120 3219 193 3261 uero
216 3204 246 3262 iu
270 3220 315 3261 us.
361 3201 397 3259 Vt
419 3199 467 3261 lric
489 3210 518 3261 et
540 3200 613 3262 lraec
637 3202 739 3262 tortior·
762 3213 791 3261 et
820 3203 876 3262 lroc
904 3204 1011 3262 lortius
1034 3210 1159 3281 excepto
1182 3218 1241 3261 nno
1265 3202 1342 3280 quod
1368 3210 1414 3261 est

118 3305 229 3377 senior,
252 3301 330 3380 quod
355 3312 468 3362 tantum
497 3304 651 3364 masculini
680 3306 799 3381 generis
828 3312 872 3365 est
895 3314 924 3362 ut
946 3305 1015 3365 iacit
1037 3303 1114 3380 quod
1139 3304 1313 3363 femininum
1337 3302 1411 3361 lraec

119 3422 206 3465 anus.
235 3403 440 3483 Superlatiuus
455 3407 510 3465 tria
527 3407 634 3484 recipit
655 3423 764 3483 genera
787 3415 819 3466 ut
842 3406 1029 3466 doctissimus
1052 3423 1098 3464 rna
1121 3423 1212 3465 munr.
1257 3405 1413 3484 Compa-

84 3515 254 3567 orantur
275 3514 398 3566 autem
417 3507 563 3567 nomina
583 3526 673 3587 quae
689 3506 912 3587 qualitatem
935 3514 997 3567 aut
1019 3508 1270 3585 quantitatem
1292 3507 1413 3583 sigui·

120 3606 248 3668 licant
294 3607 315 3667 l·
340 3609 439 3668 omnia
461 3610 579 3669 nomina
602 3627 678 3689 quae
701 3618 909 3687 corriperentur
925 3607 1074 3687 qualitatis
1097 3615 1126 3668 et
1147 3610 1318 3688 quantitatis
1333 3618 1413 3676 sunt.

120 3709 173 3769 sed
197 3726 257 3769 non
280 3710 375 3770 onmia
399 3727 475 3786 quae
498 3709 668 3786 qualitatem
699 3718 750 3771 ant
777 3713 973 3787 quantitatem
1003 3711 1171 3787 significant
1194 3719 1413 3789 comparantur.

120 3810 195 3872 Nam
212 3829 299 3871 cecus
314 3829 436 3871 mancus
452 3811 608 3891 perlectus.
633 3831 700 3872 cum
724 3814 783 3872 sint
799 3814 916 3872 nomina
933 3811 1080 3892 qualitatis
1101 3812 1274 3881 accidentia,
1292 3815 1415 3873 minime

121 3939 333 4007 comparantur
355 3976 562 3994 .........
587 3931 663 4005 (cod.
690 3891 741 3990 ii
765 3934 789 3990 si
805 3926 850 4008 ffel
875 3931 1048 4010 significatio
1069 3948 1243 4008 comparare
1267 3942 1298 3991 ut
1320 3931 1415 3991 dicanr

87 4033 222 4093 acecior
251 4038 277 4092 cl
306 4050 408 4092 sumus
435 4034 514 4112 perit
546 4030 631 4111 prior·
662 4033 836 4111 significatio
865 4052 918 4113 per
946 4051 1049 4093 omnes
1078 4035 1196 4111 gradus.
1247 4033 1315 4092 Sed
1346 4049 1414 4093 nou

123 4151 246 4212 omnia
273 4170 338 4231 per
366 4169 490 4212 omnes
518 4152 659 4230 gradus
688 4161 835 4213 exeunt.
881 4153 915 4212 llt
944 4152 1062 4213 duobus
1090 4162 1120 4213 ct
1147 4118 1206 4214 ouis
1237 4154 1355 4214 uornlna
1386 4152 1415 4210 in

124 4254 345 4333 comparatione
368 4252 508 4315 deficiunt
529 4264 579 4315 aut
602 4256 698 4316 littera
724 4263 756 4314 ut
783 4256 868 4333 peior
890 4263 940 4315 aut
966 4274 1053 4316 sensu
1079 4266 1110 4316 ut
1133 4256 1301 4315 mediocris.
1347 4252 1415 4312 lduo

128 4427 200 4434 ι...-
209 4425 350 4433 -—-.——-—

194 4545 207 4593 1
226 4542 443 4610 Comparationis]
465 4545 528 4594 lion.
547 4562 575 4609 p,
596 4547 657 4606 374,
678 4548 709 4594 ta
790 4549 806 4595 3
824 4543 959 4594 Scieurlrrnr
980 4572 1010 4579 -
1032 4547 1060 4593 11
1081 4555 1261 4609 conrprrmrurrr
1279 4542 1312 4603 cf.
1330 4557 1415 4591 coram.

125 4611 234 4662 Ructat
254 4611 287 4661 11
304 4629 330 4675 p.
349 4614 411 4663 231.
431 4615 537 4662 24-32
607 4615 636 4661 11
657 4610 708 4660 Sed
727 4610 930 4676 courpnrrrtirrus]
953 4613 1017 4663 llon.
1035 4630 1060 4676 p.
1081 4616 1141 4672 371,
1163 4615 1193 4660 17
1265 4613 1295 4659 15
1312 4623 1417 4673 conrpu-

125 4681 203 4729 ratini
221 4680 369 4744 gradus-
389 4683 420 4730 18
438 4681 498 4729 lurco·
515 4694 580 4729 auus
598 4681 633 4742 cs.
651 4696 737 4731 coram.
759 4680 830 4730 Eius,
849 4697 874 4744 p.
892 4683 954 4741 231,
975 4684 1082 4732 33-35
1171 4683 1201 4730 19
1219 4673 1416 4741 Comparantur]

127 4749 193 4802 non.
208 4765 236 4813 p.
257 4750 318 4810 att,
336 4751 368 4796 17
453 4750 483 4797 ‘21
504 4749 623 4796 i·onuria
643 4750 744 4797 nonrirrrr
765 4773 792 4782 -
813 4750 845 4796 ‘tt
864 4759 1043 4813 comparantur·
1061 4750 1094 4809 rs,
1111 4765 1196 4800 eornm.
1218 4747 1289 4796 Eius.
1308 4761 1334 4807 p.
1353 4747 1417 4803 232,

126 4819 194 4866 2-5
261 4818 294 4866 25
312 4819 378 4881 perit
394 4814 455 4881 etc]
475 4817 510 4878 cs.
528 4833 613 4866 eornm.
633 4815 704 4866 Eine.
723 4833 749 4881 p.
769 4818 861 4873 232st
930 4815 979 4863 sur
1000 4812 1063 4880 nou}
1085 4817 1148 4864 llon.
1166 4833 1192 4878 p.
1211 4815 1271 4876 371,
1286 4814 1317 4863 18
1384 4814 1417 4861 ‘db

87 4913 92 4920 -
127 4882 160 4934 Et
176 4883 276 4933 dnobus
295 4910 326 4919 -
346 4899 370 4949 p.
390 4883 471 4934 GXlV
490 4890 506 4935 4
524 4885 713 4950 companaticus
732 4886 768 4948 cs.
785 4899 870 4938 camur.
891 4883 963 4934 Eine.
980 4901 1007 4948 p.
1025 4887 1089 4946 232,
1107 4886 1192 4932 7-ta

201 4973 298 5016 (iun.
312 4984 365 5017 naa.
378 4975 461 5017 suren
1199 4968 1215 5016 lr
