3374 5446
575 399 614 450 ΙΝ
632 397 717 452 non.
736 397 864 449 neren
880 397 1061 449 aaronem
1409 395 1470 460 241

177 586 301 648 dianes
323 586 463 648 dicuntur
484 587 601 648 animae
625 595 811 648 mortuorum
835 584 883 648 uel
906 586 947 647 dii
967 586 1145 648 infernales:
1170 589 1317 647 ‘manum’
1334 583 1472 645 dicebant

178 689 292 768 antiqui
315 687 441 759 bonum,
465 688 534 749 inde
557 688 668 749 ‘mane'
691 691 787 768 prima
810 707 878 769 pars
900 689 975 758 diei,
999 688 1069 749 binc
1091 688 1179 749 etiam
1201 706 1255 767 per
1270 686 1506 748 catarnilrasin.

178 792 198 850 i·
222 791 481 870 percontrarium
505 792 642 851 ‘manes’
667 790 815 860 dicuntur,
846 810 881 851 eo
904 790 981 869 quod
1005 807 1066 851 non
1087 796 1156 850 sunt
1177 788 1258 849 boni.
1303 787 1474 860 Quirites

177 892 317 953 dicuntur
340 891 502 952 Romania
526 892 651 964 Quirino
673 892 693 951 i·
717 910 732 952 a
757 891 898 960 Romulo,
928 893 978 969 qui
1002 898 1031 951 et
1052 893 1116 969 ipse
1145 889 1253 951 dicitur
1275 908 1291 950 a
1314 890 1429 969 ‘quiri’
1452 891 1472 949 i·

152 994 279 1062 sbasta,
308 1010 397 1073 quam
420 1010 539 1072 semper
561 995 592 1054 in
614 1012 704 1056 manu
732 992 885 1073 portabat:
914 993 1044 1070 ‘quiris'
1067 994 1147 1052 enim
1175 991 1273 1070 lingua
1296 992 1473 1052 Sabinorum

177 1093 260 1155 basta
284 1103 417 1156 uocatur.
463 1093 533 1154 Pax
563 1094 754 1173 singulariter
782 1093 956 1156 declinatur.
1002 1094 1075 1154 Nam
1098 1096 1124 1155 si
1147 1093 1291 1155 diuiditur
1313 1112 1385 1173 pax,
1415 1093 1473 1153 dis-

177 1195 279 1256 cordia
302 1200 369 1257 crit.
414 1196 488 1256 Lux
510 1195 656 1267 similiter,
674 1216 742 1258 nam
764 1198 789 1258 si
813 1196 971 1266 diuidatur,
995 1195 1139 1257 tenebrae
1160 1213 1279 1274 semper
1301 1194 1472 1257 manebunt.

178 1297 241 1358 Lux
265 1296 372 1359 dicitur
395 1316 410 1358 a
435 1297 560 1366 luendo,
582 1299 603 1358 i·
627 1318 643 1359 a
666 1298 836 1377 purgando,
861 1316 895 1359 eo
918 1297 998 1377 quod
1020 1305 1126 1377 purgat
1147 1297 1297 1359 tenebras.
1343 1296 1472 1358 llalen-
1487 1312 1536 1364 tre,
1551 1315 1576 1354 ee

178 1397 244 1458 dae
267 1397 406 1459 dicuntur
435 1397 589 1477 pluraliter
612 1419 628 1460 a
651 1400 754 1460 ‘kalo'
779 1401 798 1458 i·
824 1417 908 1460 uoco.
954 1398 1027 1460 Nam
1056 1399 1195 1460 sacerdos
1224 1400 1334 1460 Romae
1357 1399 1474 1478 Capito·

139 1497 250 1558 rollum
275 1495 287 1581 ll
307 1496 368 1560 163
385 1497 397 1582 ll
422 1500 585 1561 ascendens
607 1507 651 1561 tot
674 1500 788 1562 uicibus
817 1499 977 1575 clamabat,
1006 1508 1079 1580 quot
1106 1500 1171 1562 dies
1199 1500 1350 1561 restabant
1380 1518 1494 1578 usque.

177 1598 214 1660 ed
241 1598 308 1659 idus
334 1603 355 1667 i,-
385 1600 562 1663 diuisionem
592 1605 718 1673 mensis,
748 1611 779 1663 et
805 1601 935 1664 dicebat:
976 1600 1061 1662 ‘kalo
1089 1600 1190 1663 kalo':
1224 1603 1291 1663 ideo
1320 1600 1475 1682 pluraliter

177 1699 375 1763 declinantur.
421 1703 446 1764 N
454 1704 615 1765 undinae
643 1703 784 1764 dicuntur
808 1705 1004 1764 mercationes
1027 1723 1042 1764 a
1065 1703 1158 1764 uerbo
1181 1703 1344 1764 ‘nundinor
1367 1703 1474 1765 nundi·

177 1805 270 1863 naris’
293 1803 313 1862 i·
336 1822 453 1865 mercor
482 1807 638 1875 merearis,
671 1814 701 1866 et
730 1807 798 1885 quia
831 1804 967 1886 pluribus
1000 1804 1105 1866 diebus
1138 1803 1378 1875 celebrabantur,
1406 1805 1473 1866 idco
1579 1862 1583 1872 .

177 1922 297 1982 semper
324 1903 478 1984 pluraliter
507 1908 680 1972 efferuntur.
730 1906 865 1968 Feriae
899 1906 1037 1968 dicuntur
1064 1926 1081 1967 a
1109 1906 1213 1977 lando,
1244 1909 1312 1986 quia
1342 1907 1415 1969 deus
1443 1909 1472 1966 in

139 2007 329 2066 recreatione
358 2007 461 2068 mnudi
490 2007 576 2068 dixit:
606 2009 674 2069 ‘ilat
696 2010 773 2074 irat'.
818 2009 888 2069 ldeo
917 2006 1071 2089 pluraliter
1099 2009 1240 2070 dicuntur
1267 2010 1374 2078 leriae,
1403 2008 1473 2070 licet

176 2104 300 2168 abusiue
333 2107 448 2168 dicatur
481 2109 594 2188 ‘prima
623 2111 715 2171 leria'
744 2111 892 2171 ‘secunda
920 2110 1024 2174 leria'.
1074 2106 1298 2188 Orradrigae,
1333 2111 1472 2171 dicuntur

176 2207 285 2286 quibus
316 2218 455 2289 quattuor
486 2212 554 2288 eqni
589 2210 779 2292 copulantur,
808 2211 896 2290 bigae
929 2230 1003 2272 uero
1037 2209 1145 2290 quibus
1178 2210 1246 2275 dno.
1296 2211 1470 2290 Nuptiae,

176 2307 333 2389 pluraliter
356 2310 557 2383 declinantur,
587 2331 622 2373 eo
651 2313 730 2392 quod
754 2312 796 2373 ibi
817 2312 876 2373 duo
898 2312 1085 2391 copulantur.
1131 2313 1287 2392 Scopae,
1317 2313 1471 2393 pluraliter

175 2409 326 2483 dicuntur,
351 2431 386 2473 eo
400 2413 478 2491 quod
496 2433 531 2473 ex
547 2413 647 2475 multis
662 2416 756 2492 uirgis
778 2421 928 2475 constant:
954 2415 1102 2493 ‘scopare'
1126 2413 1252 2475 dicimus
1266 2415 1470 2493 pauimentum

136 2530 310 2578 souerrere.
346 2511 539 2588 †Scalineon
567 2515 670 2576 dicunt
697 2516 803 2577 Graeci
833 2514 1001 2593 gradatum,
1034 2514 1105 2575 inde
1134 2514 1255 2576 scalae
1277 2515 1469 2612 ggradibus,

176 2632 213 2675 eo
235 2615 314 2692 quod
338 2634 372 2675 ex
390 2614 489 2678 multis
507 2615 594 2696 lignis
616 2623 762 2683 constant.
806 2615 891 2685 Pus,
915 2614 1123 2677 indeclinabile
1146 2624 1205 2684 est,
1229 2616 1346 2696 quando
1368 2626 1471 2698 putre·
1484 2637 1535 2686 ero,
1548 2639 1573 2678 ae

176 2716 275 2777 dinem
304 2717 352 2777 uel
381 2719 605 2797 corruptionem
633 2720 768 2798 corporis
789 2719 945 2797 significat.
990 2717 1117 2787 Virus,
1146 2716 1255 2779 dicitnr
1283 2737 1432 2780 uenenum
1447 2739 1471 2780 a

176 2819 206 2878 ui
229 2826 259 2877 et
281 2827 326 2878 cst
348 2817 567 2880 indeclinabile.
613 2821 763 2891 Aurum,
787 2821 896 2881 dicitur
919 2818 956 2881 ab
978 2837 1050 2880 aura
1073 2821 1125 2879 i·a
1147 2820 1323 2900 splendore:
1348 2820 1419 2882 inde
1442 2829 1472 2882 et

175 2938 283 2980 aurora
306 2919 414 2980 dicitnr
436 2922 533 2998 prima
556 2940 625 3001 pars
647 2922 717 2988 diei.
761 2928 978 3000 Argentum,
1002 2920 1116 2983 Graece
1139 2923 1276 3002 argyrion
1299 2921 1472 2988 dicitnr,-

137 3019 247 3082 aaOlea
271 3028 300 3081 ot
321 3019 399 3081 oliuo
427 3020 550 3083 arbores
577 3031 660 3091 sunt:
690 3024 788 3085 oleum
812 3033 841 3085 et
863 3022 977 3086 oliunm
999 3022 1078 3084 idem
1101 3031 1171 3085 sunt
1191 3025 1212 3083 i·
1236 3023 1344 3103 liquor.
1388 3022 1471 3083 Tri·

175 3123 302 3192 ticum,
326 3122 433 3184 dicitur
455 3143 470 3184 a
494 3125 628 3206 terendo.
671 3125 848 3196 Ordeum,
872 3124 980 3186 dicitur
1002 3142 1096 3203 genus
1119 3126 1216 3189 larris.
1260 3127 1382 3195 Arma,
1406 3124 1572 3204 plu-mose

175 3222 278 3286 raliter
292 3224 487 3294 declinantur,
504 3227 570 3306 quia
587 3227 677 3287 multa
693 3228 877 3305 significant:
894 3227 1000 3287 ‘arma’
1016 3229 1095 3287 enim
1112 3236 1256 3289 uocantur
1273 3229 1470 3288 instrumenta

175 3324 266 3387 boum
289 3333 318 3387 et
339 3326 494 3403 pistorum.
539 3328 665 3388 Nostros
687 3329 774 3389 ctiam
797 3327 889 3389 libros
910 3346 992 3388 arma
1017 3346 1167 3389 uocamus.
1213 3327 1284 3388 lnde
1307 3329 1469 3388 armarium

174 3427 283 3489 dicitur
305 3426 402 3496 locus,
431 3426 482 3488 ubi
503 3429 668 3507 spiritualia
691 3447 772 3490 arma
796 3429 976 3492 conduntur.
1022 3429 1182 3498 Moenia,
1212 3429 1351 3488 dicuntur
1373 3430 1469 3488 muni-

135 3529 270 3590 aotioncs
303 3530 465 3592 ciuitatum.
516 3529 697 3598 Floralia,
730 3532 758 3589 i·
790 3529 863 3590 lesta
891 3530 995 3591 Florae
1027 3529 1115 3599 deae,
1151 3531 1305 3590 ministrae
1334 3529 1468 3597 Veneris,

173 3631 257 3691 cuius
285 3630 359 3691 lesta
386 3630 500 3692 uernali
528 3641 661 3712 ternpore
689 3628 895 3700 celebrabant,
930 3629 1046 3708 ornando
1076 3630 1164 3693 liores
1258 3640 1287 3692 et
1314 3630 1470 3712 pluraliter

174 3729 368 3801 declinantur,
398 3734 466 3810 quia
495 3732 595 3794 multis
618 3731 734 3793 uicibus
756 3731 882 3802 fiebant,
911 3734 932 3793 i·
955 3734 986 3792 in
1010 3732 1123 3794 uernali
1146 3740 1290 3814 tempore.
1336 3733 1468 3793 Satur-

174 3831 273 3894 nalia
302 3834 322 3891 i·
353 3833 426 3893 leste
454 3835 577 3895 Saturni
605 3841 635 3894 et
661 3832 816 3913 pluraliter
846 3832 1048 3904 declinantur,
1078 3837 1146 3912 quia
1178 3853 1356 3915 unoquoque
1391 3853 1468 3894 anno

173 3933 293 3998 [iebant.
337 3933 540 4006 ‘vulcanalia',
564 3938 583 3999 i.
607 3936 681 3997 lesta
696 3936 817 3996 Vulcani
840 3944 870 3996 et
891 3935 999 3996 dicitur
1020 3935 1168 3998 Vulcanus
1191 3935 1264 3998 deus
1286 3937 1363 4013 ignis
1385 3934 1468 4014 quasi

172 4189 270 4239 senoina
287 4191 357 4253 (cod.
376 4191 494 4254 sanctior)
518 4206 613 4256 eorpus
637 4190 654 4244 i.
672 4189 805 4239 confirmet
827 4189 931 4250 (Glossa
953 4191 1010 4240 eod.
1033 4188 1115 4238 Bern.
1135 4191 1186 4239 38⁶
1206 4187 1281 4252 {14¹¹
1303 4205 1385 4253 morp.
1403 4190 1467 4239 aia:

173 4256 285 4323 Sanguis
303 4259 436 4324 singulare
456 4270 507 4320 est,
526 4259 645 4321 quemuis
663 4257 779 4323 legamus
798 4259 976 4321 ‘sanguinum’
990 4269 1014 4306 et
1026 4257 1231 4322 ‘sanguinibus’,
1249 4257 1317 4320 quod
1335 4257 1468 4322 inproprie

172 4338 219 4376 est.
248 4324 361 4392 Sanguis
379 4327 505 4376 dicituro
523 4326 662 4377 sanciendo
682 4326 698 4374 i.
716 4324 918 4374 acorrlirmando
936 4340 966 4374 eo
986 4324 1054 4386 quod
1073 4326 1182 4374 sanctiet
1199 4326 1215 4378 i.
1235 4324 1367 4375 confirmet
1384 4324 1468 4374 homi-
1555 4371 1558 4375 .

171 4409 229 4443 uem
248 4395 287 4444 uel
306 4396 414 4461 sanguis
433 4395 524 4445 dicitur
542 4410 557 4444 a
575 4395 702 4444 serenitate
720 4408 750 4442 eo
769 4393 838 4454 quod
857 4393 969 4442 strauiter
986 4393 1136 4455 senciamr.)

240 4498 257 4547 5
273 4493 373 4547 ¹¹¹menu
441 4498 456 4546 ‘l
474 4496 597 4571 similiter,
615 4510 748 4561 suprascr.
762 4494 925 4559 singulariter
937 4494 1077 4545 declinatur
1146 4496 1178 4546 10
1190 4493 1323 4554 clamabat,
1334 4509 1467 4558 suprascr.

171 4615 230 4666 kalo
247 4615 306 4666 bolo
406 4618 436 4666 11
456 4616 489 4666 ad
506 4560 633 4676 baffia-a
652 4612 712 4677 (sic)
817 4615 849 4664 13
867 4622 891 4663 et
908 4615 1019 4718 qutitret—
1039 4615 1071 4662 14
1089 4613 1226 4663 efferuntur
1243 4616 1269 4663 in
1286 4629 1366 4679 marg,
1388 4613 1468 4718 dictale}

171 4735 236 4798 duo,
253 4751 386 4802 suprascr.
405 4736 422 4789 i.
442 4736 481 4785 uir
499 4745 524 4784 et
541 4734 634 4783 lemine
720 4733 753 4781 20
771 4731 840 4796 greci
926 4734 960 4783 23
983 4746 1075 4781 aurora
1160 4735 1194 4782 24
1211 4749 1285 4798 grece
1302 4731 1415 4797 argirion

171 4806 205 4854 26
222 4805 240 4858 i.
258 4801 354 4872 liquor]
373 4807 399 4856 ln
416 4820 511 4870 marg:
531 4802 618 4852 omnia
636 4800 740 4849 nomine
758 4814 824 4862 quac
841 4799 874 4848 ad
893 4814 1035 4850 mensurum
1055 4800 1130 4850 etad
1148 4803 1250 4867 pondus
1269 4800 1395 4866 pertinent
1413 4800 1467 4850 ain·

171 4870 294 4938 gulariter
310 4873 469 4923 declinantur
537 4872 570 4922 30
587 4869 721 4919 ministrae
739 4893 773 4903 -
784 4867 888 4930 quando
907 4869 996 4920 liores.
1007 4906 1012 4918 .
1023 4906 1046 4920 ..
1069 4871 1096 4920 ira
1113 4886 1194 4935 marg.

196 4961 292 5007 Genu.
306 4973 360 5007 aar.
374 4964 456 5007 Sum
1231 4955 1262 5005 16
