3382 5476
787 1329 885 1408 ΠΙ

383 1526 514 1625 ARS
540 1526 639 1622 AN
640 1525 889 1625 ONYMA
915 1521 1296 1623 BERNENSIS.
1406 1547 1410 1553 ·

277 1937 381 1996 Partes
408 1934 550 1993 orationis
578 1940 650 2010 quot
677 1934 764 1993 sonti
808 1933 976 1994 Donatus
1011 1942 1079 1994 octo
1112 1951 1176 1995 esse
1208 1933 1339 1995 ostendit
1369 1932 1485 1995 dicens:

191 2036 322 2097 Partes
344 2036 540 2094 orationes
562 2042 648 2094 sunt
670 2042 763 2095 octo.
808 2034 963 2106 Quomodo
986 2034 1195 2096 nominantur?
1223 2034 1287 2096 Hoc
1310 2042 1356 2097 est
1378 2051 1485 2097 nomen

190 2156 357 2218 pronomen
380 2135 507 2197 uerbum
530 2134 706 2196 adnerhium
729 2138 916 2217 participium
933 2138 1102 2198 coniunctio
1118 2137 1296 2214 praepositio
1310 2137 1486 2198 interiectio.

191 2241 223 2301 Si
245 2241 414 2301 aestimatae
436 2246 507 2298 sunt
528 2244 629 2316 partes
651 2240 792 2300 orationis
813 2242 843 2299 in
867 2240 976 2299 minori
998 2256 1139 2306 numero,
1162 2253 1249 2314 quam
1272 2237 1357 2298 octo?
1393 2237 1486 2299 Aesti-

191 2349 287 2402 matae
309 2351 377 2401 sunt
398 2342 461 2401 sine
484 2338 573 2399 dubio
597 2348 626 2399 et
648 2342 855 2421 paucioreset
877 2340 989 2419 plures.
1024 2339 1099 2399 ilinc
1115 2339 1280 2400 Donatus
1301 2339 1358 2400 altr
1379 2337 1510 2400 linitis

130 2462 136 2475 ·
192 2443 332 2523 plures,
356 2441 465 2503 multi
487 2441 687 2518 pauciores
709 2450 836 2521 partes
859 2442 1047 2501 orationis
1069 2448 1212 2520 putant.
1243 2438 1400 2511 Quomodo
1414 2458 1485 2520 pau·

191 2546 287 2606 ciores
302 2553 423 2624 putatae
438 2551 506 2603 sunt
523 2549 573 2602 ant
588 2545 653 2619 quis
668 2544 801 2623 putauit?
825 2541 1055 2604 Aristotcles
1076 2541 1150 2603 duas
1172 2561 1239 2603 esse
1254 2541 1391 2612 ostendit,
1407 2541 1486 2604 unde

191 2646 360 2707 isidorus
383 2647 437 2705 ait:
460 2645 590 2705 Partes
612 2645 797 2704 orationis
813 2642 1304 2723 primusdristotelesdnas
1326 2643 1488 2706 tradidit

191 2747 290 2808 idest
312 2764 443 2807 nomen
466 2753 502 2806 et
524 2743 686 2805 uerbum.
724 2744 786 2805 llae
809 2747 886 2806 enim
909 2753 980 2806 sunt
1001 2745 1076 2806 dnae
1098 2742 1276 2824 principales
1297 2753 1400 2825 partes
1420 2763 1486 2807 ora·

192 2851 291 2918 tionis,
315 2847 481 2926 dequibus
505 2846 664 2906 Donatus
687 2848 741 2906 ait:
766 2847 812 2907 Ex
841 2845 898 2906 iris
920 2847 1014 2907 duae
1035 2854 1121 2906 sunt
1143 2845 1382 2925 principales
1402 2863 1524 2927 per-to

192 2959 246 3010 tes
269 2950 470 3015 orationis,
495 2964 625 3007 nomen
649 2954 685 3006 et
707 2946 870 3007 uerbum.
915 2947 1012 3018 Quare
1036 2965 1107 3025 ergo
1129 2945 1308 3027 principales
1329 2947 1487 3010 dicuntur!

191 3051 265 3122 Quia
292 3051 323 3110 in
352 3048 396 3108 lris
425 3058 484 3109 tota
514 3055 614 3107 nostra
642 3046 752 3109 locutio
780 3050 922 3108 consistit.
940 3045 952 3129 ΙΙ
968 3048 1018 3109 iol.
1035 3044 1119 3130 79¹]
1165 3048 1240 3110 Hinc
1262 3050 1490 3112 Consentius

192 3154 248 3213 ait:
286 3150 397 3211 Omne
429 3151 538 3217 enim,
567 3148 661 3229 quod
696 3157 818 3210 mente
848 3151 1097 3229 concipimus,
1128 3152 1277 3211 nomine
1306 3160 1342 3212 et
1371 3151 1488 3213 uerbo

192 3251 434 3333 explicamus.
466 3250 578 3312 Deinde
601 3249 770 3311 isidorus
792 3250 878 3311 dicit:
902 3252 1065 3313 Donatus
1086 3259 1171 3311 octo
1193 3260 1323 3331 partes
1344 3255 1487 3315 oratio·

192 3359 249 3417 nis
271 3355 465 3423 defininit,
489 3348 553 3413 sed
576 3370 703 3412 omnes
725 3352 766 3413 ad
790 3351 854 3413 iila
877 3353 947 3414 duo
970 3352 1198 3433 principalia
1221 3362 1487 3425 reuertuntur,
1500 3371 1525 3412 rs

191 3457 292 3518 idest
327 3457 368 3516 ad
406 3473 537 3515 nornen
575 3462 610 3514 et
645 3453 812 3530 uerbum,
843 3473 935 3534 quae
965 3456 1189 3533 significant
1223 3472 1424 3535 personam
1454 3462 1489 3516 et

191 3567 323 3619 actum.
369 3555 550 3633 Reliquae
579 3554 681 3616 uelut
713 3554 941 3636 adpendices
974 3564 1060 3616 sunt
1087 3563 1122 3616 et
1151 3574 1192 3617 ei
1221 3554 1280 3618 his
1301 3559 1487 3636 originem

192 3659 355 3720 trahunt.
400 3656 555 3727 Quomodo
587 3657 707 3719 trabunt
742 3658 887 3735 originem
921 3676 956 3717 ei
987 3657 1053 3718 hisi
1096 3658 1182 3719 Nam
1211 3676 1417 3737 pronomen
1445 3676 1487 3719 ex

192 3762 339 3822 nomine
363 3761 548 3829 nascitur,
572 3760 681 3820 cuius
704 3759 838 3819 oiiicio
860 3760 1050 3837 iungitur,
1074 3749 1296 3820 utor'ntorille.
1327 3759 1488 3822 Nonenim

192 3863 324 3923 nascitur
347 3861 419 3921 haec
440 3859 565 3930 locutio,
588 3861 645 3920 nisi
668 3869 736 3921 ante
758 3861 920 3940 praemisso
944 3862 1079 3928 nominet
1104 3859 1175 3922 nilril
1199 3861 1276 3921 enim
1299 3862 1439 3932 interest,
1461 3861 1526 3921 siso

192 3965 272 4025 dicas
287 3965 378 4042 ‘ego’,
396 3961 475 4042 quod
492 3972 537 4023 est
551 3980 727 4041 pronomen,
744 3969 795 4022 aut
808 3962 834 4022 si
850 3960 930 4021 dicas
953 3959 1176 4036 ‘valentianus'‚
1201 3961 1280 4042 quod
1304 3971 1348 4024 est
1363 3981 1487 4024 nomen:

192 4065 295 4126 eadem
318 4083 446 4154 persona
469 4073 522 4126 cst.
569 4062 667 4125 Verbo
689 4062 863 4124 aduerbium
885 4063 1031 4141 iungitur,
1056 4071 1088 4124 nt
1104 4063 1276 4137 ¹Donatus
1298 4063 1384 4125 dixit:
1418 4063 1488 4127 Ad·

259 4253 321 4306 Cod.
342 4252 421 4305 Bern.
441 4250 531 4314 tiss.
551 4247 720 4302 tet-117¹.

260 4320 362 4383 lquod
413 4314 538 4382 Donatus]
554 4335 583 4383 p.
602 4321 664 4382 372,
682 4320 717 4368 25
734 4315 769 4366 K.
838 4317 974 4366 inomem
1043 4318 1226 4369 3coniunoeio
1245 4320 1392 4385 prepositis
1411 4319 1488 4371 inter·

191 4391 268 4440 letoio
320 4388 465 4438 destimate
500 4387 628 4434 orationes
663 4386 796 4434 aestimate
847 4384 942 4434 blrunc
976 4382 1105 4453 Donatus]
1117 4404 1144 4452 p.
1156 4390 1216 4450 372,
1225 4391 1260 4438 28
1311 4387 1488 4438 sponsiones

191 4462 307 4524 ‘tpntsto
340 4454 475 4503 aristotilis
525 4453 677 4503 sestdoms
689 4452 884 4516 uetustiores,
901 4467 1002 4518 semper
1044 4451 1172 4522 Isidorus]
1193 4455 1262 4520 θήρ.
1281 4454 1417 4517 Inter.
1431 4454 1487 4506 Otto

192 4526 319 4576 orationes
354 4521 492 4570 aristotiles
554 4521 638 4572 ane
672 4520 815 4570 hortationis
872 4522 905 4571 10
923 4518 1050 4586 Donatus]
1068 4540 1095 4587 p.
1110 4526 1217 4581 37126
1263 4538 1294 4572 ex
1313 4523 1335 4571 is
1354 4523 1405 4573 due
1456 4523 1487 4572 11

193 4592 335 4642 lrorntionis
405 4590 437 4638 tn
456 4592 481 4637 in
500 4589 522 4637 is
575 4589 673 4638 locucio
691 4589 842 4638 consensius
894 4585 1061 4656 Consentius]
1078 4593 1217 4655 pstea
1235 4591 1272 4640 K.
1292 4589 1488 4653 (teramnae.

196 4660 253 4711 Vol.
272 4658 308 4724 V)
360 4659 392 4707 13
410 4658 574 4721 cotrcepimus
610 4658 713 4706 nomine
730 4657 871 4729 explicatur
888 4665 913 4706 et
931 4658 1008 4707 uerbo
1020 4657 1171 4709 Consentius
1224 4660 1255 4708 ll
1267 4656 1429 4722 lsidot·us]I
1437 4659 1488 4722 6,1

193 4729 225 4776 15
243 4726 354 4776 diflniuit
390 4723 476 4773 utilla
545 4726 577 4775 16
595 4739 644 4785 que
713 4725 838 4788 tirello:
879 4726 978 4790 origine
1047 4726 1079 4775 18
1097 4725 1161 4775 Nom
1179 4740 1321 4791 pronomen
1339 4722 1401 4792 eto]
1422 4724 1487 4776 leid.

192 4793 292 4857 10st
363 4796 393 4844 19
412 4791 493 4842 oliltio
561 4791 699 4854 adloquio
777 4795 809 4843 22
827 4788 956 4859 Donatus]
975 4792 1091 4844 Istorus
1108 4796 1179 4858 opud
1194 4796 1320 4845 Donatum
1337 4799 1532 4845 annectat·
