3382 5476
202 388 292 435 XVIII
615 377 665 426 DE
684 375 805 427 LIBRIS
823 376 1100 446 Bussususmvs

283 563 468 638 discrepent
488 571 587 624 autern
609 566 668 624 istu
691 565 804 626 Donati
828 569 974 641 opusculo
1000 565 1149 627 obeditis
1175 584 1407 643 saepenumero:
1435 573 1495 630 iam

196 667 228 724 in
253 666 316 736 fine
342 671 494 725 tractatus
520 667 559 724 de
586 670 705 726 nomine
731 669 843 727 similia
871 669 1014 742 lequutur
1046 676 1136 744 utque
1168 670 1238 741 illo,
1273 687 1352 744 quoe
1377 690 1411 747 p.
1436 678 1495 729 356

196 768 314 826 Keiliue
335 781 375 826 ecc
396 767 503 828 codice
526 768 706 829 Monoecusi
725 770 830 838 edidit,
855 773 885 830 iu
908 771 990 830 hunc
1011 772 1132 831 modum
1154 778 1314 846 conceptu:
1352 769 1366 831 l
1391 775 1494 849 singu·

196 866 253 928 lari
275 884 331 928 om.
376 864 412 927 '2
435 869 529 948 prima
553 886 628 948 quae
651 887 686 929 ae
709 867 816 930 litteris
838 871 1017 931 terminatur
1040 880 1073 931 ut
1096 870 1151 948 hec
1173 890 1255 932 musa
1320 869 1341 933 3
1364 872 1492 933 secunda

197 986 272 1046 quae
295 970 304 1028 i
328 968 424 1031 littera
453 971 630 1031 terminatur
657 978 690 1031 ut
712 970 760 1032 hic
787 974 930 1050 magister
953 972 1041 1033 huius
1064 974 1196 1050 magistri
1219 983 1248 1033 et
1270 982 1316 1035 est
1338 974 1490 1054 producta.

193 1071 293 1131 TertIa
317 1090 393 1151 quae
417 1073 442 1132 is
464 1074 643 1133 terminatur
665 1080 698 1134 ut
719 1072 769 1132 hic
791 1072 932 1135 sacerdos
953 1072 1041 1134 huius
1056 1074 1221 1136 sacerdotIs
1237 1084 1267 1135 et
1282 1084 1327 1136 est
1343 1085 1490 1156 correpta.

193 1171 302 1243 Quarta
331 1191 407 1251 quae
437 1193 472 1234 us
494 1172 542 1235 uel
566 1193 584 1233 u
607 1177 785 1235 terminatur
808 1184 840 1236 ut
862 1174 912 1236 hic
934 1194 1040 1236 uersus
1062 1174 1150 1236 huius
1171 1194 1288 1237 uersus.
1318 1177 1374 1237 hoc
1397 1196 1491 1239 cornu

192 1269 287 1335 ΙιιιίιιεΙ
302 1293 396 1335 cornu
419 1282 449 1335 et
472 1284 516 1336 cst
538 1275 692 1353 producta.
737 1276 847 1347 Quinta
870 1295 946 1356 quae
969 1278 996 1337 ei
1020 1280 1197 1340 terminatur
1213 1288 1246 1339 ut
1261 1278 1308 1339 hic
1324 1279 1389 1339 dies
1404 1278 1493 1338 huius

193 1374 252 1436 diei
276 1385 304 1437 et
327 1385 371 1437 est
392 1394 511 1455 semper
533 1377 688 1457 producta.

277 1479 440 1552 Deindes.
465 1487 502 1538 t·
515 1514 555 1523 —
577 1477 611 1537 7·
633 1487 704 1556 post
731 1487 891 1541 tractatum
920 1483 957 1541 de
984 1482 1093 1541 uerbo:
1128 1484 1262 1557 ‘passini
1287 1499 1442 1543 commuue
1464 1491 1493 1541 et

192 1582 363 1657 deponens'
379 1599 415 1657 p.
440 1587 515 1649 362,
541 1588 577 1639 13
598 1584 675 1643 iaec
703 1585 818 1643 inserto
845 1589 915 1643 suut
936 1600 957 1643 a
978 1585 1105 1658 uidquri
1131 1584 1247 1644 Bouuti
1269 1582 1375 1656 somno
1403 1601 1493 1659 quem

190 1686 324 1743 maxime
346 1685 467 1743 alienu:

559 1817 608 1878 DE
632 1817 765 1883 VERBIS
788 1817 1121 1883 INPERSONALIBVS.

277 1939 462 2014 Inpersonalia
485 1939 567 1996 uerba
591 1957 661 2014 quae
684 1940 766 1997 suut?
794 1941 828 1997 Vt
848 1941 960 1998 sedetur
974 1941 1103 1998 curritur.
1137 1941 1336 2014 Aquibusdam
1359 1949 1387 1998 et
1409 1941 1492 1997 decli·

195 2026 254 2080 uari
278 2024 392 2081 uerbum
416 2023 590 2098 impersonale
617 2033 710 2098 potest
733 2033 762 2080 ut
786 2025 868 2082 sedeo
891 2026 970 2083 sedes
993 2026 1069 2083 sedet
1091 2043 1174 2082 curro
1197 2028 1286 2083 cursis
1309 2027 1393 2082 currit
1415 2035 1491 2082 certo

191 2119 280 2166 cerias
303 2116 399 2166 certat.
444 2110 491 2166 Est
513 2109 585 2167 aliud
609 2126 695 2183 genus
719 2110 899 2183 lnpersnnalis
929 2110 1022 2182 uerbi,
1051 2127 1082 2167 ex
1110 2128 1166 2185 qun
1188 2109 1332 2184 personale
1354 2109 1410 2167 fieri
1435 2127 1490 2166 oon

192 2203 300 2269 potest,
330 2203 361 2251 ut
391 2195 464 2251 tedet
493 2197 569 2269 pIget
596 2196 681 2269 pudet
708 2194 783 2251 libet.
827 2196 886 2253 Non
915 2197 980 2252 iacit
1002 2196 1176 2273 enimtedeo
1201 2195 1275 2252 tedes
1298 2196 1380 2251 teilet.
1425 2196 1490 2251 Item

191 2279 375 2354 iopersoualia
392 2279 475 2337 uerba
489 2288 555 2336 sunt
570 2298 639 2354 quac
654 2297 708 2337 non
725 2281 827 2337 hahent
848 2289 949 2337 certam
972 2296 1118 2354 personatu
1133 2281 1181 2336 sed
1196 2280 1307 2337 adiectis
1323 2283 1491 2354 pronomini·

193 2365 244 2421 bus
266 2365 299 2420 ad
322 2382 467 2439 personam
490 2365 712 2434 adcomodantur.
758 2366 874 2422 Dicimus
896 2367 966 2421 enim
993 2364 1060 2422 libet
1083 2364 1148 2423 mihi
1170 2364 1239 2422 lise
1263 2365 1310 2421 tibi
1332 2365 1398 2422 libet
1422 2364 1469 2422 illi.

278 2450 427 2506 Declinatio
451 2450 528 2506 uerbi
551 2466 582 2507 ex
607 2468 662 2524 quo
685 2449 860 2524 impersonale
882 2449 941 2507 fieri
963 2466 1018 2506 non
1035 2459 1138 2524 potest.
1168 2449 1246 2506 Modo
1262 2449 1410 2507 indication
1427 2459 1492 2506 tem·

192 2551 260 2609 pore
282 2536 418 2609 praesenti
442 2536 526 2610 pudet
549 2552 591 2591 mc
615 2545 640 2592 te
662 2535 754 2607 illum,
782 2535 867 2609 pudet
894 2552 945 2592 nos
973 2552 1024 2591 uns
1054 2533 1125 2591 illus.
1171 2535 1306 2591 Preterito
1337 2534 1489 2609 inperfecto

193 2620 311 2694 pudebat
334 2637 376 2677 me
400 2629 426 2677 te
448 2620 524 2677 illum
548 2630 600 2677 etc.
621 2651 664 2660 —
683 2619 708 2692 f.
728 2615 761 2676 7δ
776 2621 848 2676 mccl.
871 2621 1024 2694 praesentis
1047 2621 1179 2693 temporis
1202 2620 1318 2693 piniane,
1342 2624 1490 2694 praeterito

193 2705 331 2779 puduisse.

276 2788 425 2847 Declinatlu
449 2790 628 2863 inpersoualis
651 2789 728 2845 uerbi
750 2789 783 2845 de
806 2804 861 2863 quo
884 2788 1028 2862 personale
1051 2787 1109 2845 fieri
1132 2805 1187 2845 ιιιιιι
1210 2797 1312 2863 potest.
1351 2789 1430 2846 IIodo
1450 2790 1490 2845 in·

191 2875 311 2931 dIcatiuo
342 2882 464 2948 tempore
492 2874 629 2947 praesenti
657 2875 713 2930 itur
736 2892 751 2929 ι
773 2890 816 2930 me
837 2891 852 2928 ιι
876 2882 902 2929 te
923 2874 956 2929 ab
980 2874 1037 2930 llio.
1081 2875 1138 2931 Itur
1160 2892 1175 2929 ιι
1197 2874 1276 2931 nohis
1304 2892 1319 2930 a
1349 2875 1428 2931 uobis
1457 2874 1490 2931 ab

192 2958 247 3014 illis
269 2967 322 3015 etc.
353 2988 388 2998 —
420 2958 514 3015 eodem
544 2959 624 3015 modo
654 2966 777 3032 tempore
806 2957 900 3015 futuro
929 2975 989 3016 eum
1019 2960 1087 3015 itum
1110 2960 1163 3016 erit
1185 2978 1200 3015 ι
1222 2975 1265 3015 me
1287 2976 1302 3014 a
1326 2969 1352 3016 te
1375 2959 1407 3015 ab
1431 2959 1489 3030 illo,

192 3061 252 3100 cum
281 3045 348 3099 itum
376 3044 427 3099 erit
450 3061 465 3098 ι
487 3043 566 3100 nobis
589 3061 603 3100 a
626 3043 706 3100 uobis
733 3043 767 3099 alr
796 3041 860 3099 illis.
906 3042 960 3100 llec
987 3045 1070 3100 uerba
1098 3044 1186 3100 tribus
1215 3044 1323 3101 casibus
1352 3045 1489 3115 seruiunt,

191 3130 348 3185 accusaIIuo
378 3136 408 3184 ut
435 3128 519 3202 pudet
542 3145 584 3184 me
607 3137 634 3185 te
658 3127 749 3200 illum,
778 3127 898 3185 ablatiuo
927 3137 957 3184 ut
979 3131 1036 3185 itur
1058 3146 1072 3184 a
1096 3145 1137 3185 me
1160 3147 1175 3185 a
1198 3137 1225 3184 ie
1247 3128 1279 3185 ab
1303 3126 1366 3199 uto,
1396 3128 1490 3184 (latino

193 3222 223 3269 ut
245 3212 313 3269 libet
335 3213 401 3269 mihi
426 3213 474 3270 tibi
497 3213 550 3270 sibi
573 3213 621 3270 illi.

276 3329 421 3405 Sequitur
438 3327 468 3401 s.
487 3325 540 3387 10⁶
556 3336 628 3403 post
643 3339 738 3390 artem
753 3332 898 3390 minorem
913 3347 951 3390 en
965 3347 1045 3405 pers
1065 3330 1142 3389 artis
1155 3331 1294 3402 maioris,
1311 3346 1372 3404 quo
1388 3331 1491 3403 oqitm·

193 3434 231 3492 de
252 3434 356 3492 littere
378 3439 444 3504 etc„
468 3430 524 3490 sed
544 3432 758 3504 ominosum,
789 3448 868 3506 quoe
890 3433 929 3491 de
950 3448 1025 3492 uoce
1046 3434 1188 3506 tequutur
1207 3449 1239 3506 p.
1263 3437 1332 3504 sot,
1358 3438 1449 3489 5-7.

276 3537 313 3595 F.
332 3539 385 3592 11⁰
401 3541 473 3610 post
488 3533 598 3593 uerbo:
621 3533 751 3610 ‘sqttaoo
773 3535 860 3609 apud
879 3536 1018 3593 metricos
1039 3535 1165 3609 semipes
1179 3534 1363 3592 uomiuotur'
1374 3549 1410 3607 p.
1424 3538 1490 3600 369,

195 3643 230 3694 15
251 3637 329 3697 hoec
351 3639 466 3696 inserta
487 3642 557 3695 surii
576 3651 714 3695 sermome
735 3637 930 3696 continuato:

276 3758 418 3814 Accedunt
440 3757 587 3831 unicuique
614 3756 725 3814 sillabas
755 3765 834 3813 tenor
855 3756 969 3831 spicitus
994 3766 1101 3830 tempus
1123 3764 1151 3812 ct
1173 3773 1303 3813 numerus
1325 3755 1489 3812 litterarum.

193 3841 284 3898 'lenos
305 3851 403 3899 acutus
426 3845 519 3917 grauis
542 3842 586 3899 uel
608 3841 797 3899 circumflexus
819 3843 846 3898 in
870 3842 976 3899 dicione
998 3850 1089 3898 certus
1111 3840 1214 3916 absque
1237 3858 1267 3898 en
1291 3843 1413 3898 incertus
1436 3857 1490 3896 non

193 3935 286 4001 potest
303 3935 391 3985 tamen
408 3929 466 3984 sine
483 3944 524 3984 eo.
554 3926 674 4002 Spiritus
689 3944 771 4001 asper
786 3926 829 3984 uel
846 3926 924 3983 lenis.
955 3928 1073 4000 Tempus
1089 3943 1171 3982 unum
1188 3926 1231 3983 uel
1248 3926 1302 3982 luo
1319 3925 1363 3983 uel
1380 3926 1461 3981 ctiam
1476 3944 1491 3982 a

194 4006 258 4088 (loq.
275 4009 317 4088 ut)
343 4011 553 4087 quibusdam
577 4011 664 4086 placet
681 4029 764 4068 unum
780 4014 862 4069 semis
878 4021 905 4068 et
920 4013 974 4069 duo
991 4013 1072 4067 semis
1088 4018 1116 4066 et
1132 4012 1191 4067 tria.
1229 4012 1328 4068 Tamen
1351 4011 1379 4066 in
1403 4018 1490 4066 metro

192 4113 304 4154 necesse
331 4105 373 4154 esi
402 4114 619 4171 unamquamque
648 4096 770 4154 sillabam
802 4097 844 4153 uel
874 4099 953 4154 unius
981 4096 1025 4152 uel
1053 4096 1169 4152 duorum
1203 4097 1288 4171 accipi
1324 4097 1513 4168 temporum‚'

191 4181 303 4239 breuem
327 4182 424 4255 unius,
447 4182 558 4256 longam
580 4199 648 4239 uero
670 4183 795 4239 luorum.
832 4182 967 4240 Numerus
989 4181 1141 4237 litterarum
1163 4183 1225 4256 quia
1242 4181 1274 4238 ab
1290 4197 1344 4237 una
1360 4180 1492 4254 incipiens

192 4284 247 4323 non
270 4267 332 4340 plus
355 4285 435 4341 quam
458 4269 490 4324 ιιΙ
513 4285 559 4324 sex
582 4266 688 4323 litteras
711 4267 860 4341 procedere
877 4261 888 4345 ss
905 4261 998 4323 [11¹³
1014 4259 1025 4342 ss
1042 4266 1137 4322 sillabn
1161 4274 1252 4340 potest
1275 4268 1302 4322 in
1325 4264 1411 4322 launo
1433 4280 1491 4321 ser·

193 4368 273 4408 mone
296 4360 364 4408 uta
387 4351 419 4408 ab
443 4370 487 4409 ars
510 4369 582 4409 mars
605 4362 680 4408 stans
703 4355 797 4427 stirps.
844 4353 930 4409 Ilubet
958 4355 1040 4407 etiam
1069 4367 1247 4425 unaquaeque
1275 4350 1372 4407 sillabn
1399 4349 1491 4405 altitu·

192 4437 281 4493 cliuum
309 4436 478 4494 latitudinem
502 4447 529 4493 et
551 4436 762 4511 longitudinem.
806 4436 983 4493 Altitudinem
1013 4438 1039 4491 io
1069 4445 1180 4509 tenore,
1208 4435 1416 4493 crassitudinem
1446 4433 1490 4490 uel

193 4522 363 4578 latitudInem
386 4525 412 4580 in
437 4523 551 4596 spiritu,
574 4522 773 4596 longitudinem
797 4523 824 4578 in
848 4531 979 4596 tempore.

276 4638 420 4716 Sequitur
441 4634 679 4712 tractetuszssliii
701 4637 897 4699 rtuocmvs
920 4637 1102 4707 SILLABIS,
1125 4639 1176 4698 tic
1197 4654 1314 4713 quoque
1337 4654 1356 4695 u
1379 4637 1494 4697 Donati

191 4739 278 4800 trieris
292 4742 421 4809 aluums,
438 4758 524 4816 quem
539 4741 592 4800 sid
607 4739 710 4801 Seruii
722 4743 841 4801 nomine
856 4743 925 4801 otim
941 4743 1036 4802 edidit
1051 4743 1151 4801 editor
1167 4738 1351 4799 Bosileeusis
1366 4755 1396 4799 u.
1415 4744 1492 4796 1528

194 4840 254 4914 (cs.
271 4844 348 4904 Keil.
361 4863 395 4919 p.
413 4844 470 4903 XL
478 4846 503 4902 V
518 4845 578 4903 stol.
595 4844 613 4903 l
619 4844 659 4918 V)
681 4860 825 4918 quemque
840 4845 910 4903 iude
924 4846 1044 4919 repetiit
1062 4841 1219 4902 Putscliius
1236 4859 1270 4917 p.
1290 4846 1490 4900 titii—istd.
