3382 5476
700 377 913 433 unnunnsls.
1413 378 1456 444 95

107 648 110 653 Ι
153 570 269 630 Aeneai
299 566 437 629 Anchisai
465 570 554 648 pictai
583 565 659 629 aulai
682 570 773 628 terrai
802 568 917 629 militiai
942 567 1065 629 lamiliai
1093 587 1148 648 pro
1170 570 1288 629 Aeneae
1310 568 1455 630 Anchisae

150 673 254 750 pictae
277 669 362 730 aulae
385 680 414 730 et
437 672 559 729 cetera'.
603 669 729 751 Nomina
752 678 850 730 autem
873 671 986 749 primae
1008 669 1213 730 declinationis
1240 669 1400 730 masculina
1423 673 1454 730 in

149 793 167 833 a
184 774 355 833 desinentia
379 774 422 831 sic
444 770 645 831 declinantur:
669 780 756 849 poeta
778 789 887 831 nomen
908 779 953 831 est
996 767 1059 831 95⁵
1076 768 1087 850 d
1104 771 1313 850 appellatiuum
1336 774 1456 850 generis

101 888 104 893 ·
149 872 314 933 masculini
342 875 459 933 numeri
486 870 645 950 singularis
666 872 780 950 figurae
802 869 944 951 simplicis
966 890 1055 932 casus
1077 874 1250 933 nominatiui
1273 882 1302 933 et
1324 874 1455 934 uocatiui

121 1044 134 1067 r
149 976 290 1053 correpti
312 983 342 1033 et
363 972 484 1034 ablatiui
506 973 657 1052 producti,
680 973 982 1053 quod-declinabitur
1004 975 1061 1034 sic:
1085 976 1267 1035 nominatiuo
1289 975 1338 1035 hic
1360 985 1454 1055 poeta,

121 1059 296 1153 'genetiuo
320 1074 409 1134 huius
431 1083 544 1154 poetae,
568 1074 667 1134 datiuo
690 1074 759 1135 huic
782 1084 896 1155 poetae,
921 1077 1090 1137 accusatiuo
1112 1075 1191 1136 hunc
1214 1085 1340 1155 poetam,
1364 1096 1454 1137 uoca-

151 1178 217 1237 tiuo
241 1195 260 1236 o
283 1183 381 1256 poeta,
404 1176 534 1236 ahiatiuo
563 1174 600 1237 ah
628 1175 684 1236 hoc
707 1187 809 1254 poeta,
838 1186 867 1237 et
889 1175 1044 1256 pluraliter
1071 1179 1254 1238 nominatiuo
1281 1177 1311 1237 hi
1341 1187 1454 1257 poetae,

149 1279 263 1339 horum
287 1286 451 1357 poetarum,
475 1278 524 1337 his
546 1280 649 1356 poetis,
674 1277 728 1336 hos
750 1285 862 1356 poetas,
886 1286 1034 1356 opoetae,
1059 1277 1096 1338 ah
1119 1279 1165 1338 his
1188 1281 1293 1358 poetis.
1332 1279 1382 1340 Sic
1404 1280 1455 1339 de-

150 1381 306 1440 clinantur
328 1381 426 1439 omnia
450 1380 567 1438 nomina
589 1377 751 1438 masculina
782 1381 895 1457 primae
924 1379 1144 1448 declinationis,
1174 1389 1206 1440 ut
1228 1379 1276 1441 hie
1299 1382 1455 1461 propheta,

107 1503 136 1540 ro
150 1481 202 1541 hic
218 1480 389 1560 patriarcha
404 1480 453 1539 hic
469 1479 578 1539 athleta
594 1479 762 1557 agonitheta
778 1479 927 1558 parricida
944 1480 1089 1540 homicida
1111 1481 1262 1542 iratricida
1278 1485 1301 1555 †
1316 1480 1454 1543 colosista

151 1582 288 1642 israelita
304 1580 401 1641 scriha
422 1579 572 1640 citharista
589 1589 618 1640 et
633 1590 732 1640 cetera
755 1581 871 1640 similia.
909 1580 982 1641 llem
1005 1581 1148 1642 feminina
1172 1584 1288 1643 nomina
1310 1584 1340 1643 in
1363 1602 1379 1643 a
1403 1583 1451 1643 de·

148 1685 282 1745 sinentia
305 1685 420 1762 primae
443 1680 647 1743 declinationis
668 1683 710 1742 sic
733 1681 932 1742 declinantur:
956 1682 1031 1743 haec
1052 1683 1134 1744 hlusa
1156 1682 1246 1745 huius
1259 1684 1362 1746 hlusae
1384 1685 1452 1745 huic

150 1784 255 1844 liusae
278 1783 355 1843 hanc
376 1783 488 1843 llusam
512 1803 529 1842 o
551 1783 634 1843 hlusa
656 1782 693 1843 ah
716 1782 772 1844 hac
793 1784 876 1844 hlusa
899 1793 928 1844 et
951 1783 1106 1863 pluraliter
1134 1784 1190 1845 hae
1219 1784 1321 1846 hlusae
1348 1785 1453 1846 harum

150 1885 306 1946 hlnsarum
329 1885 376 1945 his
397 1885 488 1945 hlusis
510 1882 563 1944 has
585 1885 682 1944 llusas
703 1904 721 1942 o
743 1886 844 1945 llusac
870 1883 909 1945 ab
931 1885 977 1944 his
999 1886 1098 1946 llusis.
1144 1887 1194 1946 Sic
1215 1885 1403 1948 declinantur
1425 1897 1455 1947 et

109 1986 209 2049 realia
232 1988 354 2047 nomina
378 1988 519 2047 feminina
548 1987 663 2065 primae
690 1985 909 2056 declinationis,
940 1995 972 2046 ut
994 1986 1068 2047 haec
1089 1988 1215 2056 iustitia,
1244 1988 1317 2048 haec
1340 1989 1455 2049 miseri·

149 2089 255 2150 cordia
278 2088 435 2167 prudentia
459 2090 602 2165 sapientia
626 2087 753 2148 ecclesia
776 2087 896 2148 basilica
919 2086 1058 2148 columna
1080 2089 1167 2148 uinea
1190 2087 1304 2150 cultura
1328 2087 1455 2168 agricul-

151 2199 233 2260 tura,
250 2207 328 2267 quae
344 2196 413 2249 sunt
426 2187 664 2249 innumerabilia.
696 2188 837 2267 intellege
859 2197 973 2259 autem,
996 2191 1140 2251 feminina
1156 2193 1274 2250 nomina
1290 2208 1341 2250 sex
1357 2190 1456 2250 modis

150 2310 236 2353 esse:
268 2301 321 2351 aut
342 2292 420 2351 enim
444 2292 563 2369 propria
586 2299 655 2350 sunt
677 2299 727 2349 aut
749 2291 804 2351 lixa
827 2299 877 2350 aut
900 2289 1022 2350 mobilia
1044 2299 1096 2352 aut
1117 2290 1155 2350 ab
1177 2290 1300 2352 adiectis
1321 2300 1386 2351 orta
1409 2294 1454 2350 iu·

149 2393 353 2474 corporalium
377 2410 479 2453 rerum
502 2389 661 2460 uocabula,
691 2401 741 2451 aut
763 2393 917 2470 participia
944 2392 1044 2452 lutura
1071 2401 1122 2451 aut
1143 2393 1249 2452 similia
1270 2392 1453 2471 'participiis

108 2518 137 2558 ao
150 2495 282 2556 Nomina
299 2512 371 2570 ergo
390 2496 509 2573 propria
531 2494 672 2554 leminiua
692 2501 760 2553 sunt
781 2495 897 2572 primae
917 2491 1134 2562 declinationis,
1160 2500 1192 2552 ut
1206 2493 1298 2582 Diana
1314 2493 1453 2574 Calliopia

149 2598 288 2658 liinerua
317 2595 438 2656 Helena.
483 2595 554 2655 ltem
583 2595 639 2658 fita
669 2596 789 2654 nomina
816 2596 932 2672 primae
960 2592 1182 2668 declinationis,
1207 2603 1240 2655 ut
1266 2593 1340 2654 haec
1369 2596 1453 2673 copia

150 2699 230 2759 lama
255 2695 347 2758 harha
371 2697 448 2756 oliua
465 2698 512 2756 uia
535 2697 594 2756 uita
618 2703 648 2755 et
663 2693 803 2772 reliqua;-
820 2693 938 2757 mobilia
963 2702 1063 2756 autem
1086 2696 1204 2756 nomina
1226 2696 1340 2775 primae
1362 2693 1453 2756 decli·

150 2800 286 2861 nationis
309 2798 381 2858 haec
404 2805 487 2866 sunt,
510 2805 543 2857 ut
565 2815 655 2875 opaca
679 2795 757 2857 nuda
779 2815 870 2858 aurea
897 2798 962 2859 ruia
986 2814 1061 2875 uaga
1084 2800 1131 2877 pia
1154 2806 1233 2857 casta
1255 2799 1331 2857 iusta
1354 2806 1453 2858 sancta
1490 2838 1494 2843 =

149 2902 288 2962 modesta
312 2899 397 2960 docta
420 2900 550 2977 perlecta
574 2896 748 2978 etreliqua.
794 2898 867 2959 ltem
890 2898 927 2961 ab
950 2899 1075 2960 adiectis
1097 2897 1330 2979 incorporalium
1353 2916 1453 2959 rerum

109 3011 218 3064 norm
243 2999 404 3068 uocabula,
438 3009 470 3058 ut
491 2999 565 3059 haec
585 3002 695 3060 iustitia
726 2999 860 3060 doctrina
889 2999 1045 3061 clementia
1074 3001 1260 3079 prouidentia
1289 3008 1319 3061 et
1341 3010 1451 3062 cetera.

149 3104 227 3165 ltem
243 3103 399 3182 participia
416 3103 569 3180 praeteriti
585 3104 727 3181 temporis
742 3102 885 3162 feminina
902 3105 1001 3163 omnia
1017 3103 1133 3181 primae
1148 3112 1218 3163 suot
1234 3101 1453 3171 declinationis,

149 3213 185 3266 nt
199 3205 276 3265 haec
292 3212 387 3263 amata
403 3202 489 3262 docta
506 3201 579 3264 lecta
595 3202 704 3272 audita,
715 3211 745 3263 et
760 3206 858 3264 omnia
874 3205 1029 3284 partieipia
1045 3205 1187 3265 leminina
1203 3205 1294 3265 iuturi
1309 3205 1454 3283 temporis

149 3309 270 3387 primae
285 3312 356 3365 sunt
372 3303 587 3373 declinationis,
598 3313 630 3364 ut
645 3305 718 3365 haec
734 3307 881 3384 scriptura
898 3310 1002 3366 natura
1018 3323 1157 3365 mensura
1174 3314 1311 3365 creatura
1327 3307 1451 3384 pictura.

149 3408 228 3470 ltem
244 3407 422 3486 pronomina
437 3407 605 3484 possession
622 3407 755 3467 feminini
769 3408 889 3484 generis
903 3408 1016 3485 primae
1031 3415 1101 3467 sunt
1116 3406 1331 3474 declinationis,
1344 3414 1377 3465 nt
1388 3423 1452 3466 mea

109 3532 136 3571 so
149 3519 202 3571 tua
217 3527 271 3568 sua
288 3516 388 3567 nostra
413 3517 521 3575 uestra,
546 3515 575 3566 et
590 3509 687 3567 omnia
704 3509 822 3567 uomina
838 3507 978 3569 lerninina
1000 3507 1182 3587 superlatiua
1205 3510 1272 3571 ina
1287 3506 1452 3567 desinentia

149 3613 267 3692 primae
290 3617 360 3669 sunt
375 3606 588 3678 declinationis,
613 3618 643 3669 ut
660 3608 733 3668 haec
755 3608 924 3669 doctissima
938 3610 1099 3670 fortissima
1123 3610 1338 3689 sapientissima
1362 3606 1451 3667 dilec-

143 3714 266 3775 tissima
301 3711 450 3769 carissima
486 3711 645 3770 tenerrima
685 3709 883 3789 pulcherrima
918 3711 1208 3789 magnificentissima
1242 3709 1452 3789 gloriosissima

148 3812 355 3876 excelsissima
377 3812 541 3870 castissima
564 3813 675 3890 optima
697 3814 827 3890 pessima
842 3813 1030 3873 sanctissima
1046 3821 1076 3873 et
1091 3820 1190 3873 cetera
1212 3810 1451 3872 innumerabilia.

150 3916 228 3977 ltcm
252 3914 372 3974 nomina
395 3913 547 3972 ciuitatum
563 3911 610 3972 uel
628 3913 785 3991 regionum
807 3915 952 3974 feminina
975 3916 1004 3974 in
1028 3914 1225 3974 adesincntia
1248 3914 1362 3992 primae
1384 3920 1454 3970 sunt

109 4037 136 4076 ss
150 4016 372 4084 declinationis,
389 4023 422 4074 ut
438 4013 511 4073 haec
526 4013 628 4084 lloma,
646 4014 719 4075 haee
735 4015 887 4085 Caesario,
911 4015 986 4076 haec
1001 4015 1148 4085 Samaria,
1173 4015 1254 4075 Vtica
1276 4011 1452 4074 Alexandria

77 4148 86 4157 ·
150 4117 315 4197 Babylonia
332 4119 353 4187 †
370 4116 471 4174 elireto
489 4115 682 4194 Cappadocia.
729 4117 802 4177 ltom
823 4116 896 4177 haec
912 4119 994 4184 Asia,
1011 4117 1094 4195 Syria
1110 4115 1215 4175 ludaca
1231 4113 1338 4175 Arahia
1354 4113 1451 4173 hiricn

220 4337 318 4388 lterai
336 4330 438 4383 miliciai
474 4351 550 4384 eneae
568 4335 688 4401 ancirisep
739 4336 856 4386 2nuleae
907 4332 1025 4399 apolon
1075 4332 1272 4383 ‹imneculiuum
1319 4329 1450 4396 opohen,

146 4410 208 4472 sere
225 4420 328 4469 seraper
380 4404 521 4467 'lopoete
568 4404 602 4452 hii
620 4402 714 4468 pohete
732 4404 840 4453 hoorum
892 4400 1298 4469 9lricprophetnhicpropheta
1341 4401 1373 4449 10
1390 4414 1450 4448 nnn-

148 4509 234 4559 thleca
269 4502 417 4569 agoniuece
457 4502 590 4568 colosista]
613 4506 670 4554 An:
688 4503 836 4554 Colossitai
856 4503 966 4552 irlhelita
1020 4504 1050 4550 11
1069 4502 1189 4564 citarista
1225 4471 1451 4550 lemidauamiua

149 4579 182 4627 12
200 4573 344 4626 declinetur
397 4573 428 4621 13
440 4571 471 4619 ab
484 4571 549 4620 hauc
594 4587 666 4620 urum
719 4575 751 4621 14
769 4571 921 4621 declinantur
973 4571 1004 4617 lh
1022 4569 1123 4617 iusticia
1176 4570 1206 4617 17
1225 4567 1416 4617 in¹¹¹membilia

148 4643 260 4694 intelle‘⁰
314 4642 346 4689 ts
365 4650 392 4687 ut
410 4639 460 4687 lixo
513 4651 556 4689 aut
574 4642 605 4689 nb
623 4637 740 4705 adiectis}
760 4641 847 4688 eiectis
900 4640 931 4687 19
949 4634 999 4685 nui
1014 4636 1148 4700 participio
1201 4634 1248 4685 nui
1265 4634 1358 4686 similia
1417 4636 1452 4684 20

148 4714 233 4764 denna
252 4707 356 4771 callipio
423 4709 453 4754 21
475 4706 544 4755 elena
596 4711 630 4757 23
648 4706 728 4772 opica
780 4707 843 4755 nulio
874 4707 928 4754 ·2i
946 4705 977 4751 ab
996 4705 1036 4751 ruli
1056 4703 1137 4769 hortis
1189 4704 1223 4751 25
1241 4714 1296 4752 orto
1349 4703 1450 4751 iusticia

200 4791 313 4829 ueterum
401 4777 434 4822 30
452 4775 578 4823 snhlatiua
663 4779 696 4825 33
713 4777 809 4839 optimo
894 4775 927 4821 35
945 4772 1056 4819 cessuria
1112 4769 1243 4817 alexandri
1262 4787 1294 4820 ex
1313 4770 1449 4833 babylonia

150 4848 241 4898 elireto
312 4843 345 4890 36
363 4842 498 4904 capadotiu
566 4845 598 4891 37
617 4857 690 4904 syren
709 4843 783 4890 iudea
801 4841 888 4888 aratrin
