3382 5476
547 354 768 416 Hinnonino
785 363 1001 417 AVGVSTINO.
1312 378 1421 427 ccnln

214 552 271 611 His
293 553 452 611 addendus
472 553 580 612 tertius
601 554 686 613 locus
707 555 738 612 in
761 562 844 612 arte
870 569 1053 630 anonyma
1076 552 1266 613 Beruensi
1284 555 1351 614 eod.
1372 560 1426 612 123

126 653 154 726 s.
182 660 262 727 ιη’,
292 656 381 714 leuius
408 656 481 713 libri
501 672 536 730 p.
561 661 631 721 136,
657 661 693 713 12
718 663 870 728 sanatus,
901 673 986 730 quem
1013 662 1044 715 et
1065 657 1161 731 ipsum
1183 656 1300 717 Ileilius
1321 658 1342 715 l.
1365 657 1426 716 l.e
1468 726 1471 733 ¹

129 758 233 816 codice
256 757 474 831 dombernensi
493 756 597 826 edidit,
620 763 649 815 et
670 764 808 833 quartus,
831 774 917 831 quem
937 758 1047 817 ibidem
1063 759 1181 818 Keilius
1201 775 1218 816 e
1239 759 1344 818 codice
1366 760 1424 817 Va-

129 859 293 918 lentiniano
322 859 359 917 M
380 865 406 916 7.
431 865 449 916 3
473 859 591 933 publici
615 860 691 917 iuris
714 856 801 930 feeit.
846 858 936 918 IIunc
963 861 1072 933 initur,
1101 862 1172 934 quia
1194 861 1290 920 Keilii
1308 860 1443 919 libellus·

128 948 236 1020 uerear
258 968 290 1020 ut
312 963 343 1019 in
367 963 497 1020 omnium
520 963 654 1020 uirorum
677 962 834 1022 doctorum
855 977 964 1022 manus
987 964 1150 1036 peruenire
1168 963 1314 1042 potuerit,
1337 960 1425 1035 infru

128 1068 280 1137 repetam:

213 1162 420 1241 Paperinas
448 1162 533 1234 dicit,
563 1163 641 1241 quod
671 1165 849 1242 ‘opimum’
874 1174 902 1225 et
925 1167 1121 1227 ‘niaximum’
1150 1184 1205 1245 per
1233 1165 1304 1226 nin
1328 1164 1423 1225 media

130 1264 239 1344 syllaba
263 1264 471 1325 scribebantur
494 1265 571 1347 apnd
595 1276 729 1327 notares:
752 1267 803 1327 sed
828 1284 933 1327 sonum
957 1270 967 1328 i
990 1267 1140 1329 habebant
1163 1265 1317 1343 (habebat,
1340 1284 1423 1328 corr.

129 1367 272 1444 Keilius)3
296 1366 362 1425 idco
386 1367 393 1424 i
416 1366 557 1428 scribitur
579 1369 609 1429 in
626 1368 672 1428 lais
687 1368 865 1429 nonnnilrns
911 1371 947 1430 Vt
969 1372 1033 1446 inse
1049 1369 1135 1430 dicit:
1160 1368 1170 1429 Ι
1194 1368 1291 1429 littora
1313 1370 1343 1428 in
1359 1367 1424 1429 loco

131 1487 148 1528 n
172 1469 287 1529 litterae
312 1471 416 1544 posita,
440 1471 517 1532 sicut
533 1472 703 1549 ‘optimum'
727 1479 756 1530 et
778 1473 963 1532 ‘maximum'
987 1471 1122 1538 dicimus,
1145 1490 1220 1551 quac
1236 1472 1324 1549 (quia,
1340 1489 1423 1534 corr.

130 1570 255 1645 Keilius)
279 1572 391 1648 antiqui
415 1573 592 1651 ‘optumam’
617 1574 811 1633 ‘maxumam’
834 1572 980 1635 (licebant.

213 1674 275 1733 Sed
295 1676 398 1732 rtltima
421 1675 515 1734 uerba
531 1682 679 1750 corrupta
693 1684 779 1736 sunt:
801 1692 872 1735 num
886 1677 1080 1737 scribendum
1095 1671 1258 1738 secundum
1274 1694 1320 1746 eu,
1344 1694 1424 1752 quae

128 1783 367 1836 antecesserunt:
396 1793 476 1850 quae
503 1779 623 1851 antiqui
648 1777 825 1852 ‘optumum'
856 1778 1055 1838 ‘mwumam’
1089 1779 1324 1853 scribebant,
1358 1781 1423 1839 sed

129 1878 340 1954 ‘optimum'
371 1877 601 1938 ‘inanimum'
630 1879 779 1939 dicebant.
828 1878 873 1939 Iis
900 1897 989 1952 uero,
1021 1896 1099 1955 quac
1125 1882 1164 1939 de
1191 1883 1247 1941 isto
1270 1881 1423 1956 Paperino

128 1983 246 2041 Ileilius
267 1982 445 2055 disputarit,
469 1997 530 2040 non
552 1979 647 2042 babeo
669 1983 752 2055 quod
773 1982 902 2054 addam,
928 1984 988 2042 nisi
1007 1983 1079 2055 boe,
1104 1984 1204 2042 uirum
1222 1985 1422 2058 praestantis-

127 2085 231 2142 simum
251 2083 387 2156 sortasse
408 2083 608 2154 confidentius
629 2083 765 2143 debuisse
785 2085 975 2157 contendere,
999 2086 1126 2144 eundem
1147 2101 1210 2145 esse
1231 2085 1378 2148 bominem
1393 2091 1423 2144 et

128 2185 310 2260 Peperinum
334 2191 467 2243 nostrum
489 2193 517 2243 et
539 2184 749 2261 Papirianum,
773 2202 814 2244 ex
827 2187 913 2245 cuius
928 2185 1150 2264 ortboqrapbiu
1170 2195 1319 2263 excerpta
1341 2189 1424 2248 dedit

128 2288 333 2347 Cassiodorus.
380 2286 458 2344 Nam
480 2304 540 2346 nort
563 2288 703 2359 uulneris
724 2288 884 2346 doctrinae
910 2295 997 2360 sunt,
1026 2305 1105 2362 quae
1132 2289 1282 2365 Peperine·
1305 2291 1424 2350 nomine

127 2389 399 2462 circumferuntur,
421 2391 602 2463 praesertim
624 2405 703 2463 quae
724 2390 762 2448 de
783 2387 981 2465 circumflexo
1002 2398 1128 2451 accentu
1148 2399 1178 2450 et
1199 2392 1237 2450 de
1258 2393 1422 2467 ‘optumus’

124 2491 231 2565 somna
254 2508 273 2549 a
296 2491 449 2551 ueteribus
471 2499 621 2566 usurpata
643 2492 726 2550 dicta
748 2497 817 2550 sunt
837 2507 892 2551 nec
914 2508 973 2551 non
997 2509 1077 2566 quae
1103 2493 1141 2551 de
1161 2494 1313 2553 nominum
1332 2499 1423 2568 utque

124 2595 362 2669 participiorum
385 2594 558 2668 differattia
580 2593 729 2653 subtiliter
751 2593 928 2668 disputanti.
973 2593 1093 2669 Neque,
1123 2601 1156 2653 nt
1183 2596 1222 2654 de
1238 2595 1347 2654 crebra
1370 2610 1421 2654 no

127 2697 238 2754 utinum
260 2696 459 2754 inmutatione
479 2694 677 2754 librariorum
693 2696 882 2770 nealcaentia
904 2699 953 2755 uel
966 2702 1132 2770 temporum
1147 2712 1231 2756 more
1239 2702 1430 2772 permeata.

128 2803 262 2870 taceam,
291 2798 404 2856 natilius
430 2797 489 2856 bac
516 2799 548 2856 in
583 2813 677 2857 cansa
710 2800 851 2857 momenti
875 2815 939 2858 esse
966 2798 1104 2870 uidetur,
1141 2799 1224 2873 quod
1248 2800 1280 2858 in
1307 2799 1424 2872 aliquot
1468 2806 1475 2819 ·

127 2895 284 2957 Prisciani
297 2899 451 2959 codicibus
466 2898 484 2957 I
494 2916 528 2974 p.
544 2905 591 2973 31,
610 2905 628 2956 2
644 2899 806 2974 Papiniani
818 2916 924 2960 nomen
940 2900 1152 2976 ‘papemanus’
1167 2903 1313 2976 seriptum
1328 2906 1379 2959 est.
1388 2896 1422 2979 *)

212 3035 433 3112 Hieronymi
459 3037 579 3095 nomine
601 3038 799 3111 praescripto
832 3038 892 3097 duo
918 3043 1026 3097 extant
1053 3038 1116 3097 Ioci
1137 3035 1167 3109 f.
1196 3042 1231 3095 9⁰
1257 3045 1287 3096 et
1311 3035 1339 3109 f.
1369 3032 1422 3095 27⁶

130 3135 182 3207 (de
203 3137 380 3211 aduerbio).·

213 3238 232 3297 i.
256 3235 295 3297 9⁸
324 3238 405 3298 Vnde
433 3237 570 3299 accidunt
596 3239 761 3301 accidentia
790 3238 924 3321 partibas
953 3242 1116 3301 orationis?
1153 3240 1218 3302 Non
1242 3260 1278 3300 ex
1300 3240 1421 3318 ingenio

126 3339 267 3418 sapientis
290 3339 427 3410 hominis,
450 3340 501 3400 sea
524 3341 555 3401 in
578 3349 683 3402 natura
703 3343 829 3420 partium
851 3351 938 3421 atque
961 3352 1165 3403 creaturarum
1180 3348 1259 3411 sunt,
1283 3349 1315 3401 nt
1336 3339 1420 3401 Hie·

129 3459 304 3521 ronymus
333 3441 419 3504 dicit:
456 3441 625 3503 incidentia
654 3444 888 3520 uniuscuiusque
922 3445 1016 3523 partis
1044 3462 1102 3505 non
1131 3445 1317 3505 extrinsecus
1344 3443 1421 3502 aeci·

128 3532 209 3612 dunt,
233 3543 481 3623 quemadmodum
505 3544 597 3606 labris
620 3554 649 3604 et
671 3545 763 3623 lrigns
785 3546 909 3614 homini,
932 3564 1009 3625 qaae
1025 3547 1210 3607 extrinsecas
1233 3543 1369 3606 accidunt
1392 3554 1421 3605 et

102 3664 218 3722 naneae
242 3644 401 3719 recedant,
438 3647 489 3706 sed
519 3644 670 3726 plenitudo
694 3657 724 3708 et
744 3649 890 3728 perfectio
921 3650 1154 3727 uniuscuiusque
1177 3649 1271 3727 partis
1293 3665 1347 3727 per
1368 3662 1421 3706 sua

129 3747 291 3808 accidentia
308 3746 489 3825 intellegitur
508 3758 595 3827 atque
611 3747 784 3809 dinoscitur.
820 3749 1000 3811 Nonnulli
1024 3769 1097 3811 aero
1120 3757 1232 3829 putam,
1249 3748 1328 3828 quod
1343 3749 1421 3809 acci·

129 3848 227 3910 ‹lentia
252 3851 378 3929 partiunt
402 3852 546 3910 orationis
567 3852 753 3911 extrinsecas
774 3851 927 3920 accidunt,
956 3850 1007 3912 sed
1030 3852 1172 3914 Iallnntnr
1195 3851 1250 3911 hoc
1273 3850 1419 3932 putando:

129 3969 195 4011 nana
226 3953 344 4013 nomina
373 3952 569 4012 accidentium
598 3961 628 4013 et
655 3960 815 4032 potestates
845 3956 973 4034 partium
1003 3953 1080 4015 idern
1104 3953 1246 4033 coliigunt
1268 3956 1420 4032 insepara-

129 4052 235 4115 biliter.

133 4174 357 4182 *—

194 4245 210 4291 2
228 4242 311 4305 adque
363 4242 529 4305 lieronymus
597 4240 837 4307 3accitlentin1rf.
857 4244 1013 4308 Anatolium
1030 4245 1056 4293 in
1074 4252 1132 4294 arte
1150 4259 1276 4308 mauyma
1293 4242 1422 4294 Beruensi

126 4326 152 4373 p.
171 4312 214 4384 til,
233 4314 266 4358 26
283 4326 337 4377 seq.
441 4311 559 4373 (indque
576 4310 732 4376 denoscitur,
751 4327 819 4361 corr.
838 4312 894 4361 din·
963 4329 989 4375 q,
1006 4312 1160 4376 accidentia,
1179 4328 1248 4369 corr.
1267 4313 1336 4375 qaod
1404 4313 1421 4362 8

127 4385 258 4478 colliggnot

194 4582 221 4644 ³¹)
242 4586 287 4633 An
300 4585 424 4648 l’aperini
440 4587 520 4635 locum
535 4585 557 4647 s.
567 4588 598 4632 5⁸
617 4593 765 4649 excerptum
779 4586 871 4636 Petrus
884 4587 977 4636 Dnubl
992 4586 1056 4637 Itoec
1072 4587 1181 4651 maruini
1197 4587 1350 4651 maniarii:
1367 4587 1419 4634 ‘An

126 4664 164 4699 ost
186 4653 229 4712 qni
256 4653 333 4715 nnlgo
356 4651 474 4717 Paapirins
497 4651 692 4702 Praetextatus?
729 4654 790 4702 Mihi
816 4671 878 4703 sarae
906 4654 1025 4704 trislatus)
1062 4653 1148 4715 Quinti
1168 4656 1296 4705 cubadum
1318 4654 1422 4718 Papirii

122 4719 291 4783 fraumentum
309 4736 390 4782 nuper
407 4738 443 4770 aa
460 4721 547 4770 codiee
569 4720 695 4770 Vaticana
714 4723 771 4774 Pal.
793 4726 861 4772 1753
878 4739 946 4774 aneo.
967 4722 1012 4771 IX
1033 4725 1114 4773 denuo
1138 4725 1217 4773 edidit
1241 4723 1420 4773 Wianannson

125 4788 284 4905 mundilam
304 4788 408 4837 XXIII
424 4806 451 4853 p.
472 4791 530 4837 401.
567 4789 605 4837 ne
631 4789 732 4853 Papirii
754 4792 873 4854 amalario
896 4792 931 4853 rs.
949 4807 1029 4856 srtprn
1047 4791 1132 4854 praefi
1151 4794 1236 4855 partia
1255 4790 1306 4838 III
1322 4790 1419 4840 sect!
1530 4824 1534 4831 ι

125 4871 152 4922 p.
238 4890 242 4901 .
