3382 5476
552 369 591 419 ru
609 369 694 420 uon.
713 368 838 419 aaran
858 369 1036 420 aaronem.
1379 367 1442 433 223

147 563 248 618 autem
277 555 356 635 quod
385 556 503 616 uocales
530 563 633 635 aperto
661 574 713 615 ore
741 557 981 634 pronuntiamus,
1014 575 1072 617 non
1095 557 1205 619 iunctis
1233 556 1339 627 labris,
1368 559 1446 619 sicut

147 666 355 719 consonantes.
401 658 469 718 Per
497 676 534 719 se
562 655 757 736 syllabam,
786 656 900 718 scilicet
932 659 997 717 sine
1028 657 1173 717 adiutorio
1206 659 1540 721 consonantiurn.ssr,11

147 757 237 820 Verbi
260 761 352 836 gratia
377 776 443 820 amo
466 776 480 818 a
504 756 613 836 syllaba
637 767 696 828 est,
721 760 797 818 sicut
820 756 856 818 de
879 757 1013 835 reliquis.
1043 757 1081 819 Et
1102 766 1170 819 sunt
1186 778 1312 820 numero
1328 759 1350 818 V
1366 758 1443 839 apud

147 861 283 930 Latinos,
308 858 383 939 apud
408 878 481 918 uero
504 861 634 919 Graecos
657 858 714 918 Vll.
760 858 986 929 Transeunt,
1009 858 1086 920 idest
1109 868 1305 921 consonantes
1328 878 1363 920 ex
1387 878 1440 919 uo·
1456 879 1501 925 ser,
1517 880 1541 917 n

120 960 262 1023 scalibus
284 963 365 1022 liunt.
411 961 671 1030 Gemiuautur,
695 961 770 1020 idest
792 961 880 1021 simul
902 967 1068 1040 ponuntur,
1100 980 1166 1021 curu
1189 963 1270 1022 auti
1294 961 1503 1040 pracceditam,
1518 981 1542 1018 ιι

147 1081 182 1132 ιι,
206 1071 239 1122 ut
261 1061 354 1132 liueo,
383 1071 432 1123 aut
456 1080 474 1121 u
498 1061 649 1139 [rraecedit
672 1064 698 1136 i,
722 1071 754 1122 ut
776 1064 871 1141 uirgo.
916 1063 1041 1130 Vates,
1075 1062 1183 1122 dicitur
1205 1063 1350 1142 propbeta
1373 1082 1389 1123 a
1413 1064 1443 1123 ui

146 1165 263 1224 mentis.
311 1163 371 1223 liae
394 1162 469 1223 duae
493 1165 502 1221 i
524 1173 553 1223 et
577 1181 595 1222 u
617 1181 677 1224 non
700 1163 795 1224 solum
820 1172 974 1225 transeunt
995 1165 1255 1234 inconsonantes,
1279 1162 1330 1225 sed
1355 1165 1443 1224 etiam

148 1265 264 1326 mediae
286 1264 425 1326 dicuntur
447 1263 525 1324 idest
547 1264 676 1325 medium
692 1282 798 1325 sonum
814 1264 968 1326 babentes.
1007 1264 1044 1326 ln
1066 1264 1286 1345 quibusdam
1311 1264 1442 1324 dictio·
1457 1285 1501 1334 sor,
1515 1287 1540 1324 ιι

148 1365 273 1438 nibus,
303 1367 381 1427 idest
410 1365 552 1444 partibus.
600 1365 836 1445 Expressum,
868 1367 944 1428 idest
964 1385 1073 1446 purum
1097 1366 1145 1426 uel
1169 1365 1313 1443 liquidum
1336 1384 1441 1427 sonum
1455 1387 1539 1434 eoam

109 1490 135 1530 ιο
149 1486 209 1528 uon
237 1466 362 1535 babent,
401 1470 470 1546 quia
500 1469 614 1527 mixtim
642 1476 758 1528 sonant.
808 1468 880 1529 Nam
910 1471 940 1528 iu
968 1486 1042 1528 sono
1071 1485 1136 1526 sese
1164 1468 1359 1528 conlundunt.
1404 1468 1446 1528 Vt

148 1572 217 1631 uir.
263 1569 324 1629 lloc
354 1569 419 1629 loco
448 1587 553 1629 sonum
577 1587 593 1647 y
616 1568 748 1629 Graecae
772 1570 890 1631 uidetur
913 1569 1024 1631 babere
1046 1578 1076 1629 et
1104 1569 1171 1629 ideo
1200 1587 1308 1648 purum
1338 1587 1445 1629 sonum

148 1689 209 1732 non
232 1669 329 1736 babet,
354 1669 402 1729 uel
425 1671 513 1731 etiam
536 1671 681 1730 ‘intimus’
704 1689 796 1730 sonus
818 1670 934 1739 dicitur,
958 1672 1025 1750 quia
1049 1673 1227 1731 commixtus
1250 1671 1369 1730 uidetur
1385 1673 1445 1730 exi

148 1781 178 1834 et
200 1790 235 1841 u,
259 1773 343 1851 quasi
366 1773 400 1831 sit
424 1791 443 1832 u
467 1791 502 1831 ex
526 1789 583 1831 uua
605 1779 690 1850 parte
715 1782 745 1831 et
762 1773 770 1831 i
787 1790 821 1832 er
845 1772 953 1841 altera,
978 1780 1011 1833 ut
1032 1791 1066 1833 ex
1091 1772 1148 1833 illis
1170 1791 1247 1833 tinus
1269 1789 1361 1833 sonus
1384 1771 1441 1832 ior·

149 1882 257 1947 metur,
287 1875 336 1953 qui
360 1875 481 1933 intimus
503 1872 581 1932 idest
603 1871 717 1932 medius
739 1872 913 1953 appellatur,
941 1876 1008 1951 quia
1033 1891 1088 1934 nec
1115 1875 1154 1934 ita
1182 1891 1257 1953 pure
1285 1883 1383 1942 sonat,
1413 1882 1446 1934 ut

110 1975 245 2041 usolum
269 1992 286 2033 u
310 1983 360 2034 aut
387 1972 482 2035 solum
511 1975 535 2042 i,
566 1974 643 2034 undo
673 1984 702 2033 et
729 1993 821 2036 sonus
848 1994 867 2036 u
897 1975 1050 2036 contundit
1075 1993 1181 2035 sonum
1205 1976 1223 2035 i.
1268 1974 1444 2054 Optimus.

149 2077 182 2137 ln
207 2077 263 2137 boc
285 2077 374 2136 atiani
398 2094 489 2135 sonus
512 2077 521 2133 i
544 2077 699 2135 conlundit
721 2095 749 2135 u.
795 2078 915 2157 Antiqui
945 2079 1022 2137 enim
1046 2085 1185 2156 optumus
1206 2094 1361 2154 pessumus
1383 2095 1445 2137 ma·

149 2197 256 2240 numus
279 2175 450 2237 scribebant
472 2188 501 2236 et
523 2193 627 2237 sonum
644 2180 695 2258 qrri
711 2187 776 2238 erat
792 2181 869 2239 inter
886 2196 903 2238 u
921 2187 951 2238 et
965 2180 974 2237 i
989 2175 1193 2258 proterebant.
1238 2177 1323 2238 Nunc
1345 2187 1445 2239 autem

149 2280 223 2340 baec
245 2297 300 2359 per
323 2280 330 2338 i
353 2277 525 2338 scribuntur
547 2287 636 2358 atque
659 2281 862 2358 proferuntur.
900 2279 978 2359 Ergo
1001 2279 1058 2339 boc
1082 2280 1250 2357 exemplum
1266 2279 1370 2341 llonati
1387 2280 1445 2339 iam

149 2400 205 2461 pro
230 2380 320 2440 nihilo
343 2379 478 2440 babetur.
524 2380 635 2440 Extra
658 2399 762 2460 quam
786 2382 953 2450 lormam,
982 2381 1058 2441 idest
1080 2380 1252 2459 qualitatem
1276 2389 1306 2442 ct
1328 2379 1541 2453 babitu-amm

110 2509 136 2549 ao
150 2484 265 2551 dinem,
289 2484 319 2541 in
342 2500 398 2560 qua
423 2482 552 2543 medium
576 2501 681 2543 sormm
706 2484 801 2544 babet
848 2480 861 2564 ll
881 2480 940 2545 146
957 2482 969 2565 ΙΙ
994 2480 1070 2552 Ouid
1087 2491 1131 2543 est
1154 2483 1191 2543 u?
1215 2483 1280 2543 Non
1295 2490 1342 2543 est
1357 2500 1444 2543 uoca-

149 2585 200 2654 lis,
224 2586 292 2664 quia
316 2585 381 2643 eius
402 2584 563 2662 potentiam
588 2602 645 2645 non
676 2584 779 2654 babet,
816 2583 894 2644 idest
921 2603 976 2645 nec
1006 2584 1065 2646 duo
1095 2593 1229 2664 tempora
1258 2582 1362 2654 babet,
1397 2592 1447 2644 aut

151 2705 257 2753 unum;
287 2684 365 2762 qrrod
396 2686 532 2761 congruit
560 2684 721 2746 runcalibus.
766 2685 937 2747 consonans
965 2695 1062 2746 autem
1092 2707 1150 2747 uon
1181 2695 1225 2747 est
1247 2685 1446 2765 praecedente

150 2787 240 2848 altera
271 2782 463 2846 consonante.
509 2788 606 2857 Quare
635 2805 706 2866 ergo
734 2785 891 2848 scribitur?
936 2788 971 2847 l't
993 2788 1158 2867 pleniorem
1188 2788 1292 2848 reddat
1315 2787 1446 2868 syllabae

150 2908 266 2951 sonum.
312 2889 462 2966 [ligomma
487 2887 584 2948 littera
608 2898 652 2949 est
671 2889 748 2969 apud
765 2890 893 2951 Graecos
916 2890 1031 2951 ‹litabus
1052 2893 1176 2968 gummis
1199 2899 1347 2960 constans,
1371 2890 1447 2950 idest

112 3010 185 3056 mex
211 2989 326 3051 duabus
348 2988 465 3060 litteris,
491 3010 546 3050 urm
571 2989 710 3052 uidelicet
732 3010 822 3071 super
844 2991 966 3055 alteram
989 2995 1101 3073 posita,
1125 3010 1201 3072 qttae
1224 2999 1282 3052 tarn
1307 2994 1446 3070 pinguem

151 3111 258 3154 sonum
281 3091 379 3153 reddit
401 3093 476 3171 apud
501 3095 642 3163 Graecus,
667 3112 754 3172 quarn
778 3101 808 3157 et
831 3113 849 3154 u
872 3112 1040 3157 consonans
1063 3094 1141 3175 apud
1164 3094 1293 3154 Latinos.
1338 3093 1446 3171 Figura

149 3197 249 3272 itaque
281 3194 359 3255 illius
391 3194 539 3271 ‹ligamma
576 3204 708 3257 uocatur.
753 3196 887 3257 Potestas
915 3216 989 3258 noro
1016 3196 1150 3258 eiusrlcm
1180 3214 1236 3257 uau
1268 3197 1446 3264 nominatur,

151 3315 239 3376 quam
262 3296 440 3374 accipientes
464 3296 557 3357 latini
581 3305 745 3376 posuerunt
767 3316 857 3377 super
881 3317 899 3357 n
923 3309 1152 3368 consonantem,
1183 3307 1212 3357 et
1240 3297 1310 3356 lacit
1333 3315 1352 3355 u
1375 3314 1446 3356 cou-

150 3416 260 3461 sonaus
281 3397 359 3477 apud
383 3417 450 3468 nos,
474 3398 553 3476 qrrod
569 3398 714 3477 digamma
730 3399 806 3478 apud
823 3398 967 3468 Graecos,
992 3400 1093 3460 etboc
1109 3396 1245 3477 estquod
1261 3400 1316 3457 ait:
1341 3397 1443 3464 buic,
1457 3427 1502 3467 ³⁶7,
1518 3428 1542 3465 ,ι

114 3501 265 3564 aoscilieet
286 3518 304 3560 u
327 3503 517 3569 consonanti,
552 3498 650 3562 solet
676 3500 856 3580 digamma
886 3499 1040 3571 ascribi,
1074 3500 1151 3561 idest
1185 3501 1342 3577 assignari,
1376 3500 1446 3576 quia

153 3605 218 3665 cius
239 3611 415 3682 potestatem
439 3601 527 3664 babet
549 3606 579 3663 in
601 3601 659 3662 boc
681 3602 756 3663 loco.
801 3603 844 3662 vt
866 3621 997 3664 seruus
1020 3601 1157 3681 uulgus.
1203 3601 1315 3663 Seruus
1337 3598 1541 3673 dicitursed·

154 3703 357 3766 aaaruando:
379 3705 441 3782 ipse
465 3706 581 3781 estqui
605 3706 635 3766 in
658 3703 737 3766 bello
759 3712 862 3785 captus
884 3713 1021 3767 seruatur
1044 3704 1079 3765 ad
1103 3706 1203 3764 uitam.
1242 3700 1352 3780 Vulgus
1374 3700 1445 3760 dici·

154 3815 204 3867 tur
224 3806 393 3885 promiscua
423 3806 594 3875 multitudo,
626 3809 710 3884 quasi
740 3807 891 3869 uoluntate
921 3826 1028 3887 uagus,
1058 3825 1093 3867 eo
1116 3805 1194 3884 quod
1223 3821 1300 3864 unus
1322 3802 1446 3881 quisque

154 3925 212 3985 prro
234 3907 383 3969 desiderat
410 3911 516 3988 pergit.
562 3909 678 3970 Nomi
708 3910 892 3980 litteram,
923 3912 1006 3987 ‹puasi
1035 3909 1165 3969 diceret:
1197 3904 1280 3966 multi
1307 3902 1446 3980 neganti

155 4095 380 4103 ——-—---——

221 4232 238 4280 8
262 4231 338 4280 Verbi
358 4233 439 4295 gratia
457 4247 515 4281 amo
534 4228 597 4299 ete}
622 4233 655 4282 In
678 4236 791 4298 margine
813 4236 939 4285 additum:
968 4244 1016 4294 ego
1036 4244 1048 4275 e
1067 4225 1183 4276 similiter
1204 4221 1302 4286 syllaba
1324 4231 1363 4270 est
1385 4269 1388 4274 ,
1429 4221 1447 4268 t

155 4311 245 4362 grecos
314 4302 506 4353 5cumautem
526 4302 551 4348 ·l·
620 4299 732 4366 bliueo]
752 4302 827 4363 limo,
845 4303 895 4350 aiei
911 4301 1031 4364 praefers
1050 4295 1126 4355 luno,
1150 4290 1305 4358 qarodapud
1320 4289 1446 4338 Donatum

154 4374 200 4416 eet.
273 4370 300 4416 ll
320 4382 334 4430 g
354 4383 429 4431 grece
499 4371 529 4417 13
548 4369 582 4417 sit
600 4384 632 4417 ιιιι
720 4373 752 4420 19
771 4370 863 4419 nichilo
949 4369 982 4416 23
999 4363 1112 4426 syllabae
1130 4354 1233 4422 sonum]
1254 4357 1336 4435 quta
1352 4357 1403 4404 tam
1420 4356 1446 4402 lu

154 4438 266 4498 margine
284 4436 413 4485 adduntur
430 4437 494 4485 haec
511 4439 720 4500 conglutianton's
736 4440 838 4502 forcipe
856 4437 945 4484 misere
968 4434 1095 4481 mutilata:
1123 4429 1188 4476 enim
1213 4425 1267 4473 loco
1291 4423 1334 4472 aba
1356 4436 1372 4469 u
1383 4457 1389 4470 .

156 4511 257 4551 uanum
276 4502 341 4552 ltabe
347 4541 455 4554 .......
461 4515 471 4553 ι
488 4504 558 4553 latini
576 4506 745 4557 scri....itur
763 4506 892 4570 digamma
979 4513 1024 4563 per
1042 4506 1069 4545 ιιι
1087 4494 1284 4570 signill...etur
1302 4490 1372 4570 guod
1390 4503 1445 4536 ems

154 4568 303 4634 dignm...
326 4581 477 4636 potestatem
497 4572 529 4620 lm
535 4610 608 4623 .....
615 4574 689 4622 aubi
710 4584 777 4621 esset
800 4585 942 4626 ....1mns,
961 4574 986 4616 et
1003 4569 1030 4614 tn
1052 4566 1164 4626 margine
1187 4561 1320 4639 insertum:
1351 4555 1446 4634 Repre-

155 4635 272 4688 beuditur
289 4638 331 4687 bic
349 4638 463 4688 Donatus
482 4655 497 4688 a
514 4641 666 4701 quibusdam
685 4656 764 4701 qnare
780 4640 928 4704 digammon
941 4634 1036 4682 dixerit
1046 4631 1123 4693 qrrasi
1139 4628 1278 4706 declinans,
1291 4639 1347 4673 cum
1362 4637 1447 4672 omum

155 4705 260 4756 numina
276 4705 415 4756 litterarum
434 4707 620 4757 indeclinabilia
639 4709 692 4756 sint
710 4718 761 4756 tam
779 4705 848 4772 apud
866 4716 957 4769 grecos
975 4713 1051 4762 quam
1070 4697 1140 4764 apud
1158 4696 1258 4745 latrrroa.
1276 4760 1281 4771 ι
1337 4692 1371 4739 et
1388 4704 1446 4753 gre-

155 4786 199 4823 cos
267 4775 301 4824 26
318 4789 408 4840 grecos
477 4777 509 4825 27
528 4776 666 4841 dggammo
734 4776 767 4824 29
784 4773 923 4838 dygnmma
991 4769 1025 4818 30
1042 4765 1180 4830 dpgamma
1191 4760 1293 4821 ascribi,
1305 4770 1445 4822 supeream:

155 4855 178 4892 a.
195 4841 265 4908 apud
282 4857 374 4911 mecca
442 4846 476 4894 34
493 4857 553 4894 uam
570 4847 596 4895 ·i·
611 4844 696 4894 littera
