3374 5446
486 397 595 448 PETRI
614 397 845 450 GRAMMATICI
864 395 1067 450 EXOERPTA.
1324 412 1421 460 XCVII

127 586 215 662 quod
235 587 336 644 altero
357 586 470 645 codicis
496 592 550 644 207
572 603 625 646 ars
647 602 806 661 0000000,
830 601 920 659 quoru
942 588 1109 646 multotiens
1134 602 1200 647 cum
1223 586 1309 645 Petri
1322 603 1422 661 prae-

127 690 227 763 ceptis
247 689 413 747 couseutire
437 704 532 763 supro
560 688 752 760 ostendimus,
780 704 879 763 poene
906 688 945 746 ab
972 689 1071 747 eodem
1100 690 1206 764 incipit
1234 696 1420 762 0000000010,

125 787 175 863 cs.
190 788 355 864 00001000
369 796 517 864 excerpta
531 806 627 865 supra
644 789 809 864 0.,11110
820 792 1039 864 proposuimus.
1085 791 1220 865 Denique
1241 793 1294 865 oui
1315 793 1345 849 in
1368 792 1422 849 illa

125 898 222 966 porte
243 892 437 951 nominantur
455 894 652 963 prommatici
673 893 856 964 Auaustinus
877 899 905 950 et
926 890 1102 951 Priscianus
1120 909 1152 967 p.
1180 899 1247 964 101,
1275 899 1300 950 2.
1327 900 1361 969 t,
1391 894 1421 949 in

128 993 257 1067 reliquis
282 1006 398 1066 000000
425 994 564 1067 opusculi
584 993 728 1068 partibus
755 993 952 1068 adhibentur,
981 992 1025 1064 cs.
1053 1010 1084 1069 p.
1116 1000 1183 1067 101,
1211 1001 1266 1061 11;
1300 999 1367 1057 105,
1394 999 1421 1052 3.

129 1093 230 1168 Atque
254 1095 333 1167 quod
355 1095 485 1166 Verpilii
503 1097 697 1168 orammotici
713 1097 749 1166 fit
769 1097 878 1154 mentio
900 1094 1015 1154 duobus
1036 1096 1109 1155 locis
1126 1113 1160 1170 p.
1187 1101 1255 1160 100,
1280 1101 1298 1152 3
1319 1101 1348 1153 01
1372 1100 1419 1166 21,

130 1196 258 1254 eandem
281 1196 440 1255 doctrinae
461 1198 561 1255 inanis
583 1198 709 1256 indolem
728 1213 809 1271 prae
830 1213 862 1255 se
879 1195 1002 1270 ferunt,
1035 1213 1111 1271 0000
1132 1198 1170 1255 de
1193 1197 1270 1270 ‘epo'
1293 1204 1321 1255 et
1342 1198 1422 1254 ‘met’

125 1299 357 1372 pronominibus
379 1297 462 1357 dicto
484 1306 553 1358 sunt
570 1315 605 1372 p.
632 1305 697 1369 105,
725 1305 771 1357 23.
817 1299 940 1372 170000,
972 1301 1114 1373 quonium
1141 1302 1172 1358 iu
1200 1300 1267 1358 eod.
1293 1305 1349 1355 207
1372 1313 1424 1356 ars

130 1400 230 1457 altera
257 1366 523 1475 anonyma⁸Pctri
550 1406 645 1458 artem
667 1402 850 1474 praecessit,
880 1401 1041 1468 librarius,
1065 1403 1229 1473 00100010
1250 1402 1360 1459 sudore
1382 1407 1424 1458 tot

70 1552 78 1565 .
130 1503 249 1577 scripta
270 1503 301 1560 iu
324 1503 415 1561 unius
436 1503 594 1561 uoluminis
611 1502 747 1573 sormam
769 1502 898 1577 redeoit,
922 1502 957 1561 ob
979 1503 1130 1574 quandam
1153 1505 1325 1576 00000000·
1343 1503 1423 1560 simi·

131 1602 287 1662 titudinem
321 1603 405 1662 Petri
432 1606 616 1678 prooemium
647 1605 885 1677 praetermisisse
917 1604 1046 1662 uidetur.
1099 1603 1208 1673 (tuales
1239 1620 1312 1662 uero
1345 1605 1424 1662 inter

131 1703 252 1764 Petrum
275 1712 304 1765 et
325 1704 440 1764 codicis
463 1711 520 1762 207
548 1712 643 1764 artem
672 1721 853 1782 0000000000
880 1706 1013 1764 rationes
1040 1706 1114 1764 milri
1139 1705 1302 1766 uideantur
1329 1707 1423 1764 iuter·

131 1807 249 1879 cedere,
273 1806 334 1864 iam
355 1823 452 1881 supro
474 1808 613 1867 indicaui
629 1825 663 1882 p.
688 1807 811 1866 XXVI.
834 1805 901 1867 XX
905 1808 976 1867 Vll.

702 2057 784 2121 One.
809 2057 854 2121 II.
1358 2090 1366 2112 7

165 2173 224 2239 DE
251 2174 381 2240 PETRI
410 2174 688 2241 GRAMMATICI
715 2174 929 2241 EONTIBVS
956 2175 1183 2241 DOCTRINA
1211 2175 1396 2242 AETATE.

217 2316 324 2376 Petrus
345 2318 440 2390 101100
460 2319 534 2376 siue·
546 2319 599 2392 001
614 2315 679 2388 suit
700 2319 764 2375 eius
786 2325 893 2376 auctor
914 2324 1003 2391 01000
1022 2315 1105 2391 sons,
1124 2323 1252 2391 praeter
1274 2317 1424 2377 Donatum

132 2424 162 2477 ct
182 2417 374 2478 Prisciouuru
403 2419 625 2492 Verpiliumque
648 2419 806 2478 Maronem
830 2426 920 2492 01000
950 2420 1148 2491 ,1000010000
1170 2415 1331 2491 Serpianis
1353 2434 1423 2492 000·

133 2522 243 2595 quein
266 2521 417 2581 Donatum
439 2523 661 2580 commentariis
683 2537 753 2580 usus
774 2528 823 2594 est,
847 2522 1019 2580 nominatim
1038 2537 1071 2595 p.
1091 2525 1155 2592 102,
1178 2527 1226 2588 10,·
1244 2536 1277 2594 p.
1304 2499 1423 2591 107,1,·

132 2613 252 2682 nornine
267 2639 375 2697 presso
395 2639 426 2697 p.
453 2628 525 2700 100,
552 2629 695 2690 10-20,
718 2622 762 2695 cs.
786 2623 873 2681 leuius
894 2621 965 2681 libri
979 2639 1015 2696 p.
1042 2629 1108 2689 101,
1137 2627 1276 2688 11-17,·
1300 2638 1333 2695 p.
1361 2627 1422 2695 171,

134 2730 181 2784 14.
208 2729 254 2790 10,
283 2724 326 2798 cs.
350 2723 486 2800 [Serpit]
507 2727 632 2800 explan.
649 2742 685 2800 p.
712 2729 782 2793 160,
810 2730 855 2782 11.
881 2725 978 2783 1511.
1025 2723 1188 2782 Praeterea
1217 2723 1424 2782 dominianum
1450 2709 1455 2721 '

131 2827 226 2902 ipsam
255 2827 398 2885 laudauit
415 2843 445 2900 p.
473 2832 542 2899 107,
570 2833 586 2885 0
615 2833 705 2900 01000
730 2826 858 2885 Probum
883 2843 915 2900 p.
945 2831 1014 2898 105,
1042 2831 1091 2896 10,
1122 2839 1303 2899 quamquam
1330 2823 1427 2882 Probi

131 2929 229 2988 locum
253 2944 312 2987 nou
335 2936 396 2985 tarn
418 2943 458 2986 ese
479 2928 554 3001 ipsis
575 2928 669 2988 Probi
689 2930 799 2988 ortium
822 2930 962 2987 institutis
980 2944 1012 3001 p.
1040 2932 1103 3002 131,
1128 2933 1165 2984 25
1188 2929 1243 2999 11.,
1273 2941 1362 2999 0000
1385 2944 1424 2985 ex

133 3030 275 3105 Pompeio
300 3048 333 3105 p.
358 3036 430 3104 200,
456 3034 500 3087 12.
526 3036 561 3087 25
584 3045 644 3102 seq.
675 3037 848 3105 excerptum
876 3046 939 3088 esse
967 3030 1038 3087 iude
1065 3027 1149 3100 effici
1174 3030 1308 3101 uidetur,
1344 3030 1426 3102 quod

131 3132 210 3191 artis
231 3132 366 3204 delinitio
384 3148 417 3205 p.
445 3137 511 3203 101,
539 3138 575 3188 25
596 3149 656 3205 000.
683 3134 805 3206 0001010
832 3147 976 3190 summam
1003 3130 1093 3189 ltabet
1119 3147 1185 3188 cum
1210 3130 1345 3204 Pompeii
1371 3147 1423 3188 00-

125 3234 296 3311 plicatione
317 3235 545 3300 similitudinem,
569 3232 612 3305 ef.
639 3233 740 3308 Pomp.
761 3250 793 3307 p.
818 3240 863 3308 05,
888 3239 963 3289 0-
978 3238 1024 3298 00,
1051 3233 1126 3291 111.

219 3336 302 3394 Alios
331 3351 403 3394 uero
431 3343 570 3394 auctores
597 3338 662 3409 ipse
689 3337 853 3410 inspexisse
869 3334 1027 3409 putandus
1048 3341 1105 3392 est:
1135 3349 1230 3407 00000
1257 3335 1335 3392 enim
1358 3350 1423 3393 eum

131 3439 309 3513 aradiorum
331 3438 497 3497 studiorum
525 3444 677 3512 expertem
702 3435 800 3508 fuisse
827 3453 866 3494 ex
894 3439 931 3495 iis
955 3443 1054 3510 potet,
1087 3452 1163 3508 0000
1186 3452 1220 3510 p.
1256 3442 1326 3503 101,
1351 3441 1369 3492 8
1396 3441 1424 3493 01

128 3556 164 3616 p.
202 3544 273 3606 tos,
303 3543 338 3595 20
371 3539 408 3596 010
437 3539 575 3610 sontibus
606 3541 668 3598 sais
701 3539 780 3597 dixit
813 3554 908 3611 00000
941 3538 1159 3597 contemnenda
1192 3540 1254 3597 uiri
1284 3538 1424 3597 doctrina

127 3658 162 3718 p.
190 3647 257 3711 102,
284 3645 319 3696 21
341 3642 381 3698 de
402 3641 593 3713 ‘semipeniis'
618 3643 665 3700 uel
681 3658 715 3715 p.
742 3646 814 3711 101,
843 3639 1142 3699 2000000000010
1162 3648 1321 3713 poetarum
1343 3655 1425 3698 more

130 3742 188 3814 uel,
211 3749 245 3802 ut
267 3742 330 3800 alia
352 3742 426 3801 bene
447 3745 586 3819 exposita
608 3752 733 3810 taceam,
756 3759 787 3817 p.
815 3747 882 3809 171,
909 3748 1005 3799 1-12
1026 3742 1064 3800 de
1081 3739 1342 3816 praepositionum
1358 3756 1423 3815 po-

129 3843 238 3904 sitione
265 3847 390 3917 apentis.
444 3843 577 3904 Ceterum
613 3862 673 3905 non
706 3847 879 3904 uniuersum
893 3844 984 3902 artis
1008 3846 1228 3916 arammaticae
1254 3844 1423 3908 circuitum,

129 3946 187 4006 sed
206 3946 406 4020 conpendium
429 3947 634 4006 tautummodo
656 3954 742 4005 tenue
764 3953 854 4020 01000
875 3947 1010 4018 anpustis
1029 3946 1141 4017 finibus
1162 3942 1424 4020 circumscriptum

130 4063 165 4107 se
185 4049 262 4107 uelle
283 4048 527 4123 conprehendere
548 4050 611 4122 ipsc
631 4050 705 4107 locis
726 4047 924 4122 conpluribus
945 4054 1068 4106 testatus
1089 4054 1142 4113 est,
1164 4045 1209 4118 cs.
1228 4064 1261 4121 p.
1290 4054 1353 4113 102,
1381 4053 1423 4104 11.

135 4154 188 4217 27;
214 4155 284 4221 103,
312 4156 364 4217 10;
390 4155 462 4221 101,
488 4157 524 4206 22
545 4160 573 4208 01
597 4156 668 4215 100,
694 4157 726 4214 0,
755 4166 813 4223 000
836 4151 953 4223 quidem
975 4151 1039 4207 loco
1060 4151 1134 4207 satis
1156 4150 1285 4207 modeste
1305 4150 1424 4221 reliquo

133 4249 318 4310 doctioribus
351 4252 530 4309 enarranda
562 4268 624 4310 sese
656 4253 833 4310 relicturum
861 4254 1033 4326 profitetur.
1088 4249 1207 4309 Duobus
1244 4267 1317 4308 uero
1349 4247 1424 4307 locis

128 4367 165 4426 p.
190 4358 261 4424 102,
289 4357 468 4426 2001103,
498 4360 531 4409 10
556 4356 704 4413 samnius
726 4353 909 4428 aliquanda,
939 4356 966 4412 si
992 4356 1054 4411 uita
1081 4369 1177 4410 comes
1194 4350 1307 4423 suerit,
1337 4352 1425 4422 idque

134 4452 261 4513 Domino
277 4455 443 4528 placuerit,
468 4455 557 4514 100οε
578 4457 666 4529 0000Ι
685 4457 920 4529 supplementum
945 4456 1156 4527 adpressurum
1179 4471 1242 4513 esse
1251 4454 1421 4528 pollicetur.

217 4555 255 4614 10
282 4554 443 4616 scribendo
469 4560 581 4632 passim
610 4559 702 4615 nimia
732 4560 854 4616 leuitate
880 4574 949 4616 usus
971 4564 1029 4625 est,
1052 4555 1095 4628 cs.
1117 4574 1148 4631 p.
1175 4563 1244 4632 103,
1271 4562 1315 4613 ts,
1343 4559 1374 4609 10
1395 4559 1425 4611 01

130 4672 166 4731 p.
184 4664 246 4722 165,
267 4664 302 4716 28
320 4659 523 4731 ‘praumatus'
537 4660 673 4718 uidentes
692 4691 726 4701 -
745 4675 802 4717 non
823 4665 938 4718 rectum
959 4660 1020 4718 illis
1041 4661 1136 4718 uisum
1159 4662 1230 4725 est’;
1253 4672 1347 4730 00000
1368 4655 1425 4715 boc

136 4757 282 4831 defendo,
305 4761 767 4835 000010.105,3Ρο1000“0000
795 4762 874 4819 male
895 4759 1045 4820 intellexit
1067 4762 1116 4819 uel
1137 4760 1274 4834 quotide
1297 4759 1374 4832 ‘epo’
1398 4764 1426 4816 et

138 4858 225 4920 ‘met’
244 4863 474 4939 pronominibus
495 4861 576 4922 mira
599 4864 747 4938 quaedam
771 4867 919 4924 ariolatus
940 4871 983 4923 est
1003 4881 1034 4937 p.
1063 4870 1127 4933 103,
1154 4868 1205 4927 23,·
1228 4862 1333 4920 sedin
1358 4865 1424 4921 uni·

185 4974 280 5019 (lun.
293 4978 446 5021 01080000.
1205 4980 1222 5029 g
