3382 5476
775 376 983 430 BERNENSIS.
1472 375 1531 440 123

320 564 353 625 ln
376 584 430 625 ons
453 573 525 643 quot
546 582 655 642 genera
682 566 891 625 inueniuntur?
935 565 998 625 Hoc
1027 575 1071 626 est
1099 567 1167 635 tria,
1197 564 1360 627 masculina
1388 564 1529 626 lemiuina

235 668 413 728 communia.
456 665 632 736 Mascnlina,
656 676 688 727 ut
710 666 758 726 hic
781 668 847 727 lons
870 666 958 727 sontis
980 666 1029 727 hic
1051 685 1137 727 mons
1153 663 1164 747 ΙΙ
1180 667 1200 726 l.
1224 663 1306 728 10812
1321 663 1335 748 ΙΙ
1351 668 1459 728 montis
1482 666 1529 726 hic

235 768 364 829 archoos
392 767 561 838 arclroutis3
590 769 782 837 femininum,
812 775 845 828 ιιι
866 768 939 828 haec
967 767 1050 829 irons
1078 770 1183 829 frontis
1206 779 1236 828 et
1258 767 1314 828 alio
1336 785 1426 829 sensu
1448 767 1530 829 irons

234 870 363 937 irondis;
387 887 542 930 commune
565 871 654 931 trium
678 887 836 948 generum,
861 877 893 929 ut
908 879 953 930 est
970 869 1018 931 hic
1041 878 1072 930 et
1093 870 1166 930 haec
1188 878 1217 930 et
1239 869 1295 931 hoc
1317 871 1420 931 insons
1440 869 1530 931 huius

209 973 370 1033 sinsontis

319 1072 352 1134 lu
374 1092 431 1133 uns
454 1089 544 1134 unum
567 1092 676 1135 nomen
705 1076 859 1154 proprium
889 1072 1083 1135 masculinum
1111 1075 1280 1143 inuenitur,
1308 1083 1341 1134 ut
1362 1073 1411 1134 hic
1434 1075 1530 1135 Aruns

234 1174 322 1235 huius
347 1174 475 1236 Aruntis.

319 1276 351 1335 ln
375 1294 430 1356 ops
452 1283 524 1356 quot
545 1295 655 1356 genera
677 1278 887 1338 inueniunturl
931 1276 1018 1346 Tria,
1046 1277 1104 1337 hoc
1132 1287 1177 1338 est
1199 1275 1364 1339 masculina
1388 1277 1529 1338 leminina

123 1397 127 1403 ’
234 1379 416 1446 commuuia;
446 1378 622 1449 masculina,
653 1388 685 1439 ut
706 1379 755 1439 hic
778 1377 902 1458 Cyclops
925 1378 1012 1440 liuius
1034 1377 1184 1458 metopio
1213 1379 1370 1448 feminina,
1401 1388 1433 1439 ut
1455 1379 1529 1440 haec

197 1498 221 1536 10
235 1498 289 1558 ops
311 1481 376 1557 opis
398 1482 451 1556 opi
472 1497 558 1558 opem
582 1499 635 1559 ops
658 1478 696 1540 ab
717 1498 791 1559 ope;
820 1481 988 1541 communia
1012 1482 1100 1541 trium
1123 1499 1282 1559 generum,
1308 1490 1340 1542 ιιι
1362 1489 1408 1541 est
1428 1480 1478 1540 hic
1500 1488 1530 1541 et

234 1581 308 1642 haec
330 1588 359 1641 et
381 1580 437 1641 hoc
466 1581 552 1661 inops
579 1581 669 1642 huius
696 1582 792 1659 inopis
820 1581 889 1641 huic
916 1582 997 1660 inopi
1026 1582 1106 1642 hunc
1129 1591 1158 1643 ct
1180 1583 1256 1643 hanc
1277 1585 1397 1662 inopem
1421 1590 1451 1642 et
1472 1580 1529 1640 hoc

234 1683 320 1763 inops
342 1699 360 1743 o
382 1686 468 1758 inops
490 1684 528 1743 ab
550 1684 607 1745 doc
628 1691 657 1743 et
679 1683 718 1743 ab
739 1685 798 1744 lenc
819 1689 848 1742 et
875 1683 914 1742 nd
941 1683 999 1744 troc
1025 1687 1114 1762 inope
1134 1693 1164 1744 et
1181 1687 1347 1760 pluraliter
1367 1685 1402 1743 tn·
1421 1690 1451 1743 et
1471 1683 1530 1743 nno

233 1788 338 1861 inopes
358 1794 387 1845 et
408 1785 483 1845 doec
505 1787 610 1860 inopia
631 1786 738 1846 doram
759 1792 789 1845 et
808 1787 918 1847 trorum
935 1793 964 1846 et
978 1787 1085 1847 domem
1107 1789 1229 1862 inopron
1250 1787 1296 1846 dis
1313 1787 1457 1863 inopibus
1477 1785 1530 1844 Iros

233 1895 262 1947 et
284 1887 340 1948 dos
360 1889 464 1962 inopes
486 1893 515 1946 et
535 1887 613 1948 nnec
633 1890 739 1963 inopia
761 1905 778 1946 o
800 1888 905 1967 inopes
928 1896 958 1947 et
980 1905 997 1946 ιι
1020 1888 1120 1965 inopia
1143 1885 1180 1948 ab
1203 1886 1250 1948 his
1271 1885 1421 1967 inopibus.

196 2005 220 2044 ιι
320 1988 353 2048 1η
380 2005 430 2048 ors
457 1996 530 2066 quot
557 2006 668 2065 genera
695 1989 907 2049 inueniuntur?
950 1989 1014 2049 Hoc
1042 1996 1086 2050 est
1112 1990 1185 2058 tria,
1215 1988 1392 2058 masculina,
1421 1995 1454 2047 ut
1481 1985 1529 2047 hic

233 2088 341 2149 cohors
362 2089 449 2149 huius
471 2087 617 2157 cohortis;
641 2090 796 2156 feminina,
821 2097 853 2149 ut
874 2089 948 2151 haec
970 2108 1036 2151 sors
1051 2088 1137 2151 huius
1152 2092 1241 2151 sortis
1256 2090 1330 2150 haec
1345 2106 1426 2150 mors
1440 2087 1530 2149 huius

189 2269 191 2272 Α
234 2190 351 2258 mortim
382 2207 539 2250 commune
568 2192 657 2253 trium
685 2209 843 2269 generum,
871 2199 904 2251 ut
925 2191 975 2252 hic
997 2199 1027 2253 et
1054 2191 1127 2253 haec
1151 2199 1180 2253 ct
1202 2191 1259 2252 hoc
1285 2207 1413 2251 concors
1440 2188 1529 2250 huius

233 2291 406 2360 concordis;
434 2293 477 2352 sic
499 2291 614 2353 discors
635 2292 783 2354 discordis
805 2311 913 2353 uecors
936 2292 1096 2364 uecordis,
1127 2291 1210 2354 Vnde
1232 2291 1392 2353 concordia
1414 2290 1528 2352 discor·

233 2392 280 2454 dia
303 2393 441 2453 uecordia
465 2393 641 2455 neutraliter
663 2392 771 2473 plurali
794 2411 919 2455 numero
942 2395 1083 2456 dicuntur
1099 2396 1282 2455 nominatiuo
1306 2400 1335 2454 et
1357 2394 1528 2455 accusatiuo
1580 2423 1584 2431 ·

193 2514 219 2554 ao
233 2503 263 2556 et
284 2497 434 2565 uocatiuo,
459 2514 534 2576 qnae
557 2505 655 2556 tamen
678 2497 797 2556 nomina
820 2502 849 2555 et
871 2493 957 2557 aliter
979 2495 1139 2575 singularia
1162 2479 1357 2557 inueniuntur
1379 2496 1411 2556 in
1431 2477 1527 2574 prima

232 2595 429 2658 declinatione
452 2597 595 2658 leminino
618 2614 739 2677 genere.

316 2698 349 2759 ln
373 2696 459 2769 urbs,
483 2707 515 2760 ut
538 2700 610 2760 haec
633 2697 706 2760 urbs
727 2698 815 2760 huius
837 2697 928 2760 urbis.

317 2798 350 2861 ln
373 2799 443 2870 ubs,
468 2809 500 2861 ut
522 2801 596 2862 haec
618 2798 695 2861 nubs
717 2800 805 2861 huius
827 2800 915 2862 nubis
937 2811 967 2863 et
988 2800 1103 2864 conubs
1124 2800 1260 2862 conubis.

315 2902 349 2962 ln
373 2905 395 2962 d
416 2901 475 2963 duo
498 2903 617 2964 nomina
640 2910 761 2972 neutra,
791 2901 870 2964 aliiid
894 2902 1029 2982 etquid,
1059 2911 1090 2964 et
1111 2921 1147 2963 ex
1170 2921 1205 2963 eo
1228 2903 1396 2982 conposita,
1421 2910 1454 2963 ut
1475 2901 1527 2962 ali·

193 3020 219 3061 as
232 3003 304 3082 quid
327 3003 424 3084 siquid
448 3005 573 3083 nequid,
596 3023 723 3083 quorum
746 3004 904 3083 genetiuus
925 3006 958 3065 in
973 3007 1019 3065 ius
1033 3006 1194 3084 profertur,
1217 3014 1250 3065 ut
1271 3003 1395 3064 alicuius
1416 3005 1528 3064 sicuius

232 3106 356 3166 necuius
379 3114 408 3165 et
430 3104 547 3166 datiuus
569 3107 600 3166 in
623 3108 633 3166 i
655 3104 743 3167 alicui
765 3109 844 3168 sicui
870 3108 966 3168 necui.
1012 3105 1122 3167 Omnes
1151 3106 1333 3167 Graecorum
1361 3104 1528 3166 doctissimi

231 3206 304 3267 haec
332 3209 453 3267 nomina
482 3225 548 3268 esse
577 3206 771 3287 conprobant.
817 3206 890 3269 item
913 3210 943 3268 in
966 3210 1023 3287 ud,
1052 3217 1086 3270 ut
1107 3207 1210 3286 Bogud
1234 3206 1394 3267 barbarum
1417 3225 1527 3268 nomen

231 3310 311 3387 regis
326 3310 506 3370 Maurorum.
538 3307 610 3369 item
626 3309 762 3389 Pudpud,
787 3309 888 3389 oppidi
911 3326 1020 3370 nomen
1043 3317 1103 3370 csta
1127 3309 1198 3370 hinc
1219 3309 1363 3370 Liuius:
1387 3309 1526 3387 etipse

231 3412 333 3472 circa
357 3409 511 3488 Pudpud
535 3428 632 3471 oram
657 3409 844 3472 tuebatur.

192 3526 218 3568 oo
315 3511 387 3572 item
410 3514 441 3573 in
463 3520 490 3586 t,
516 3519 548 3572 ιιι
570 3520 659 3592 caput
681 3513 786 3590 capitis
809 3520 839 3571 et
861 3530 896 3571 ex
919 3530 955 3572 eo
978 3514 1147 3592 conposita,
1171 3520 1205 3573 ut
1226 3513 1359 3590 sinciput
1380 3510 1527 3589 sincipitis

231 3596 261 3674 et
282 3615 402 3692 occiput
423 3615 567 3692 occipitis.
605 3612 677 3674 item
694 3614 789 3691 Nepet
812 3631 919 3674 nomen
943 3611 1044 3692 oppidi
1066 3613 1175 3682 italici,
1198 3622 1228 3674 et
1247 3615 1291 3691 git
1305 3610 1525 3692 indeclinabile,

231 3714 267 3776 de
296 3732 355 3792 qno
383 3716 504 3776 nomine
530 3717 560 3777 in
588 3716 712 3777 Hisaia
739 3713 863 3793 legitur:
910 3716 1087 3792 numquid
1114 3717 1150 3776 in
1178 3717 1298 3777 serris
1327 3713 1526 3776 triturabi-

230 3823 292 3877 tur
314 3817 376 3895 git.

315 3917 348 3978 ln
370 3935 417 3979 am
440 3936 532 3979 unum
562 3937 669 3980 nomen
697 3937 856 3980 commune
885 3920 975 3979 tn’um
1003 3937 1148 3998 generum
1171 3921 1326 3981 inuenitur
1348 3937 1401 3999 per
1423 3935 1527 3978 omnes

191 4031 218 4072 ³⁶
231 4037 318 4081 casus
338 4027 533 4099 monoptoton
556 4021 711 4098 utriusque
734 4023 867 4088 numeri,
890 4022 942 4082 sed
965 4024 1099 4083 uariatur
1121 4024 1152 4082 iu
1168 4040 1273 4090 sensu,
1297 4029 1329 4082 ut
1345 4021 1393 4081 hic
1409 4019 1527 4080 ethaeo

230 4129 261 4182 et
281 4120 339 4181 hoc
360 4139 489 4201 nequam
512 4122 600 4183 huius
622 4140 750 4203 nequam
773 4123 854 4185 ethi
877 4141 1005 4202 nequam
1028 4131 1058 4184 et
1079 4130 1186 4184 cetera.

298 4376 400 4439 lquod
451 4387 505 4426 tren
574 4376 755 4428 diemininum
775 4387 802 4427 ut
819 4376 861 4427 hic
912 4391 1016 4427 sensum
1084 4375 1189 4438 Squod
1238 4384 1293 4425 tren
1361 4375 1493 4440 9ciclops

230 4442 334 4509 ciclopis
422 4445 529 4509 inopis
549 4459 624 4510 opem
643 4445 689 4495 obs
792 4447 823 4494 11
842 4444 901 4494 hinc
918 4455 944 4495 et
960 4444 1027 4493 hanc
1044 4444 1146 4510 inopem
1165 4453 1189 4493 et
1206 4443 1282 4494 huius
1305 4444 1381 4510 inops
1401 4458 1416 4493 ο
1434 4444 1526 4508 inopes

229 4512 433 4563 mediisomisaia
520 4513 638 4574 eoquod
708 4513 757 4562 hoc
774 4522 827 4562 tren
914 4512 1058 4563 rocconis
1132 4513 1165 4563 18
1181 4512 1256 4562 Vnde
1274 4508 1422 4579 concordia]
1443 4512 1478 4560 Vt
1494 4510 1527 4560 de

230 4580 316 4628 cordio
384 4582 460 4631 unet
479 4582 597 4630 uocatiuo
615 4582 802 4642 dicunturque
820 4590 903 4630 nmen
981 4581 1013 4629 22
1031 4581 1056 4629 in
1076 4596 1119 4629 urs
1138 4590 1165 4629 ut
1182 4579 1244 4630 hooc
1263 4596 1306 4630 urs
1379 4582 1413 4629 24
1430 4582 1455 4627 in
1473 4578 1526 4627 dno

264 4646 360 4707 aliquid
379 4658 403 4696 et
421 4648 483 4709 quid
500 4648 591 4710 sequid
659 4649 694 4699 26
710 4648 787 4697 nlicui
806 4649 879 4697 necui
899 4662 987 4697 omnes
1063 4645 1179 4713 ecorum]
1199 4649 1233 4711 cf.
1253 4651 1285 4698 de
1303 4650 1422 4699 hocloco
1440 4647 1526 4699 Prisc.

229 4712 290 4778 lp.
309 4717 371 4778 213,
392 4719 479 4780 laeq.
548 4718 581 4766 21
600 4717 659 4766 item
677 4717 702 4764 in
721 4714 806 4781 bogud
875 4716 908 4766 28
926 4715 1035 4781 Pudpud
1068 4717 1102 4779 cf.
1120 4717 1205 4767 Prisc.
1225 4716 1240 4764 1
1258 4733 1284 4781 p.
1304 4717 1403 4775 erm
1455 4713 1526 4780 opidi

230 4782 263 4831 30
280 4783 340 4830 item
359 4780 446 4847 caput]
464 4784 500 4846 cf.
520 4784 604 4834 Prisc.
623 4784 640 4833 1
657 4800 684 4847 p.
703 4786 859 4847 limam.
928 4781 1056 4835 31nor'nn
1076 4782 1266 4849 opidiitoliqui
1334 4785 1367 4834 32
1385 4784 1410 4831 in
1429 4778 1524 4847 ursaia]

230 4864 288 4914 cop.
306 4849 441 4900 XXVIII
459 4854 492 4900 27
561 4854 594 4903 35
611 4852 778 4902 monohtoton
797 4850 918 4914 utiusque
