3382 5476
264 379 396 427 cxxxvi
717 362 908 425 AchORnS
925 361 1091 416 anonim

350 553 480 625 Quorum
502 555 583 628 quod
600 553 629 626 s.
653 550 708 612 57ὁ
734 555 790 614 cot.
816 555 979 628 tiepitur:
1022 551 1140 612 ‘Birtns
1170 549 1308 612 boinntas
1340 550 1401 612 bita
1429 551 1477 614 nei
1507 551 1553 613 his

263 654 383 724 similia,
418 673 494 734 qnae
521 655 583 715 biri
611 653 770 715 scribendo
798 655 902 715 nitiant
933 653 1101 714 omnimodo
1128 652 1277 714 reicienda
1293 662 1374 714 'sunt
1401 663 1430 714 et
1457 671 1552 732 pern

264 756 432 818 scribenda’
455 774 514 833 quo
536 760 603 817 iure
623 758 744 817 Isidoro
766 758 927 844 tribuatur,
951 758 1066 816 nescio:
1087 761 1196 815 cature
1217 756 1250 815 to
1270 758 1356 832 ‘opp
1371 755 1428 816 III
1447 774 1464 814 c
1483 757 1551 817 eod.

263 859 390 920 Albanio
413 859 571 919 3:111
588 875 621 934 p.
645 867 706 918 594
727 859 831 920 Areu!
853 875 894 919 ex
915 857 1114 918 Braubocbii
1134 858 1266 931 ortbopr.
1285 875 1320 933 p.
1339 865 1398 916 tto
1418 861 1551 935 conpari.

264 960 378 1031 Quodsi
396 976 507 1021 reuera
529 963 559 1020 in
583 962 697 1021 Isidori
716 977 839 1036 operum
860 960 964 1022 codice
985 962 1086 1035 aliquo
1107 960 1206 1033 adest,
1229 960 1332 1020 eodem
1346 961 1433 1020 modo
1454 961 1552 1021 isicio

262 1064 359 1123 rianis
380 1064 510 1123 eiusdem
529 1065 651 1136 poneris
668 1073 835 1139 praecepta
857 1064 981 1124 aliunde
1000 1064 1127 1122 colleoto
1149 1063 1263 1121 inserto
1277 1077 1340 1122 esse
1361 1063 1470 1130 dicam,
1494 1079 1553 1137 quo

263 1167 295 1223 in
316 1165 403 1224 codd.
424 1165 538 1224 Bernn.
557 1172 611 1223 178
633 1174 661 1224 et
684 1171 743 1223 522
757 1164 870 1225 Isidori
888 1163 940 1225 lib.
957 1165 976 1225 Ι
995 1166 1092 1240 capiti
1111 1164 1251 1237 uicesimo
1272 1173 1357 1224 sexto
1378 1165 1443 1223 alio
1462 1181 1570 1241 proc·-

263 1273 352 1342 oeptu
374 1267 612 1342 ortboorapirioo
635 1267 825 1339 adolatinoto
846 1274 924 1327 sunt.

347 1368 415 1428 Iorn
434 1377 533 1444 potet,
554 1370 701 1442 plassarii
713 1371 818 1443 mooni
829 1371 971 1429 lemmata
986 1368 1240 1443 ortbopropbiou,
1265 1368 1371 1444 quibus
1388 1368 1438 1426 ‘de
1453 1368 1551 1429 ortbo·

260 1471 407 1545 oropbio’
426 1472 650 1547 praescriptum
673 1478 729 1542 est,
753 1487 813 1530 non
834 1487 874 1531 ex
896 1471 1001 1531 eodem
1023 1473 1095 1543 itta,
1119 1486 1198 1545 quoe
1212 1471 1243 1529 in
1258 1469 1323 1530 aad.
1337 1469 1432 1529 Bern.
1445 1475 1504 1527 522
1524 1477 1554 1530 et

262 1571 523 1646 Sonoerrnonensi
544 1579 624 1631 1447
653 1566 710 1652 (cs.
736 1570 860 1632 Tburot.
883 1574 904 1633 l.
927 1575 947 1632 l.
966 1590 1000 1648 p.
1024 1578 1089 1630 521.
1120 1568 1191 1654 522)
1216 1578 1350 1646 prostat,
1379 1572 1554 1632 collectione

263 1676 441 1750 deprompto
468 1691 545 1743 esse,
574 1675 692 1733 sodex
719 1675 782 1734 olio
809 1691 877 1734 oum
904 1676 975 1734 buia
1001 1675 1152 1733 simillimo
1180 1680 1241 1733 tunt
1262 1671 1364 1734 multis
1385 1672 1553 1734 nominibus

262 1778 386 1852 insuper
414 1777 565 1849 adowto,
594 1777 649 1836 sed
674 1782 797 1836 carente
823 1777 898 1850 iltis,
928 1792 1007 1851 quoe
1033 1776 1071 1835 ob
1101 1776 1223 1836 Isidoro
1245 1775 1264 1834 I
1285 1792 1356 1851 cop.
1379 1776 1446 1836 XX
1452 1776 1497 1835 VI
1514 1776 1553 1835 de

263 1878 484 1954 ortbooropbio
511 1880 649 1953 eaposito
675 1885 752 1938 sunt.
800 1877 902 1952 Neque
928 1881 1006 1937 eninr
1033 1894 1107 1938 oosu
1136 1877 1257 1950 suetum
1284 1886 1342 1945 est,
1376 1885 1409 1938 ut
1435 1894 1473 1938 ne
1499 1881 1555 1939 uni

262 1981 380 2056 quidem
401 1981 534 2039 lemmata·
553 1996 594 2038 ex
614 1981 681 2055 ipso
702 1980 822 2040 Isidoro
838 1981 935 2059 petito
957 1982 1011 2039 iste
1032 1981 1137 2040 titulus
1154 1980 1425 2054 praescriberetur.

347 2081 512 2141 Praetereo
533 2083 727 2158 conpluribus
747 2079 894 2157 plassarii
914 2080 1020 2156 rnoorri
1040 2080 1156 2157 repuiis
1176 2082 1418 2157 ortboprapbieis
1440 2084 1553 2144 Pauli

262 2186 361 2244 nescio
382 2185 468 2244 cuius
489 2200 595 2244 nomen
617 2185 803 2260 adscriptum
825 2190 876 2244 est.
921 2186 966 2244 Ao
985 2187 1115 2259 primurn
1137 2185 1254 2260 quoru
1276 2186 1358 2245 locos
1377 2201 1397 2244 a
1413 2184 1499 2246 Maio
1512 2203 1553 2246 ere

259 2287 410 2360 plossorio
436 2286 586 2346 Vaticano
612 2287 753 2346 collectos
781 2292 861 2346 auct.
891 2288 956 2345 Vot.
985 2286 1031 2345 VI
1047 2302 1078 2361 p.
1103 2291 1168 2344 598.
1193 2292 1263 2354 599,
1299 2296 1330 2347 ut
1361 2290 1461 2347 omnio
1492 2304 1553 2348 uno

262 2395 424 2465 conspeetu
446 2390 558 2448 intueri
574 2390 688 2464 possis,
710 2389 921 2449 transcribam,
954 2394 968 2423 ⁹

306 2561 336 2622 p.
358 2537 431 2602 598.
477 2539 773 2602 pavitantium.
873 2566 877 2577 .

352 2642 368 2703 1
391 2641 519 2705 Achilles
541 2661 607 2703 cum
631 2644 831 2722 adspiratione
853 2642 1003 2704 scribitur.

349 2743 370 2806 2
393 2745 533 2806 Fianeius
554 2763 608 2824 per
630 2764 649 2805 u
673 2753 702 2805 et
725 2765 741 2806 e
764 2753 792 2806 et
815 2748 825 2805 i
848 2744 1048 2806 scribendum.

348 2847 519 2913 3Fortiees
541 2847 704 2908 seeundum
733 2845 941 2927 etymologiam
972 2850 997 2908 si
1021 2866 1036 2907 a
1060 2847 1107 2909 nto
1136 2847 1291 2919 dicuntur,
1323 2850 1337 2909 i
1356 2851 1490 2930 ponitur,
1521 2861 1552 2912 nt
1637 2924 1643 2937 ·

263 2950 382 3010 iortices
404 2967 479 3026 qnae
501 2956 570 3010 sunt
592 2957 749 3010 sartorum.
786 2948 826 3013 si
849 2968 865 3009 a
885 2948 960 3029 piio,
984 2969 1016 3028 p,
1041 2958 1073 3009 nt
1094 2950 1239 3028 iorpices,
1263 2969 1339 3029 quiae
1362 2960 1431 3013 sunt
1453 2960 1551 3013 tonso·

262 3070 337 3112 rrrrn.
384 3050 415 3111 Si
439 3050 475 3111 ab
498 3051 689 3130 accipiendo,
714 3043 911 3130 iit-ioreipes,
935 3069 971 3111 eo
986 3051 1063 3130 quoti
1080 3053 1207 3112 formum
1231 3055 1362 3132 capiant,
1386 3073 1460 3134 quae
1484 3064 1553 3116 sunt

262 3152 431 3222 iabrornm;
461 3155 589 3214 iormnm
617 3155 695 3214 enim
725 3154 865 3214 dixerunt
886 3154 999 3233 antiqui
1022 3154 1164 3226 calidum,
1194 3155 1270 3215 unde
1294 3164 1324 3216 et
1345 3157 1494 3218 formosus
1515 3176 1551 3217 eo

263 3254 341 3335 quod
365 3257 487 3316 innouet
508 3256 623 3316 taciem.

346 3393 374 3454 p.
387 3370 458 3434 599.
482 3371 625 3436 4Hamus
648 3376 697 3455 qui
714 3392 728 3433 a
746 3373 869 3436 Graecis
892 3377 1039 3437 ancistrns
1061 3376 1235 3457 appellatur,
1260 3396 1326 3438 enm
1350 3372 1550 3459 adspiratione

262 3475 352 3538 debet
374 3476 478 3537 scribi.

345 3576 366 3640 5
388 3577 535 3640 Hannibal
558 3597 626 3640 enm
649 3579 667 3639 h
692 3579 893 3641 scribendum.

346 3677 366 3742 6
389 3680 505 3742 Harena
528 3699 582 3761 per
605 3680 624 3740 b
647 3689 676 3742 et
698 3701 713 3742 a
737 3681 936 3744 scribendum.
995 3732 1005 3743 .

347 3779 365 3840 i
389 3782 522 3843 Harenas
545 3784 652 3844 litoris.

346 3881 365 3945 8
388 3884 574 3946 Harenosum
597 3886 673 3946 idest
695 3888 815 3949 harenis
836 3887 967 3966 pienum.

345 3983 365 4046 9
387 3986 456 4047 Hiat
478 3987 611 4068 hispidos
634 3989 728 4050 honor
750 4009 803 4070 per
827 3990 845 4050 h
868 3989 1033 4050 scribenda.

327 4085 366 4148 lit
389 4088 569 4150 Hortamlum
593 4092 760 4152 ortaudum.

332 4183 365 4249 tt
390 4190 475 4251 Maiie
499 4209 552 4269 per
575 4192 633 4252 duo
656 4192 675 4253 ii
699 4191 900 4253 scribendum.
974 4216 978 4220 ·

326 4288 365 4351 12
388 4292 462 4352 biaio
485 4313 539 4373 per
562 4313 653 4355 unum
676 4294 685 4353 l
708 4292 914 4361 scribendum,
939 4296 1005 4373 qnia
1030 4303 1074 4355 est
1098 4297 1189 4374 magis
1212 4296 1287 4361 unio.

326 4390 365 4452 13
388 4393 468 4454 Meae
493 4398 588 4460 uires,
612 4398 642 4456 in
666 4414 724 4475 qno
747 4405 792 4455 est
813 4397 909 4457 uirtus
932 4414 1007 4456 mea.

326 4491 366 4554 14
388 4495 483 4565 Mens,
508 4496 728 4558 subaudiendus
751 4498 836 4560 silius.

326 4593 366 4658 15
387 4597 483 4657 Meum
507 4601 574 4664 iter,
598 4618 692 4660 meam
715 4603 997 4680 peregrinationem.

347 4717 466 4776 Aibat
473 4720 503 4778 is
524 4733 685 4793 cuononem
708 4721 805 4782 Paulo
827 4724 858 4781 in
879 4723 1017 4783 lemmate
1034 4730 1067 4782 tt
1080 4726 1144 4783 solo
1166 4725 1352 4800 adscriptum
1374 4741 1437 4785 esse
1458 4731 1548 4786 testa·

260 4821 311 4876 tur
335 4818 436 4880 Maius
451 4837 487 4897 p.
504 4826 559 4879 599
581 4828 642 4880 not.

574 5125 590 5156 Q
