3382 5476
777 400 997 453 excussura·
1465 396 1525 462 195

229 589 308 668 quod
331 589 441 650 dicitur
464 592 543 667 ‘ego'
568 597 597 649 et
619 607 673 650 cnr
695 587 853 650 dissimiles
875 596 945 649 sunt
966 589 1012 649 sui
1034 586 1148 664 obliqui
1171 604 1256 647 casus
1279 595 1382 647 contra
1404 589 1455 647 sel
1491 587 1528 647 Vt

229 692 416 770 Virgilius
438 691 522 752 dicit:
557 691 688 752 Primum
711 692 742 750 in
765 689 869 751 ordine
893 707 1058 768 pronomen
1080 690 1195 750 linitum
1218 696 1263 749 est
1283 692 1385 767 ‘ego'‚
1408 689 1445 750 de
1468 708 1526 770 quo

229 802 290 855 tam
311 792 396 854 multi
417 794 590 853 innumeras
613 790 795 853 uentilabant
816 795 1020 873 quaestiones
1045 790 1192 871 quomodo
1209 800 1309 868 etqua
1330 792 1445 852 ratione
1468 799 1526 852 tarn
1588 848 1590 852 ,

229 894 421 957 dissimilibus
449 895 555 955 litteris
583 892 663 955 idem
686 912 850 973 pronomen
874 895 1058 973 conpositum
1080 894 1133 959 sit,
1157 899 1189 951 ut
1212 891 1329 953 dicatur
1352 895 1425 970 ‘ego
1449 895 1526 953 mei'

204 997 368 1076 oquodque
391 998 521 1074 iurgium
544 997 582 1055 ita
605 994 743 1055 doctores
765 995 870 1057 sedare
892 994 1049 1064 uolebant,
1073 1003 1105 1055 nt
1126 992 1331 1064 adfirmarent,
1354 993 1434 1072 ‘ego’
1451 996 1528 1055 inter

231 1105 402 1177 monoptota
426 1096 536 1157 debere
559 1115 677 1177 semper
700 1096 843 1167 adscribi,
866 1104 900 1157 ut
921 1099 951 1157 in
974 1098 1055 1157 omni
1078 1114 1205 1156 numero
1227 1106 1256 1157 et
1272 1114 1382 1174 genere
1405 1105 1435 1156 et
1456 1115 1527 1158 casu

229 1203 320 1278 ‘ego'
343 1198 533 1276 singulariter
555 1198 716 1259 diceretur.
762 1198 963 1259 Terentius
995 1200 1086 1276 ‘ego’
1118 1199 1196 1259 inter
1227 1196 1374 1258 desertina
1403 1196 1530 1258 credidit

206 1284 434 1368 iudicandum,
464 1307 497 1361 ut
522 1300 636 1360 scilicet
663 1308 788 1380 excepto
816 1299 880 1360 solo
910 1301 1092 1362 nominatiuo
1121 1297 1234 1359 nullum
1263 1318 1364 1360 casum
1389 1298 1527 1369 baberet3

230 1405 349 1483 utrique
365 1411 463 1463 tamen
481 1402 621 1463 concordi
636 1400 805 1462 hortamine
827 1401 948 1462 delinito
964 1401 1059 1462 edicto
1075 1399 1228 1469 dicebaut,
1253 1419 1308 1480 pro
1324 1403 1405 1480 ‘ego’
1422 1405 1527 1462 ‘mius’

191 1520 218 1558 1⁰
231 1505 435 1586 accipiendum
459 1523 523 1565 esse
547 1514 577 1564 et
598 1505 641 1563 sie
664 1503 886 1563 declinandum:
910 1505 1002 1564 ‘ruins
1018 1504 1077 1563 nrei
1090 1500 1138 1562 uel
1155 1504 1212 1562 mis
1227 1500 1299 1562 rnibi
1315 1520 1362 1563 me
1385 1522 1433 1564 oa
1457 1504 1528 1564 me’.

230 1605 345 1678 Quibus
368 1605 557 1683 Galbungi
585 1603 735 1666 auditores
758 1623 774 1665 e
797 1604 916 1665 diuerso
943 1607 1116 1667 resistentes
1143 1605 1294 1667 dicebant:
1332 1605 1364 1665 Si
1393 1606 1446 1673 ita,
1476 1623 1529 1665 eur

231 1727 290 1768 non
314 1709 401 1767 etiam
426 1705 533 1785 plurali
556 1725 682 1766 numero
705 1705 869 1767 litterarum
898 1714 1037 1768 seruatur
1066 1707 1156 1778 ordo,
1189 1710 1245 1770 sed
1274 1710 1318 1769 sie
1348 1704 1529 1767 declinatur:

230 1811 298 1869 ‘nos
321 1810 487 1870 nostrum’?
523 1808 661 1888 Alioquin
685 1805 776 1868 multa
800 1806 960 1869 admodum
982 1816 1053 1870 sunt
1074 1811 1241 1885 uocabulo,
1263 1827 1338 1890 quae
1361 1827 1428 1870 eum
1451 1807 1532 1868 litte-

231 1929 331 1971 rarum
355 1910 491 1972 ordinem
515 1927 574 1970 non
597 1918 736 1989 seruent,
766 1928 857 1970 sensu
886 1917 985 1971 tamen
1009 1912 1216 1988 sententiaque
1239 1911 1447 1973 conuenientia
1469 1929 1529 1971 non

193 2025 219 2065 1⁶
232 2012 405 2073 dubitantur
428 2029 504 2071 esse.
550 2010 646 2071 Simili
674 2029 746 2090 ergo
775 2012 863 2072 modo
890 2012 1109 2087 defendendum
1133 2020 1178 2074 est
1205 2013 1262 2073 boo
1290 2030 1471 2092 pronomen,
1500 2018 1533 2072 ut

231 2115 269 2174 sit
291 2115 347 2174 rite
369 2112 593 2182 declinandum,
622 2113 698 2174 sieut
726 2111 845 2191 plurimi
877 2122 1054 2195 receperunt
1082 2117 1155 2192 ‘ego
1178 2116 1255 2175 mei’
1279 2124 1308 2174 et
1330 2112 1439 2194 plurali
1459 2116 1532 2173 ‘nos
1581 2105 1587 2126 ⁸

232 2220 391 2275 nostrum'.
436 2213 531 2285 Ouam
554 2215 757 2294 quaestionem
781 2233 848 2274 eum
865 2214 1017 2311 adorneum
1033 2219 1188 2277 Aeneam
1212 2211 1377 2277 retulissem
1394 2223 1424 2275 et
1439 2213 1529 2275 multa

232 2335 267 2377 ac
290 2316 402 2377 diutina
425 2317 487 2375 diei
507 2362 515 2376 .
534 2362 541 2374 .
561 2362 568 2376 .
589 2363 596 2376 .
617 2315 730 2394 grande
752 2315 790 2375 de
812 2314 868 2375 bac
891 2315 993 2377 eadem
1016 2316 1215 2384 uoluerimus,
1239 2317 1276 2378 ad
1299 2324 1466 2377 extremum
1489 2318 1530 2376 ita

134 2411 138 2416 ’
232 2416 343 2488 intulit,
367 2415 446 2497 quod
461 2415 635 2478 ‘seeundum
659 2417 706 2477 Ga
717 2414 847 2494 lbungi
870 2416 917 2477 uel
933 2436 1056 2478 suorum
1072 2420 1250 2478 sententiam
1267 2421 1357 2479 ‘mins
1372 2419 1429 2478 mei
1446 2416 1530 2477 milri’

193 2532 220 2572 ω
233 2520 397 2581 rectissime
419 2517 571 2579 scribitur.

318 2620 331 2703 ll
349 2623 370 2682 i.
385 2617 446 2681 20¹>
462 2619 475 2702 ll
499 2621 536 2680 Vt
558 2619 742 2696 Virgilius
765 2619 850 2681 dicit:
876 2618 1016 2681 Nonnulli
1039 2621 1237 2697 contendunt,
1262 2622 1352 2699 ‘qui’
1375 2622 1456 2682 omui
1478 2638 1529 2698 ge-

234 2741 306 2783 nere
328 2724 460 2803 coaptari
482 2739 585 2801 posse,
609 2723 719 2802 quippo
742 2740 809 2783 curn
832 2723 862 2781 in
886 2720 1015 2783 ablatiuo
1038 2721 1171 2784 dicamus
1193 2723 1227 2782 ‘a
1250 2724 1301 2802 qui
1325 2724 1407 2783 uiro'
1432 2722 1479 2783 uel
1502 2725 1531 2784 ‘a

232 2826 283 2904 qui
306 2824 442 2884 muliere’
462 2823 495 2883 ‘a
514 2827 568 2900 qni
581 2829 698 2900 opere’:
721 2827 750 2884 si
761 2841 835 2885 nero
849 2825 955 2885 borum
970 2827 1119 2885 sententio
1141 2823 1200 2883 dici
1222 2822 1360 2892 deberet.
1385 2825 1460 2905 ‘qui’
1476 2843 1532 2904 per

232 2943 352 2987 omnem
374 2944 532 2986 numerum
560 2943 738 3005 omnemque
760 2944 861 2986 casum
886 2932 1056 3005 monoptota
1081 2924 1206 3004 quadam
1230 2924 1428 2987 declinatione
1450 2925 1530 2987 irue-

193 3035 332 3097 ssretur,
361 3034 393 3088 ut
414 3029 484 3107 ‘qui
507 3029 572 3088 nir'
594 3029 661 3108 ‘qui
685 3027 759 3088 uiri'
782 3028 851 3106 ‘qui
874 3028 958 3089 uiro’
987 3028 1056 3110 ‘qui
1080 3028 1195 3089 uirum'
1223 3028 1292 3105 ‘qui
1315 3027 1440 3089 mulier'
1463 3029 1532 3108 ‘qui

234 3129 380 3190 mulieris’
404 3140 434 3191 et
456 3132 519 3208 ‘qui
541 3129 696 3210 mulieres'
719 3130 783 3209 ‘qui
798 3127 981 3198 mulierum,
1004 3128 1071 3205 ‘qui
1082 3137 1202 3191 nomen'
1224 3130 1289 3208 ‘qui
1303 3131 1444 3190 nominis’
1468 3129 1532 3208 ‘qui

233 3232 365 3292 nomina'
388 3231 452 3311 ‘qui
474 3232 641 3292 nominum’
664 3238 694 3291 et
715 3232 814 3292 oetet'a
836 3230 1013 3291 huiusmodi.

319 3331 333 3415 ll
351 3334 371 3393 l.
387 3329 445 3392 21·
463 3329 475 3415 ll
505 3334 540 3393 Vt
567 3331 752 3410 Virgilius
780 3333 866 3393 dicit:
907 3331 1086 3392 Pronomina
1124 3333 1294 3413 quantitatis
1325 3343 1354 3394 et
1383 3332 1533 3413 qualitatis

234 3432 461 3496 declinationem
483 3437 530 3495 sui
554 3451 613 3494 nou
637 3433 800 3495 seeundum
824 3433 957 3512 regulam
981 3433 1195 3494 flectendorum
1223 3436 1449 3513 pronominum,
1479 3432 1531 3494 sed

195 3535 397 3598 aoseeundum
428 3534 650 3597 sImilitudinem
686 3534 870 3596 adiectornm
904 3534 1072 3605 habebunt,
1089 3544 1140 3596 ·ut
1167 3534 1282 3614 ‘qualis
1311 3534 1375 3596 talis
1403 3542 1532 3616 quantus

241 3709 460 3716 ——-

303 3809 317 3857 l
336 3818 361 3857 et
379 3803 511 3873 uirgilius]
530 3824 557 3872 p.
576 3808 689 3858 22Μαί
756 3809 772 3857 2
792 3806 890 3856 linitum
914 3818 954 3857 est
975 3822 1034 3872 ego.
1071 3807 1136 3857 Sunt
1153 3807 1225 3857 multi
1244 3808 1288 3870 qui
1306 3792 1453 3857 innumeras
1472 3823 1531 3858 uen-

236 3873 307 3924 tilaut
324 3877 410 3927 Maius
478 3879 495 3926 3
512 3877 661 3938 questiones
680 3875 750 3938 quod
768 3875 854 3938 aliqua
873 3877 971 3925 ratione
982 3872 994 3942 ΙΙ
1006 3877 1171 3925 inscrutando
1191 3876 1322 3938 quomodo
1335 3887 1421 3940 etqua
1434 3877 1533 3925 ratione

236 3941 321 3993 Malus
404 3944 506 3993 didest
524 3959 666 4009 pronomen
752 3939 919 4010 bquodqne]
939 3941 1150 4010 quoquessqnod
1169 3943 1233 4009 pleri
1251 3944 1338 3994 Maius
1406 3946 1441 3993 ita
1458 3945 1533 3994 docte

236 4010 322 4061 Maian
388 4013 449 4061 dut
467 4013 493 4061 in
512 4014 644 4061 nominum
663 4021 751 4062 nostro
818 4013 1000 4072 Vterrentins‚
1017 4015 1107 4076 priore
1125 4029 1140 4060 r
1157 4028 1233 4062 eroco
1301 4011 1435 4062 ilditinito
1487 4013 1532 4061 de·

235 4075 357 4141 lluitoque
374 4079 461 4129 Maius
548 4082 579 4130 10
597 4095 654 4129 meo
673 4095 688 4128 a
706 4094 746 4128 me
816 4081 847 4129 12
866 4079 948 4130 littera
966 4090 1084 4130 seruatur
1102 4080 1165 4129 ordo
1185 4077 1215 4145 llll
1235 4079 1273 4128 sio
1290 4079 1431 4129 declinatur
1501 4082 1532 4130 13

235 4156 295 4195 sunt
311 4161 376 4209 quae
393 4162 450 4196 curn
469 4147 565 4197 litteras
585 4147 698 4197 ordinem
751 4143 887 4214 uocabula]
907 4148 954 4198 aa
971 4149 1044 4199 Maio
1061 4149 1186 4213 suppleat.
1247 4158 1307 4196 sunt
1325 4147 1449 4197 uocabula
1466 4162 1533 4210 quae

235 4227 419 4277 quemcumque
437 4214 576 4264 litterarum
596 4217 711 4266 ordinem
729 4224 833 4264 seruent
850 4217 935 4267 Maius
1004 4217 1035 4265 15
1054 4232 1112 4265 esse
1130 4229 1180 4263 non
1198 4214 1346 4264 dubitantur
1358 4215 1445 4266 Maius
1484 4214 1533 4264 hoe

236 4295 376 4344 pronomen
394 4284 459 4332 trine
478 4283 558 4333 uideri
576 4283 754 4333 declinandum
773 4283 860 4333 Maius
934 4286 965 4335 to
984 4284 1129 4348 reciperunt
1146 4297 1194 4348 ego
1213 4284 1262 4332 mei
1281 4283 1343 4332 rnibi
1361 4294 1385 4333 et
1402 4282 1533 4349 pluraliter

236 4362 283 4399 uos
301 4360 416 4410 nostrum
435 4351 508 4401 nobis
527 4351 614 4401 Melus
685 4353 715 4401 l'l
733 4367 792 4414 qne,
810 4367 878 4402 corr.
891 4366 967 4416 qnam
986 4350 1065 4401 null
1116 4350 1149 4400 ad
1169 4350 1218 4400 uuir
1236 4367 1325 4402 eneam
1377 4350 1533 4400 rettulissem

156 4452 165 4470 0
235 4431 265 4465 ae
281 4417 401 4467 diuturna
422 4419 473 4468 diei
497 4429 568 4484 parte
590 4420 622 4468 de
643 4419 691 4468 hae
714 4420 802 4468 eadem
823 4419 902 4469 multa
920 4419 1075 4470 uoluerimus
1094 4421 1184 4471 Maius
1271 4423 1302 4471 18
1319 4417 1382 4485 diei]
1402 4419 1533 4470 Lacunam

235 4533 354 4588 matema
406 4533 499 4586 oetan
545 4502 883 4601 1lzrrtriemnm,corruel!
953 4540 985 4588 19
1003 4539 1227 4600 quaeserundum
1280 4538 1319 4588 uel
1338 4553 1444 4588 suorum
1462 4538 1532 4600 quod

268 4603 304 4653 ita
321 4619 478 4667 suorumque
496 4605 583 4656 Maior
650 4608 682 4656 21
701 4601 840 4671 Virgilius]
859 4624 886 4670 p.
906 4608 942 4656 34
960 4606 1019 4656 Μαί
1085 4609 1118 4657 22
1139 4608 1274 4673 quooptari
1293 4608 1402 4659 Mm’os¹
1449 4605 1533 4655 dicam

269 4671 309 4720 uel
325 4687 372 4722 om.
391 4673 479 4723 Maiae
547 4675 580 4725 23
598 4675 675 4737 a.qui
694 4674 799 4723 muliere
816 4674 866 4723 dici
883 4674 959 4724 debet
1018 4676 1095 4738 aqui
1114 4690 1204 4742 opere:
1223 4677 1279 4725 siue
1296 4674 1388 4725 borum
1406 4675 1533 4724 sententia

236 4747 304 4788 stare
320 4739 394 4789 debet
411 4741 496 4790 Maius
564 4743 597 4791 24
616 4739 685 4804 qndai
778 4744 811 4791 25
829 4740 923 4791 irueret
942 4740 954 4809 l}
973 4742 1072 4792 iruetur
1090 4744 1177 4796 Maius
1261 4744 1294 4793 26
1312 4744 1355 4806 qui
1375 4757 1467 4793 nomen
1485 4757 1533 4796 om·

235 4806 303 4923 cmg„
321 4809 381 4886 add.
400 4809 485 4880 Maius
570 4811 604 4859 28
622 4807 759 4875 Virgilius]
780 4811 838 4861 Non
855 4816 930 4861 extat
947 4813 1020 4876 apud
1037 4813 1145 4875 Malum,
1163 4813 1211 4863 sed
1227 4812 1260 4875 es.
1278 4829 1306 4877 p.
1325 4814 1363 4862 33
1382 4810 1420 4864 M.
1499 4810 1534 4861 29

237 4888 268 4939 pr
287 4889 386 4923 uomma

1276 4963 1328 5015 13*
