3382 5476
195 370 256 435 174
547 419 552 431 ,
571 366 824 431 Qvnusrlonus
843 364 1109 418 unaumrmau

343 557 479 638 Sophia
502 562 586 617 nota
610 561 694 617 tuae
716 557 830 616 menti
853 563 889 615 et
910 572 1012 615 mens
1034 560 1120 616 nota
1142 552 1319 635 sophiae.

192 658 400 740 ‘philosophus
427 656 609 738 philosoplri'
638 655 850 738 ‘philosophia'
884 654 1077 736 ‘acyrologia'
1108 655 1316 735 ‘macrologia'
1349 655 1492 737 ‘pariseo-

191 759 281 839 iogia'
318 759 501 838 ‘tautologia'
538 757 709 836 ‘theologia’
747 755 905 837 ‘analogia'
942 750 1148 838 ‘artigrapiria’
1186 755 1429 837 ‘orthographia’
1463 763 1494 819 oi

192 870 291 925 cetera
324 861 369 923 iris
401 861 509 923 similia
539 859 747 939 producuntur
779 861 811 921 in
838 858 1036 941 paenultima;
1070 859 1140 938 qula
1166 859 1248 921 enim
1273 856 1429 922 diuinatnr
1454 856 1492 921 at

192 966 323 1034 ‘urano',
346 963 478 1024 ‘Vrania’
500 961 675 1042 producitur
696 960 891 1042 paenultima,
913 969 948 1025 ut
970 969 1016 1023 cst
1037 957 1124 1022 iliud:
1501 974 1516 1017 ι

396 1065 530 1125 Vrania
552 1061 630 1143 poli
652 1071 773 1124 motus
795 1069 989 1124 scrutator
1011 1070 1181 1124 clastra.

193 1167 348 1248 Sequitur:

397 1266 530 1346 Signat
551 1274 684 1327 cuncta
708 1284 812 1327 manu
834 1265 1079 1346 loquiturque
1100 1263 1291 1345 Polymnla
1313 1270 1437 1345 gestu.

194 1370 268 1443 Ouia
296 1370 388 1448 igilur
410 1368 585 1455 ‘polymnia’
608 1384 667 1428 non
697 1368 777 1428 uenit
803 1386 818 1428 a
842 1366 1017 1448 ‘‚polpmno’
1046 1368 1123 1430 sicut
1144 1367 1276 1429 ‘Vrania’
1297 1363 1338 1427 ab
1360 1366 1492 1438 ‘urano’,

194 1472 356 1551 corripitur
377 1468 442 1538 ilia.
466 1468 641 1549 producitur
662 1470 727 1530 ista.
1504 1480 1529 1521 ιι

278 1571 522 1634 innocentius
554 1588 647 1649 papa
680 1570 716 1630 in
750 1567 909 1650 epistola
938 1586 1041 1648 quam
1070 1568 1275 1649 rescripsit
1299 1568 1495 1632 Africanis

195 1674 547 1754 episcopiscontra
577 1670 764 1734 haeresim
793 1669 951 1749 Pelagii:
988 1670 1274 1740 ‘missaiacio'.
1310 1668 1493 1733 idesl‘lron

194 1776 343 1836 remoror’
360 1772 371 1857 ΙΙ
389 1774 408 1835 l.
424 1770 461 1834 2·
478 1770 489 1855 ΙΙ
506 1770 653 1832 ‘absoluo'
677 1771 847 1835 ‘delibero'.

280 1875 399 1936 ‘Sedes'
422 1872 598 1936 aduerbium
622 1881 666 1934 est
681 1872 877 1953 deprecantis,
895 1892 954 1935 non
971 1873 1146 1943 ‘sodalitcr’‚
1163 1879 1197 1935 ui
1211 1872 1359 1954 quidam
1374 1870 1493 1943 uolunt.

195 1977 278 2039 Vnde
300 1977 372 2037 dicit
393 1977 568 2038 Auienus:
1505 1988 1530 2030 rt

399 2077 463 2138 Dic
484 2075 609 2146 sodes,
634 2075 810 2153 quidnam
831 2076 978 2158 trepido
1003 2075 1071 2138 tibi
1093 2076 1235 2137 dixerit
1257 2092 1356 2139 ursa.

195 2181 269 2243 Nam
291 2177 424 2240 ‘sodalis’
448 2178 548 2239 breuis
564 2185 616 2238 -est
637 2196 680 2239 so.

280 2281 452 2358 ‘Mastruga’
476 2281 567 2340 uestis
589 2280 765 2341 Germanica
788 2298 822 2341 cx
847 2278 991 2360 pelliculis
1014 2278 1161 2342 ierarum:
1189 2280 1226 2341 in
1248 2277 1348 2341 libro
1375 2278 1493 2342 dille·

195 2384 401 2447 rentiarum
424 2381 542 2461 legitur.
855 2451 857 2454 g
986 2442 988 2447 ‚

279 2486 423 2547 ‘Festum'
447 2483 576 2546 celebre.
1505 2498 1531 2539 aa

281 2581 1493 2666 ‘Praescribo'antescribosiuecontradico,‘inscribo'supcracriieeneldllacerm

283 2688 436 2751 ‘Proinde’
459 2688 536 2749 idest
556 2690 670 2768 itaque,
695 2686 844 2768 ‘perinde’
869 2696 913 2749 cst
934 2689 973 2750 ita
996 2687 1045 2749 uel
1067 2686 1215 2750 similiter.
1253 2711 1259 2719 ·

282 2788 477 2870 ‘lnaglppha'
501 2788 668 2851 caelaturae
691 2791 816 2868 argenti.

281 2889 508 2969 ‘intellegibilis'
532 2890 568 2951 ad
591 2899 738 2970 mentem,
762 2887 936 2951 ‘sensibilia’
960 2889 997 2950 ad
1019 2908 1125 2952 sensus
1147 2907 1309 2971 corporeos
1329 2892 1494 2971 pertinent.

283 2994 409 3054 ‘Anima’
433 2993 524 3061 uiuit,
547 2993 687 3053 ‘animus'
711 2999 741 3054 et
762 2993 861 3054 ‘ratio’
884 2993 973 3072 sapit,
997 2993 1074 3054 ‘cor'
1098 2990 1252 3071 intellegit
1505 3006 1533 3049 rs

283 3093 380 3155 ‘Cum’
405 3101 434 3154 et
455 3095 541 3154 ‘tum'
564 3093 676 3154 ordinis
698 3093 838 3156 aducrbia
859 3102 937 3164 sunt
960 3095 1036 3155 sicut
1058 3094 1202 3174 temporis
1223 3094 1317 3155 ‘tunc’
1333 3096 1494 3159 ct‘nunc'.

198 3195 321 3268 Quando
345 3197 424 3255 ‘con’
447 3192 619 3273 loquellaris
641 3198 819 3276 praepositio
834 3215 889 3276 per
904 3197 1149 3276 compositionem
1171 3196 1367 3276 praeponitur
1387 3194 1494 3258 lueir

197 3295 405 3378 sequentibus,
434 3297 460 3357 si
483 3295 608 3358 uerbum
630 3298 727 3377 ipsum
751 3297 839 3358 talem
862 3296 952 3358 habet
973 3315 1108 3366 sensum,
1132 3305 1165 3358 ut
1186 3296 1392 3359 indifferenter
1413 3314 1495 3359 nunc

198 3402 287 3461 unius
309 3398 446 3469 hominis,
471 3415 549 3459 nunc
571 3398 702 3479 plurium
724 3400 870 3479 significet
892 3407 999 3469 actum,
1023 3398 1113 3460 dubio
1128 3398 1233 3480 procui
1254 3400 1286 3460 in
1306 3398 1493 3480 supradictas

199 3502 312 3564 litteras
340 3519 360 3562 n
389 3503 486 3581 ipsum
509 3503 708 3572 conuertitur,
732 3510 765 3562 ut
785 3500 933 3561 ‘collocat'
956 3500 1094 3581 ‘colligit’
1115 3501 1265 3581 ‘corripit’
1287 3501 1493 3582 ‘corrumpit’a
1507 3515 1535 3558 aa

199 3623 267 3666 nam
296 3612 326 3664 et
353 3621 431 3664 unns
458 3602 547 3663 homo
576 3602 613 3664 de
636 3621 669 3664 se
690 3605 745 3664 ait:
776 3604 817 3664 ‘in
840 3601 906 3664 loco
929 3619 1056 3680 pascuae
1077 3600 1119 3663 ibi
1142 3621 1189 3665 me
1212 3600 1381 3664 collocauit’
1404 3610 1436 3665 ct
1455 3602 1495 3664 de

200 3723 259 3767 uno
282 3705 401 3765 homine
424 3703 547 3765 dicitnr:
578 3703 714 3767 ‘collocet
741 3724 808 3766 eum
837 3723 904 3767 cum
931 3702 1127 3785 principibus’
1150 3714 1180 3766 et
1202 3722 1279 3767 nnus
1299 3702 1391 3765 homo
1413 3704 1494 3766 ‘cum

199 3806 264 3868 aliis
290 3803 413 3884 colligit’
443 3813 471 3866 el
499 3809 544 3867 ‘se
571 3806 620 3867 ucl
648 3806 737 3868 alium
766 3806 941 3884 corrumpil'
969 3805 1033 3867 siue
1060 3807 1219 3885 ‘corrigit’.
1263 3809 1300 3868 Aa
1321 3822 1338 3866 e
1359 3806 1493 3886 regione.

199 3906 317 3989 quando
340 3906 466 3967 uerbum
490 3908 586 3985 ipsum
609 3906 697 3969 talem
720 3908 810 3970 habet
832 3926 967 3977 sensum,
992 3916 1024 3968 ut
1047 3926 1107 3969 non
1130 3907 1166 3969 ad
1189 3925 1282 3969 unum
1305 3906 1418 3980 solum,
1441 3906 1494 3970 sed

199 4010 235 4072 ad
259 4009 333 4071 duos
355 4006 403 4069 uel
426 4009 462 4069 ad
485 4008 587 4089 piures
609 4011 685 4071 aelio
714 4009 760 4071 uel
783 4011 881 4090 passio
906 4008 1117 4088 transferatur,
1145 4008 1251 4089 procul
1279 4009 1370 4072 dubio
1398 4008 1535 4073 nutu-as

202 4120 288 4172 lenus
310 4114 373 4191 ipsa
396 4112 575 4191 praepositio
597 4113 810 4192 corrumpitur,
843 4110 895 4171 sed
918 4113 1034 4190 integra
1062 4110 1240 4190 regulariter
1261 4130 1385 4174 manere
1406 4110 1492 4174 dino-

198 4215 292 4275 scitur
316 4222 344 4274 et
367 4214 588 4276 euidentissime
610 4212 831 4295 comprobatur,
856 4218 889 4273 ut
911 4211 1131 4275 ‘conlaetatur'
1155 4211 1380 4276 ‘conlacrimat’
1404 4218 1491 4275 ‘con-

199 4367 235 4375 ..-

235 4466 440 4569 m2uplriloeoiie
456 4467 595 4534 acirologia
647 4468 804 4535 perieologia
822 4467 934 4534 teulogio
1002 4467 1193 4533 Sortirogralle
1266 4470 1494 4535 dprednrtcuttlur

201 4588 324 4638 Gerania
343 4567 407 4652 pola]
418 4587 453 4650 cs
465 4586 602 4652 Anidolop.
617 4588 674 4637 Lot.
687 4590 738 4637 618
750 4588 789 4642 M
824 4586 919 4636 Vrane
932 4587 1024 4651 Meyer
1074 4588 1184 4653 8signe
1223 4586 1347 4654 polimnia
1401 4589 1433 4638 12
1449 4584 1493 4635 ire·

201 4658 277 4705 resim
331 4656 405 4706 ilde
392 4655 549 4720 epraecantis
596 4657 627 4705 1⁶
639 4653 768 4719 autentus]
783 4656 817 4720 cs
832 4657 928 4706 Αιιιιιιιι
936 4656 991 4717 sod
1002 4672 1027 4720 p.
1039 4658 1099 4719 ddi,
1113 4659 1144 4705 n
1156 4658 1198 4707 ed
1213 4656 1349 4706 uenerem
1401 4656 1493 4706 lorea·

201 4725 257 4773 tolia
275 4739 334 4773 ursa
354 4723 489 4774 r'teueleae
540 4722 596 4772 18
590 4737 615 4772 m
635 4721 698 4773 libro
716 4720 926 4788 diii'erentiarum]
946 4723 1011 4773 Irid.
1029 4726 1094 4786 orig.
1113 4723 1184 4773 XIX
1202 4726 1252 4788 2³,
1270 4728 1287 4774 5
1320 4726 1372 4829 252⁸
1389 4721 1494 4788 euiglile

201 4840 326 4891 celaturae
393 4844 659 4905 ideumaei-meon
727 4846 760 4894 ³2
777 4843 839 4893 dicit
857 4853 883 4893 ut
900 4842 1006 4892 collocet
1075 4791 1132 4891 gum
1150 4842 1208 4891 aliis
1276 4799 1370 4911 diltcei,
1479 4890 1485 4903 ,
