3382 5476
588 351 637 401 DE
655 351 900 403 ulssounu'rtn
918 351 1108 404 SERMONIS.
1418 369 1502 417 CXIX

205 543 295 603 uicus
317 542 452 604 diabolus
474 540 629 621 aliquando
652 540 828 619 gloriabitur
850 543 1072 602 interfectorem
1102 559 1166 602 esse
1189 540 1410 603 misericordiae
1434 550 1500 603 tuae

205 645 246 706 ni:
265 646 364 705 socios
385 653 451 706 tuos
473 653 539 704 tuae
561 642 753 705 beatitudiuis
775 644 952 721 ingemiscit.

292 748 374 809 Huic
393 748 551 808 suhitmcta
565 756 608 805 est
624 746 795 822 praemisso
818 726 956 807 eutii*
975 747 1124 807 uocabulo
1142 749 1205 805 uita
1220 745 1370 806 Senecae:
1394 744 1500 805 Lucius

202 850 316 909 annius
336 850 436 910 seuica
459 847 537 927 apud
559 864 664 926 grecos
679 846 877 908 Cordobensis
893 847 1012 908 iotionis
1033 848 1117 907 stoici
1141 846 1302 926 discipulus
1325 855 1354 908 et
1375 856 1500 926 patruus

201 948 319 1011 luciani
348 959 453 1030 poetae
482 951 734 1011 continentissime
765 950 824 1009 uite
853 950 909 1010 suit
933 949 1016 1022 -ί,
1046 957 1116 1007 ttt‘
1137 951 1193 1009 cot.
1218 950 1237 1008 I
1265 947 1373 1009 deinde
1396 949 1499 1010 [rolens

201 1071 282 1113 nero
303 1055 404 1130 ignem
426 1055 456 1113 in
479 1069 592 1112 romam
615 1049 686 1110 dare
710 1069 764 1130 pro
787 1070 822 1111 eo
843 1051 921 1130 quod
937 1068 997 1112 nou
1013 1051 1089 1111 uidit
1108 1059 1223 1112 troeam
1239 1050 1356 1130 quando
1374 1069 1498 1113 accensa

201 1164 249 1215 est
272 1163 382 1214 troea..
410 1153 509 1218 Vetuit
531 1171 598 1214 eum
621 1154 719 1214 senica
743 1162 831 1233 atque
854 1163 948 1213 mater
970 1155 1090 1214 neronis
1113 1162 1143 1213 et
1165 1156 1283 1231 cognati
1307 1156 1372 1213 eius
1395 1154 1432 1214 ab
1447 1153 1497 1214 itta

202 1274 296 1316 causa
319 1255 465 1316 interiecti
488 1264 557 1315 sunt
579 1254 616 1315 ab
638 1274 674 1315 eo
697 1264 829 1333 tempere
852 1258 883 1315 iu
907 1273 963 1334 qua
986 1256 1083 1333 passio
1107 1256 1184 1332 petri
1207 1263 1234 1315 et
1257 1255 1337 1333 pauli
1359 1257 1422 1317 iuit.

289 1358 440 1420 Secuntur
460 1359 486 1430 s.
514 1365 583 1416 771ιι
604 1360 662 1419 col.
685 1359 707 1418 Ι
724 1391 767 1402 -
792 1358 819 1430 s.
847 1365 917 1415 ttt‘
938 1360 994 1418 col.
1019 1359 1059 1417 II
1072 1374 1178 1433 pauca
1200 1359 1238 1416 ate
1259 1358 1497 1418 memorabilium

199 1464 341 1522 uirorum
367 1460 583 1536 mulierumque
609 1477 720 1521 sacrae
746 1463 885 1535 inprimis
911 1458 1087 1534 scripturae
1115 1457 1284 1520 nominibus
1311 1468 1340 1519 et
1368 1462 1405 1520 ate
1439 1461 1500 1520 Vll

199 1561 319 1623 diuinis
340 1561 508 1623 miraculus.

288 1665 356 1723 Iam
376 1681 451 1724 uero
473 1682 492 1723 a
511 1663 539 1735 s.
567 1668 636 1721 777ιι
658 1666 713 1724 887.
737 1664 774 1723 II
795 1680 887 1738 usque
909 1663 952 1721 ad
969 1663 997 1734 s.
1017 1669 1090 1722 116⁰
1111 1664 1167 1722 eol.
1186 1664 1205 1722 I
1225 1663 1317 1722 indes
1339 1662 1495 1724 Cicero-

199 1770 263 1828 nis
283 1765 371 1827 cuius
402 1763 454 1827 liic
488 1764 633 1826 ducuntur
665 1763 877 1841 differentiam
912 1781 1021 1839 acmen
1055 1762 1174 1824 claudit
1201 1763 1343 1825 chronici
1371 1765 1496 1841 ⁴dnatn'ci

199 1867 305 1933 nesam
327 1867 414 1929 meus
431 1868 640 1943 frequentem
663 1867 703 1940 (s.
730 1872 803 1925 rta·
824 1869 881 1927 eat.
899 1868 918 1926 t
937 1901 979 1910 -
996 1865 1024 1939 f.
1052 1863 1122 1925 778ὁ
1143 1867 1249 1940 8887)
1274 1869 1312 1924 ao
1333 1866 1495 1928 tenetis

197 1968 372 2048 accipens:
394 1967 496 2030 tutto
518 1966 616 2030 ΛΝΤΕ
638 1966 749 2028 tuctu
769 1962 942 2049 {nationem
966 1966 1145 2028 dominicam
1170 1966 1269 2028 LXmo
1297 1970 1383 2044 gaius
1406 1968 1494 2030 iulius

198 2090 287 2132 cesar
309 2073 422 2150 primus
443 2087 634 2131 romanorum
657 2070 811 2130 brittanias
834 2068 911 2130 beiio
935 2068 1063 2148 pulsauit
1084 2078 1139 2130 etc.

288 2174 515 2234 Praeteritum
540 2170 648 2232 tibrum
677 2172 711 2232 in
736 2180 829 2248 purte
857 2170 963 2246 atique
985 2172 1087 2248 aperis
1104 2190 1139 2247 p.
1166 2178 1233 2245 275,
1262 2179 1296 2229 72
1318 2207 1360 2216 -
1385 2179 1449 2246 282,
1477 2181 1494 2231 2

197 2276 246 2337 uti
271 2275 359 2337 licuit
384 2275 498 2336 duodus
524 2272 680 2335 codicibus
708 2272 926 2347 Bernensious,
964 2273 1016 2349 qui
1048 2273 1135 2334 ittam
1162 2277 1298 2352 syttoqen
1325 2273 1489 2351 continent,

196 2395 291 2456 quum
312 2375 473 2438 Putscita'ns
494 2375 591 2436 edidit
609 2395 642 2452 p.
661 2382 858 2435 2283-2288
880 2383 909 2435 et
930 2374 1073 2436 Hande'us
1089 2393 1200 2452 proqr.
1224 2377 1343 2436 lenens.
1362 2383 1439 2435 7848
1455 2396 1489 2453 p.

198 2475 351 2561 7-78,*)
377 2478 508 2550 Quotam
523 2481 610 2552 alter,
628 2494 713 2552 quem
729 2475 758 2534 B
772 2475 875 2537 littera
890 2477 1006 2551 notaui,
1026 2479 1052 2537 Α
1067 2483 1104 2536 82
1118 2496 1167 2536 nr.
1180 2484 1220 2536 34
1234 2495 1313 2538 suec.
1329 2478 1496 2539 ΧΙ-ΧΙΙ

196 2583 317 2662 (incipit
340 2580 518 2646 dissonantia
540 2597 721 2640 sermonum.
765 2579 845 2639 inter
873 2578 981 2639 auxilia
1010 2588 1040 2638 et
1070 2578 1249 2657 promidium
1274 2587 1303 2639 et
1325 2578 1489 2640 subsidium

199 2684 259 2744 hoc
282 2685 416 2745 interest
459 2679 609 2744 Auxilium
637 2680 783 2742 laboranti
810 2681 935 2741 mittitur
964 2689 1018 2740 etc.
1049 2715 1089 2722 —
1119 2680 1199 2741 inter
1223 2673 1375 2741 rediubiuir
1394 2682 1490 2761 perit

198 2785 329 2874 litteram
358 2794 387 2846 et
414 2783 582 2847 rediuiuum
610 2801 665 2862 per
688 2803 707 2844 u
736 2783 793 2844 hoc
819 2784 952 2842 interest.
990 2781 1137 2843 redubiuti
1165 2780 1243 2860 quod
1270 2782 1334 2842 finit
1357 2785 1489 2843 nascitur

196 2876 336 2968 reditium
359 2902 437 2983 quod
462 2902 624 2981 reuiuiscit)
648 2902 734 2964 cuius
756 2878 927 2977 arcumenti
948 2905 986 2962 sit
1012 2910 1198 2978 praetereas
1223 2918 1319 2978 snpra
1341 2920 1375 2979 p.
1398 2902 1487 2963 titt.

195 3008 277 3069 LIV
295 3006 479 3083 ueneficam.

283 3108 416 3169 Alterius
441 3106 515 3167 libri
538 3115 595 3166 330
620 3125 700 3168 saec.
724 3109 759 3167 X
777 3108 841 3182 (d')
870 3116 1046 3167 accuratum
1074 3105 1307 3183 descriptionem
1335 3106 1488 3169 nobiscum

194 3230 295 3288 nuper
321 3207 554 3272 communicarit
587 3210 780 3269 Hermnnnus
821 3211 966 3270 Vsenerus
998 3226 1072 3269 mus.
1110 3210 1204 3268 lilaea.
1235 3209 1338 3269 XXII
1364 3227 1398 3284 p.
1430 3217 1487 3268 tto

193 3319 316 3381 -tte;
339 3309 535 3387 differentiae
556 3313 697 3385 tenuntur
716 3309 744 3382 s.
765 3318 822 3368 ts·
842 3315 899 3371 cot.
916 3313 935 3370 I
954 3345 997 3355 -
1013 3309 1043 3382 s.
1061 3317 1119 3369 216⁶
1140 3313 1197 3370 cot.
1216 3312 1265 3370 Il:
1289 3308 1326 3369 ΙΝ
1342 3308 1487 3371 Nutttttu

196 3411 429 3476 SALVATORiS
451 3411 588 3473 tuctrtt
617 3411 664 3472 DE
693 3411 940 3472 utssuunttrtn
969 3410 1184 3472 SERMONVM.
1236 3411 1315 3473 iuter
1343 3412 1485 3472 auxilium

195 3526 226 3576 et
256 3513 438 3594 praesidium
468 3523 497 3574 et
524 3512 684 3574 subsidium
716 3549 758 3558 —
786 3513 951 3574 rediuiuum
986 3515 1064 3591 (ruod
1093 3515 1255 3574 reuiuiscit.
1307 3518 1402 3589 Atque
1429 3516 1486 3576 troc

193 3617 302 3679 888888
330 3616 504 3678 Putschium
537 3634 619 3676 usum
651 3634 713 3676 esse
748 3625 904 3692 aurumque
930 3615 1105 3688 conserenti
1137 3614 1236 3688 secde
1268 3618 1482 3693 persuadetur.

195 3721 332 3780 Ceterum
353 3717 492 3780 codicum
515 3719 592 3777 Bet
616 3719 640 3776 C
660 3736 718 3778 non
742 3718 820 3778 idem
844 3719 920 3778 ordo
942 3728 995 3794 est,
1019 3717 1072 3793 qui
1092 3717 1125 3778 in
1148 3717 1393 3795 Acortspicitur:
1415 3737 1484 3778 nam

189 3830 261 3898 post
283 3840 319 3897 p.
349 3827 421 3894 277,
449 3828 498 3878 to:
533 3820 602 3895 ‘qui
629 3819 708 3896 reqit
736 3823 877 3894 reannm'
913 3818 1013 3880 statim
1041 3820 1131 3880 habes
1153 3839 1188 3897 p.
1221 3826 1291 3895 279,
1323 3828 1351 3879 t:
1383 3820 1484 3881 ‘Inter

190 3921 272 3994 sari'
297 3930 353 3983 etc.
382 3957 425 3966 -
447 3940 481 3997 p.
508 3928 579 3994 288,
605 3930 656 3980 22:
687 3920 783 3981 ‘intra
805 3926 949 3999 affectum
972 3920 1117 3990 dataris',·
1146 3922 1208 3982 iam
1230 3929 1381 3997 secuntur,
1406 3940 1483 3997 quae

189 4043 222 4101 p.
256 4030 329 4102 277,
360 4031 409 4082 17.·
437 4025 539 4084 ‘Inter
561 4025 721 4083 amantem'
751 4033 807 4084 etc.
836 4058 876 4067 —-
907 4044 937 4100 p.
970 4031 1043 4098 278,
1076 4031 1129 4082 25:
1158 4027 1263 4084 ‘tractu
1291 4022 1480 4085 eduardium’

191 4123 312 4202 scripta
332 4134 412 4199 sunt,
437 4144 514 4201 quae
536 4125 652 4202 excipit
674 4124 729 4186 itta
750 4144 834 4201 pars,
860 4144 938 4201 8888
953 4146 988 4205 p.
1014 4133 1081 4200 288,
1101 4132 1153 4185 28;
1177 4127 1275 4185 ‘Inter
1298 4129 1400 4186 orare'
1424 4135 1479 4186 etc.

191 4262 236 4272 -
253 4245 287 4303 p.
312 4234 378 4301 282,
405 4235 438 4286 2.·
461 4231 545 4304 ‘quos
565 4226 721 4288 nescimus’
746 4237 841 4288 extat.

278 4326 349 4388 Hae
369 4328 467 4404 icitur
487 4329 602 4390 codicis
624 4329 788 4391 Berrtensis
813 4338 867 4390 778
889 4329 1099 4407 differentiae,
1125 4348 1202 4406 natac
1224 4331 1304 4405 quod
1328 4329 1479 4389 Cicero-

192 4430 254 4491 nis
276 4448 379 4490 neuun
402 4430 435 4489 in
454 4431 559 4502 [route
579 4439 697 4505 aestum
719 4431 789 4492 inde
801 4433 921 4505 factum
936 4451 999 4492 esse
1015 4431 1146 4505 uidetur,
1171 4435 1253 4508 utria,
1279 4440 1310 4491 ut
1332 4430 1481 4491 Isidori

261 4699 288 4766 *)
306 4699 375 4759 Quae
393 4703 464 4766 apud
483 4700 605 4751 Handium
626 4703 684 4752 inde
696 4719 711 4752 e
724 4721 749 4770 p.
763 4709 837 4766 18‚3:
867 4705 945 4753 ‘luter
963 4706 1085 4770 putrium'
1104 4713 1152 4754 etc.
1172 4720 1252 4766 usque
1271 4703 1301 4751 nd
1317 4701 1390 4748 duem
1403 4697 1478 4748 tibetti

191 4786 217 4837 p.
235 4772 268 4820 21
285 4782 386 4833 extant,
413 4784 441 4818 ea
464 4771 601 4819 maximam
626 4788 721 4834 pari-tem
745 4774 863 4835 ‹uitrmuis
886 4773 989 4823 diuerso
1013 4773 1161 4839 pierumque
1187 4773 1274 4822 ordine
1297 4771 1360 4816 iuter
1382 4767 1478 4816 codicis

189 4839 265 4889 Bern.
285 4840 332 4889 178
350 4838 507 4889 differentius
526 4839 659 4904 leguntur,
677 4839 709 4888 ci.
730 4841 794 4890 inira
813 4858 837 4906 p.
857 4840 972 4890 cxxut.
