3382 5476
684 1164 687 1171 ·
755 1130 918 1210 VIII

190 1327 618 1425 OOMMENTVM
653 1327 1090 1428 EINSIDLENSE
1123 1326 1198 1423 IN
1225 1324 1487 1424 DONA'l'I

540 1481 772 1580 Anauni
798 1480 1128 1581 MINOR-EM.

678 1906 736 1985 (nu
758 1904 999 1984 enononuna.)

38 2098 267 2154 cetnn..·.mr,12u.
282 2087 296 2174 ll
311 2092 379 2170 Peg.
395 2088 456 2152 112
472 2090 482 2173 ΙΙ
500 2093 577 2170 Ergo
593 2094 672 2153 iuxta
689 2092 887 2154 definitionem
912 2093 978 2153 soni
1001 2092 1078 2152 diota
1101 2100 1146 2152 est
1168 2110 1296 2171 persona
1312 2110 1328 2152 a
1345 2092 1487 2152 concaui·
1584 2110 1588 2115 ·

191 2200 249 2253 tato
271 2192 435 2264 laruarum,
459 2196 613 2273 quioniam,
637 2214 694 2273 quo
716 2195 810 2256 maior
832 2202 897 2256 erat
918 2195 1099 2263 comanitas,
1124 2213 1159 2254 eo
1175 2202 1204 2254 et
1218 2192 1362 2274 prolixior
1378 2190 1487 2254 redde·

192 2293 277 2355 batur
307 2313 405 2356 sonus.
450 2296 620 2357 Secundum
649 2316 721 2358 uero
749 2296 945 2358 substantiam
974 2314 1100 2375 persona
1129 2303 1174 2356 est
1202 2293 1353 2356 indiuidua
1382 2295 1487 2355 unius-

191 2397 335 2474 cuiusque
362 2400 406 2458 rol
435 2400 678 2478 repraesentatio.
722 2400 773 2460 Est
800 2417 872 2478 ergo
899 2394 994 2478 prima
1023 2414 1164 2474 persona,
1195 2414 1271 2477 quae
1298 2396 1335 2457 de
1362 2414 1395 2457 se
1424 2397 1515 2477 imao

191 2497 331 2577 loquitur,
355 2500 498 2570 seeundo,
522 2500 662 2578 adquam
686 2499 818 2580 loquitur
839 2501 949 2580 prima.
973 2501 1061 2561 tertia
1076 2516 1209 2579 quoquo,
1232 2498 1268 2558 ad
1284 2516 1373 2578 quam
1389 2500 1489 2577 prima

63 2615 279 2662 :nnrausuum
303 2620 470 2663 sermonem
494 2602 603 2680 dirigit.
641 2604 753 2663 Casus
776 2605 872 2663 item.
916 2602 985 2662 ldeo
1001 2601 1075 2661 dixit
1089 2603 1197 2671 ‘item',
1222 2602 1288 2679 (pria
1310 2601 1342 2661 in
1366 2601 1489 2662 nomine

191 2703 248 2763 iam
264 2702 380 2764 dixerat
395 2722 488 2765 casus.
533 2705 601 2765 Per
624 2723 730 2782 epiros,
754 2724 779 2765 s.
796 2722 890 2765 casus.
923 2702 1190 2778 inflectuntur,
1216 2704 1335 2763 uomina
1350 2704 1488 2763 omnium

190 2822 349 2881 generum,
367 2807 541 2884 pronomina
558 2808 688 2867 onmium
704 2822 846 2882 generum
871 2815 900 2867 et
916 2806 1068 2886 participia
1092 2806 1223 2866 omniurn
1246 2822 1402 2883 generum.
1419 2805 1488 2883 utria

100 2920 179 2967 oanis
193 2907 267 2965 istae
282 2912 344 2966 tres
365 2903 557 2968 declinabiles
579 2915 657 2969 sunt.
693 2906 765 2984 Ego
789 2925 993 2984 pronomen
1017 2909 1183 2981 linitum,
1209 2908 1228 2967 i.
1246 2904 1488 2977 determinatum,
1504 2922 1531 2962 ιο

192 3007 275 3083 quia,
298 3009 349 3083 qui
365 3008 438 3068 dicit
453 3025 517 3086 ego,
541 3010 756 3087 inpraesentia
780 3016 834 3069 ost.
879 3010 1038 3070 Generis
1060 3010 1188 3070 ominis.
1220 3008 1304 3070 Siout
1319 3009 1400 3069 enim
1417 3006 1491 3069 (licit

102 3121 179 3170 norun
194 3107 341 3184 uir‘ego’‚
360 3110 397 3169 ita
415 3115 444 3168 et
460 3109 574 3179 mulier,
591 3112 635 3170 sie
651 3119 681 3170 et
697 3110 884 3188 mancipium.
917 3112 1033 3172 Casus
1055 3112 1294 3171 norninatiui.
1325 3108 1488 3171 Sciendum

192 3218 249 3279 est,
280 3211 358 3289 quod
382 3212 476 3291 prima
500 3229 625 3290 persona
656 3214 685 3272 in
709 3209 912 3290 singularitate
941 3212 1039 3273 delicit
1061 3215 1091 3273 iu
1120 3213 1273 3281 uocatiuu,
1303 3211 1371 3292 quia
1399 3229 1490 3271 nemo

190 3318 289 3390 potest
317 3332 349 3373 se
377 3314 475 3393 ipsum
505 3333 628 3385 noeane,
658 3315 714 3374 nisi
742 3312 954 3393 προσωποιία
981 3316 1033 3384 sit,
1063 3315 1082 3375 i.
1106 3314 1302 3375 conformatio
1329 3330 1488 3394 personae,

191 3413 310 3493 quaudo
326 3414 432 3495 aliquis
448 3417 571 3494 figurate
588 3416 623 3476 ad
637 3418 777 3497 seipsum
794 3418 877 3494 quasi
893 3415 928 3476 ad
942 3415 1030 3478 alium
1044 3417 1182 3497 loquitur,
1200 3416 1277 3477 sicut
1287 3414 1488 3494 Virgilius:
1504 3430 1532 3471 ιι

394 3517 532 3578 Infelix
553 3518 661 3589 utto,
685 3537 781 3579 nune
804 3527 838 3578 te
860 3517 959 3580 lacta
982 3519 1093 3599 impia
1117 3524 1282 3596 tangunt.

101 3630 181 3684 sauro
196 3617 268 3677 ltido
285 3620 365 3678 euim
381 3619 416 3678 ad
433 3638 465 3679 se
480 3621 574 3700 ipsam
590 3620 777 3698 loquebatur.
810 3620 850 3679 Vt
872 3638 951 3697 ego,
969 3618 1050 3698 lego:
1075 3623 1144 3681 mei
1167 3617 1227 3681 uel
1249 3620 1333 3696 mis,
1351 3618 1429 3679 liber
1445 3626 1492 3679 est

190 3719 260 3786 iste;
278 3719 382 3789 milri,
400 3720 493 3787 dedit:
517 3740 578 3789 me,
594 3720 708 3790 landat;
725 3741 740 3782 a
758 3741 825 3791 ure,
842 3723 972 3799 accepim
988 3730 1025 3782 ot
1038 3720 1246 3801 pluraliter
1261 3739 1336 3795 nos,
1351 3719 1489 3799 legimus.

191 3819 250 3879 loru
275 3821 371 3900 prima
394 3839 519 3902 persona
542 3824 637 3902 iungit
658 3842 690 3884 se
713 3842 781 3883 omn
805 3823 870 3884 aliis
893 3832 923 3883 et
945 3823 1012 3884 ideo
1041 3823 1132 3884 lrabot
1161 3823 1343 3883 uocatiuum:
1375 3826 1411 3882 ‘o
1434 3840 1490 3883 nos

192 3921 491 4013 lratros'legamusi’
536 3925 611 4004 Ego,
641 3925 719 4006 quod
746 3926 859 3986 Graece
888 3924 1022 3985 similiter
1051 3925 1158 3985 dieitur
1186 3920 1264 4003 ἐγώ.
1314 3923 1377 3993 Τιι,
1406 3922 1530 4004 quoda»

193 4025 297 4085 Graeci
331 4025 432 4087 dicunt
460 4021 518 4097 σύ,
548 4046 637 4088 rasus
669 4028 841 4089 nominatiui
873 4037 902 4087 et
931 4014 1059 4088 uocatiui
1087 4034 1140 4087 est.
1191 4024 1328 4088 Secunda
1359 4044 1488 4105 persona

192 4125 283 4187 hahet
306 4131 489 4205 necaturum,
520 4138 552 4191 ut
573 4132 622 4190 ‘tu
646 4129 755 4190 irater’
769 4176 861 4191 .....
898 4130 947 4190 Est
968 4131 1047 4190 scire
1069 4136 1240 4209 praeterea.
1269 4126 1348 4207 qnod
1372 4126 1488 4190 nullum

260 4383 323 4434 Cori.
342 4383 453 4434 Eiuaidl.
467 4386 517 4433 172
534 4385 900 4449 ruer.Xp.112-p.138.
969 4384 1057 4433 Prima
1076 4390 1201 4433 tractetur
1219 4385 1315 4446 popina
1333 4384 1382 4432 111
1400 4390 1489 4447 putre-
1551 4406 1558 4417 ·

191 4451 250 4500 dine
267 4452 305 4500 ita
323 4453 437 4514 euonrrit,
456 4459 483 4500 ui
500 4454 551 4516 lepi
568 4454 616 4501 iam
634 4460 756 4518 nequent:
774 4453 864 4516 incipit
880 4467 941 4501 uero
958 4468 974 4500 o
992 4451 1090 4501 nordio:
1108 4451 1251 4516 ‘Bipertito
1268 4458 1308 4500 eat
1327 4452 1359 4499 ·i·
1378 4454 1405 4501 in
1423 4452 1489 4501 elena

189 4526 281 4581 portes
303 4519 401 4568 diuiso’
418 4539 453 4564 =
473 4519 536 4571 non.
554 4537 584 4584 p.
603 4523 663 4580 357,
683 4526 699 4570 5
718 4521 751 4571 K.
789 4520 853 4568 :lom
875 4521 1005 4584 quorninns
1027 4521 1055 4570 id
1076 4521 1163 4569 lontano
1184 4521 1221 4568 mi
1241 4521 1320 4568 loram
1339 4520 1371 4568 ele
1389 4521 1488 4569 nomine

191 4603 217 4649 p.
239 4590 300 4648 355,
321 4588 472 4650 Supertare
489 4589 637 4649 indiremnr,
661 4589 744 4639 odstot
766 4589 938 4637 eonrmenturii
958 4593 1026 4636 ratio
1050 4589 1187 4652 prolixior.
1227 4587 1488 4649 deperditarum

191 4656 360 4717 expositionis
376 4671 449 4719 pnes,
469 4672 519 4720 quo
536 4657 568 4704 de
587 4657 683 4706 nomine
696 4655 827 4720 repedetur.
896 4655 1102 4705 adituntnonem
1175 4650 1487 4707 durocortorum

192 4722 224 4768 15
244 4719 379 4786 Virgilius]
400 4724 464 4774 Aen.
484 4722 499 4771 1
505 4723 531 4770 V
545 4727 595 4771 596
663 4727 696 4773 ‘20
715 4739 787 4783 erere
856 4726 886 4770 ’.Ἰ
902 4725 968 4785 greei
1038 4722 1235 4773 repositione
1251 4721 1397 4773 uocabulum
1413 4738 1488 4772 ιιιιιαιι

193 4789 266 4836 rriurio
283 4793 383 4854 portior-e
401 4793 538 4842 extinctum
556 4798 608 4853 est,
627 4793 695 4856 qnod
712 4794 737 4840 in
754 4791 915 4855 sequentibus
932 4808 1031 4857 quoqne
1047 4793 1143 4856 passim
1160 4792 1263 4841 oceidit.
