3382 5476
809 1178 855 1258 Ι.

314 1374 678 1458 COMMENTVM
706 1374 934 1458 SEDVLH
957 1374 1269 1458 TVRIOENSE
1291 1376 1355 1457 ΙΝ

694 1510 975 1594 EVTYOHIS

188 1682 378 1757 ARTEM
409 1683 479 1756 DE
512 1682 925 1757 DISOERNENDIS
952 1681 1480 1757 CONIVGATIONIBVS.

768 2037 852 2102 Coe.
876 2038 903 2102 Ι.

543 2156 603 2221 DE
625 2155 767 2222 LIBRIS
790 2155 1123 2223 MANVSGRIPTIS.

274 2280 313 2339 Iu
336 2283 393 2341 hoc
410 2282 579 2356 praeclaro
601 2283 775 2354 doctrinae,
806 2298 884 2355 qima
906 2298 967 2357 per
988 2283 1118 2340 medium
1140 2283 1222 2356 quad
1243 2289 1355 2342 uocaui
1376 2298 1484 2341 aeuum

191 2384 328 2456 uipebut,
356 2385 576 2456 qrammaticae
598 2381 779 2458 fraqmeuto
800 2391 829 2442 et
850 2385 967 2442 edendo
994 2390 1024 2442 et
1044 2384 1234 2443 emendando
1260 2384 1376 2444 duobus
1402 2384 1486 2442 uobis

190 2484 343 2544 codicibus
363 2490 393 2543 et
413 2487 551 2558 uetustis,
576 2492 609 2545 ut
631 2486 783 2557 uidentur,
808 2502 904 2560 meque
924 2486 1012 2545 nimis
1032 2487 1184 2560 corruptis
1205 2488 1250 2545 uti
1268 2486 1363 2546 licuit
1408 2485 1485 2554 Quo·

190 2603 257 2644 rum
279 2587 357 2644 atter
381 2585 552 2646 Turiceusis
576 2586 598 2645 C
620 2593 654 2645 99
675 2604 755 2648 saec.
778 2587 831 2646 IX
849 2588 980 2662 scriptus
996 2585 1083 2659 soliis
1104 2586 1228 2662 XXXI,
1251 2601 1377 2661 quorum
1398 2586 1486 2645 initia

193 2689 299 2762 ubique
320 2689 528 2762 adposuimus,
556 2696 684 2764 praeter
704 2690 783 2749 illud
802 2692 898 2764 ipsum
924 2695 1117 2749 commentum
1139 2690 1215 2748 uiuit
1234 2690 1380 2762 continet,
1410 2687 1487 2746 adeo

148 2871 152 2877 1
192 2798 225 2849 ut
247 2791 297 2848 rici
324 2796 462 2848 extrema
488 2791 561 2849 tciri
579 2793 701 2866 paqiua
728 2794 885 2867 scripturo
913 2795 1033 2851 omniuo
1054 2799 1170 2852 careat.
1214 2790 1277 2850 Sed
1296 2805 1364 2850 cum
1386 2789 1487 2848 uultus

170 2893 236 2951 atu·
254 2909 346 2950 mauu
369 2894 497 2965 antiqua
519 2894 624 2952 titulus
640 2897 802 2969 practicus
823 2900 899 2953 esset
920 2911 1016 2969 meque
1037 2897 1106 2969 ipsu
1126 2911 1234 2953 mamus
1247 2895 1408 2965 recentior,
1426 2906 1486 2965 qua

193 2993 243 3052 ‘de
262 2994 479 3067 qrammatica’
496 2999 724 3070 praescriptum
745 3004 803 3069 est,
828 2998 963 3055 auctoris
983 3012 1089 3055 nomeu
1112 3000 1375 3067 commemoraret,
1394 3007 1486 3068 pruc-

193 3098 280 3154 eiura
306 3111 381 3155 casu
409 3097 537 3173 accidit,
566 3104 598 3157 ut
619 3098 784 3158 Fraucisci
803 3096 986 3159 Buecheleri
1011 3099 1227 3158 iucundissima
1249 3098 1392 3157 comitate
1414 3095 1486 3152 aite-

194 3200 259 3256 rius
280 3198 394 3257 codicis
415 3189 523 3256 matitia
546 3200 747 3273 inbueremur,
771 3203 857 3262 cuius
879 3216 936 3275 ope
949 3206 978 3259 et
994 3201 1088 3259 rurba
1108 3199 1310 3272 multifarium
1332 3195 1491 3255 emendari

188 3306 314 3375 possent
335 3305 425 3373 atqua
445 3304 603 3374 coquosci,
628 3305 763 3376 quisnam
779 3305 918 3379 opusculi
929 3304 1049 3362 minime
1061 3303 1227 3377 spernendi
1239 3306 1348 3359 auctor
1365 3295 1487 3369 suisset.

194 3401 272 3459 Nam
295 3402 326 3459 iu
349 3417 383 3460 ea
405 3403 519 3461 codicis
540 3406 732 3479 epaqrapita,
749 3407 831 3480 quod
845 3405 1049 3466 Buecketcrus
1070 3404 1146 3463 milri
1165 3402 1346 3473 transmisit,
1370 3398 1490 3457 disertis

195 3504 295 3563 uerbis
315 3506 552 3579 superscriptum
574 3512 634 3564 est:

323 3602 429 3683 Incipit
451 3607 728 3668 commentariolum
751 3607 856 3668 sedulii
878 3609 907 3668 in
931 3615 1025 3669 artem
1048 3607 1144 3668 eutitii
1166 3601 1365 3683 grammatici.

195 3707 299 3782 Neque
320 3714 418 3766 tamen
440 3717 524 3769 certa
544 3713 622 3784 scio,
648 3718 746 3771 utrum
768 3712 843 3771 haec
864 3728 957 3771 mauu
979 3713 1107 3785 antiqua
1129 3727 1170 3768 au
1191 3707 1359 3766 recentiori
1379 3702 1493 3776 scripta

194 3813 271 3870 siut:
293 3826 363 3868 uam
387 3813 506 3871 omniuo
529 3829 623 3888 neque
644 3814 682 3873 de
704 3820 854 3889 tempore,
877 3831 936 3889 quo
958 3815 1090 3888 scriptus
1111 3818 1187 3871 esset
1201 3812 1256 3868 iste
1270 3807 1382 3878 codex,
1400 3817 1496 3877 meque

196 3913 236 3971 dc
263 3913 346 3984 ioco,
376 3913 428 3972 ubi
452 3922 628 3975 seruaretur
654 3917 758 3987 hodic,
788 3917 950 3991 quidquam
972 3917 1063 3991 potui
1087 3913 1264 3987 comperire,
1300 3907 1441 3983 quamuis
1467 3907 1497 3959 et

196 4014 404 4089 esttaqitarem
431 4032 487 4089 eqo
514 4018 705 4092 cupidissime
730 4026 760 4076 et
783 4017 1001 4091 Buechelerus,
1031 4015 1180 4092 quidquid
1206 4015 1270 4086 ipse
1298 4007 1495 4083 comperisset,

196 4118 303 4176 sedulo
330 4117 405 4175 mitri
426 4119 590 4192 perederet.
645 4120 776 4191 Quorum
803 4138 920 4182 summa
947 4121 1023 4180 haec
1052 4125 1112 4178 est:
1146 4115 1320 4176 Cornelium
1350 4106 1499 4168 Bactrium

193 4218 401 4294 professorem
423 4220 656 4294 Friburqeusem
678 4225 824 4298 colleqam
845 4239 929 4284 suum
947 4223 1119 4297 permisisse
1139 4218 1197 4276 sibi
1218 4216 1306 4284 olim,
1331 4218 1367 4270 ut
1389 4205 1501 4269 codicis

195 4323 261 4380 siue
290 4319 498 4382 emeterius
529 4326 594 4383 siue
621 4324 792 4399 Haaqeusis
825 4327 1043 4401 apoqraplcom,
1078 4320 1161 4397 quod
1192 4319 1273 4391 ipse,
1311 4313 1386 4371 dcem
1419 4304 1503 4381 apud

197 4423 314 4496 Bciqas
335 4431 485 4500 moratur,
507 4424 700 4500 confecerat,
724 4445 808 4487 suum
831 4430 862 4487 iu
883 4443 967 4486 usum
990 4424 1192 4486 describerem
1225 4415 1309 4490 qima
1330 4425 1401 4471 cum
1423 4406 1502 4464 Buc-

197 4525 336 4585 ΜΝ
359 4525 539 4597 faciendum
566 4535 702 4588 curasset
724 4536 815 4603 etque
837 4530 915 4588 adea
937 4531 1001 4604 ipse
1022 4520 1229 4600 apoqrupltam
1251 4530 1340 4574 suum
1363 4525 1430 4570 cum
1452 4521 1503 4562 ur·

197 4627 329 4702 chetypo
351 4628 510 4689 Bactriano
532 4631 692 4704 diliqemter
712 4633 900 4706 contulisset,
924 4636 1088 4705 postquam
1116 4624 1218 4684 uirum
1249 4617 1335 4674 iilum
1357 4606 1504 4668 liberalis·

197 4731 321 4801 simum
351 4729 404 4788 ubi
423 4731 555 4791 codicem
583 4735 744 4793 inuenisset
765 4734 1043 4808 descripsissetque,
1075 4718 1301 4793 iuterroquuit,
1331 4715 1446 4769 certum
1468 4702 1506 4761 ab

198 4848 236 4891 eo
259 4847 433 4907 responsum
461 4835 562 4894 titisse
587 4836 716 4908 uultum,
746 4838 818 4911 quia
845 4838 909 4912 ipse
936 4836 970 4895 id
997 4837 1057 4893 iam
1085 4827 1162 4888 sutis
1189 4836 1222 4878 se
1250 4815 1332 4874 scire
1359 4810 1505 4881 ueqasset,
