3382 5476
666 351 878 406 unuusnsm.
1379 351 1422 416 69

125 547 167 607 sic
196 544 340 605 celsitudo
368 545 515 607 rectitudo
543 543 708 607 crassitudo
736 541 889 621 longitudo
918 541 1077 610 habitudo,
1105 543 1245 619 genetiuo
1275 541 1423 604 secundae

125 646 331 708 declinationis
361 648 430 708 tudo
454 647 570 708 adlecta
592 666 611 707 u
634 644 813 726 paenultima
836 643 980 724 producta
1003 652 1033 706 et
1053 645 1064 704 i
1086 642 1335 722 autepaenultima
1357 662 1422 705 cor·

124 757 223 829 repta,
253 750 295 808 sic
323 749 425 810 firmus
453 749 530 809 llrmi
557 747 723 816 firmitudo;
752 745 808 808 alia
835 766 852 808 a
878 745 979 811 datiuo
1010 747 1114 808 tertiae
1143 744 1363 817 declinationis,
1392 756 1425 807 ut

124 850 215 912 simili
237 849 414 920 similitudo,
443 852 528 911 auaui
550 849 724 919 suauitudo,
747 849 818 909 lorti
839 848 997 918 tortitudo,
1021 854 1096 910 testa
1118 865 1237 927 quoque
1258 850 1324 909 siue
1345 856 1422 910 testu

97 954 195 1018 eiacit
230 951 361 1020 testudo;
400 953 456 1014 alia
491 954 522 1011 iu
559 969 592 1012 as
625 950 783 1011 diriuatiua
816 969 833 1010 a
865 951 1003 1028 genetiuo
1037 950 1185 1011 secundae
1217 948 1423 1013 declinationis

125 1057 264 1123 ueniunt,
295 1053 392 1114 addita
423 1062 467 1115 tas
488 1051 598 1134 syllaba
621 1051 766 1132 producta
788 1059 818 1113 et
839 1054 850 1112 i
871 1050 1051 1132 paenultima
1075 1059 1226 1132 correpta,
1255 1060 1288 1112 ιιι
1309 1051 1423 1132 probus

123 1155 211 1236 probi
239 1154 385 1235 probitas,
421 1157 493 1216 noui
521 1156 650 1224 nouitas,
685 1154 755 1215 boni
784 1153 916 1227 bouitas,
950 1154 1078 1220 mendici
1105 1152 1295 1223 mendicitas,
1324 1155 1423 1233 asperi

122 1259 283 1339 asperitas,
308 1259 444 1336 prosperi
466 1259 666 1336 prosperitas,
690 1257 799 1317 sinceri
814 1257 986 1326 sinceritas,
1009 1257 1117 1336 integri
1132 1256 1301 1334 integritas,
1324 1254 1424 1317 seduli

123 1358 279 1429 sedulitas,
303 1359 399 1420 timidi
415 1359 563 1420 timiditas.
594 1358 630 1419 m
651 1357 828 1430 notandum,
852 1359 931 1438 quod
955 1376 998 1430 ea,
1022 1376 1098 1438 quae
1120 1359 1150 1417 in
1166 1360 1309 1436 genetiuo
1324 1357 1420 1437 dupli·

85 1468 193 1530 rorant
219 1464 244 1531 i,
279 1470 440 1522 extremam
475 1479 576 1522 earum
608 1465 727 1521 mutant
753 1461 784 1520 in
812 1479 829 1520 ι
857 1467 1025 1539 correptam
1054 1458 1221 1540 euphoniae
1250 1477 1353 1535 causa,
1390 1468 1423 1522 ut

123 1566 189 1644 pius
212 1564 252 1641 pii
273 1563 382 1641 pietas,
411 1563 501 1624 medii
528 1552 683 1636 medietas,
714 1563 793 1624 auxii
821 1563 969 1634 anxietas,
997 1562 1071 1624 socii
1092 1562 1228 1623 societas.
1271 1561 1423 1641 Excipitur

122 1665 213 1735 liber,
242 1664 320 1743 quod
350 1666 550 1734 nominatiuo,
580 1681 640 1724 nou
667 1665 821 1742 genetiuo,
851 1663 1014 1744 adsumpsit
1040 1672 1100 1736 tas,
1128 1672 1162 1726 ut
1183 1662 1262 1726 liber
1283 1663 1420 1734 libertas;

123 1769 166 1830 sic
188 1775 218 1828 ιι
240 1769 269 1826 in
292 1768 377 1828 tertia
400 1764 598 1829 declinatione
621 1783 735 1846 pauper
756 1771 931 1845 paupertas,
955 1765 1031 1827 uber
1054 1765 1186 1837 ubertas,
1209 1772 1295 1828 uetus
1317 1772 1421 1829 uetus-

121 1878 166 1931 tas
187 1876 218 1929 et
239 1867 295 1929 alia
318 1869 436 1929 uomina
459 1869 564 1930 tertiae
587 1867 793 1930 declinationis
813 1868 846 1928 iu
867 1876 913 1929 tas
932 1867 1096 1931 desinentia
1116 1888 1133 1931 a
1154 1867 1255 1930 datiuo
1275 1865 1421 1943 singulari

84 1973 263 2039 rsueuiunt,
292 1980 326 2031 ut
352 1971 454 2048 capaci
481 1971 643 2050 capacitas,
672 1971 769 2030 tenaci
797 1971 955 2040 tenacitas,
983 1971 1083 2050 rapaci
1110 1971 1270 2050 rapacitas,
1301 1971 1420 2049 procaci

122 2076 294 2154 procacitas,
319 2072 397 2133 lelici
420 2070 552 2143 lelicitas,
576 2071 686 2133 iulideli
708 2070 875 2147 infidelitas,
899 2070 991 2133 celeri
1012 2071 1160 2143 celeritas,
1183 2073 1297 2133 auctori
1319 2077 1421 2133 aucto·

120 2177 204 2238 ritas.
249 2176 328 2237 Haec
356 2192 428 2252 ergo
458 2175 556 2235 omnia
584 2175 703 2235 uomiua
727 2173 885 2237 diriuatiua
906 2191 997 2252 supra
1019 2171 1111 2246 dicta,
1141 2192 1217 2254 quac
1239 2173 1368 2236 diximus
1389 2175 1420 2234 iu

122 2280 178 2348 tia,
208 2280 239 2338 in
262 2278 322 2346 sio,
352 2278 382 2336 iu
407 2278 462 2347 tio,
491 2278 522 2336 iu
545 2276 631 2346 tudo,
661 2278 691 2336 iu
714 2285 773 2350 tas,
803 2293 904 2341 rarum
927 2275 1161 2355 incorporalium
1183 2284 1253 2337 suut
1274 2273 1420 2340 uocabula

122 2387 152 2441 et
185 2381 326 2441 feminina
359 2386 436 2438 suut.
487 2379 559 2439 ltem
588 2379 725 2440 maiestas
753 2385 783 2438 et
809 2375 950 2439 honestas
979 2376 1148 2439 diriuautur
1174 2397 1191 2438 a
1220 2377 1420 2457 conparatiuis

81 2483 217 2549 eomaior
246 2490 274 2542 et
302 2481 415 2551 bouor,
444 2487 555 2542 mutata
583 2498 617 2546 or
645 2478 755 2559 syllaba
783 2479 814 2539 iu
842 2496 874 2540 es
902 2484 932 2538 et
958 2476 1057 2539 addita
1084 2487 1139 2540 tas.
1184 2479 1259 2540 ltem
1285 2480 1418 2540 iustum

120 2585 314 2646 iuueuiuutur
341 2582 499 2644 diriuatiua
526 2583 647 2645 nomina
675 2580 856 2650 desinentia,
885 2596 962 2658 quae
985 2598 1002 2641 e
1023 2579 1142 2660 longam
1164 2579 1275 2645 habeut
1295 2579 1419 2660 paenul-

121 2687 239 2754 timam,
269 2692 302 2745 ut
324 2683 423 2745 oleum
445 2683 602 2754 olinetum,
631 2684 720 2745 uinea
744 2683 893 2751 uinctum,
921 2700 988 2745 rosa
1011 2689 1161 2754 rosetum,
1185 2682 1294 2749 dumus
1315 2681 1419 2746 dume-

121 2797 196 2857 tum,
221 2785 337 2866 corylus
360 2786 533 2867 coryletum,
557 2793 671 2867 myrtus
693 2790 867 2866 myrtetum;
890 2783 945 2847 alia
967 2785 998 2847 iu
1019 2783 1143 2856 lbulum,
1167 2792 1200 2846 ut
1221 2785 1314 2848 uestis
1329 2785 1418 2847 uesti-

122 2888 242 2958 bulum,
265 2895 313 2949 tus
335 2888 515 2958 turibulum,
539 2890 549 2949 i
572 2886 822 2968 autepaenultima
843 2893 991 2966 correpta.
1035 2886 1110 2951 ltem
1132 2905 1206 2949 cuna
1229 2885 1419 2959 cunabulum,

81 3016 109 3057 ss
122 3010 181 3053 uox
196 2988 208 3073 ΙΙ
224 2991 244 3052 l.
260 2986 322 3051 82¹³
339 2988 350 3072 ΙΙ
367 2988 559 3060 uocabulum,
590 2988 747 3052 concilium
771 2987 1015 3060 conciliabulum,
1039 3010 1055 3055 a
1077 2989 1327 3071 autepaenultima
1349 3008 1418 3070 pro·

68 3072 75 3084 ’
120 3091 223 3160 ducta;
258 3090 314 3152 alia
346 3094 464 3153 uomina
492 3095 523 3153 in
552 3111 586 3154 ar
613 3091 777 3164 desinentia
805 3090 964 3154 diriuatiua
991 3097 1074 3161 suut,
1108 3100 1143 3156 ut
1170 3110 1274 3155 caesus
1300 3091 1417 3162 &osan

120 3193 201 3257 lacus
223 3194 359 3264 lacunar,
389 3194 457 3273 lupa
484 3194 624 3274 lupanar,
653 3193 776 3273 laqueus
802 3193 939 3275 laquear:
967 3192 1112 3272 quaedam
1138 3195 1169 3255 iu
1191 3213 1261 3266 cus,
1288 3196 1417 3261 maxime

119 3314 195 3377 quac
219 3295 256 3356 de
277 3296 452 3372 regionibus
475 3305 504 3356 et
525 3294 663 3374 gentibus
686 3302 716 3361 ct
736 3297 825 3366 sectis
851 3295 1032 3364 diriuantur,
1062 3299 1095 3361 ut
1115 3295 1324 3363 Macedonicus
1345 3296 1417 3363 sar·

120 3399 245 3459 malicus
268 3399 464 3460 Germanicus
484 3397 603 3459 Italicus
625 3398 836 3476 grammaticus
857 3397 1017 3463 historicus
1038 3396 1205 3459 rhetoricus
1227 3396 1415 3467 dialecticum

79 3527 106 3568 ao
120 3498 263 3581 quaedam
287 3503 316 3560 in
338 3502 390 3570 tis,
414 3507 446 3561 ut
467 3499 595 3569 Leuitis;
625 3499 770 3580 quaedam
791 3500 822 3561 iu
846 3519 913 3575 eus,
937 3506 971 3560 ut
991 3500 1111 3578 igneus:
1140 3498 1286 3579 quaedam
1307 3500 1338 3561 in
1359 3500 1415 3572 ius,

118 3610 151 3664 ut
177 3603 338 3683 Aegyptius
372 3612 402 3662 ιι
434 3611 532 3664 cetera
567 3604 688 3664 nomina
721 3600 892 3671 diriuatiua,
926 3618 1002 3680 quaa
1031 3599 1166 3669 diuersas
1193 3602 1415 3671 terminationes

118 3703 230 3766 babent
258 3703 416 3766 uariabiles
443 3712 473 3764 et
493 3703 740 3775 innumerabiles,
769 3701 822 3765 sed
844 3702 918 3765 baec
940 3702 1070 3783 exempli
1089 3721 1179 3767 causa
1201 3701 1316 3784 prolata
1336 3711 1414 3766 suut.

117 3805 279 3886 Hucusque
307 3806 345 3867 dc
371 3805 542 3868 nominibus
569 3806 749 3874 diriuatiuis;
788 3822 867 3866 nuuc
894 3806 933 3867 de
960 3804 1146 3870 diminutiuis
1172 3805 1332 3876 dicendum
1359 3814 1413 3868 est.

114 3907 178 3970 allia
201 3911 320 3971 nomina
343 3909 519 3969 diminution
545 3917 630 3980 sunt,
658 3917 691 3969 ut
712 3905 891 3969 monticulus
912 3907 1118 3972 scholasticus.
1159 3907 1338 3974 Dimiuutiua
1360 3927 1414 3970 uo·

77 4011 196 4076 asmiua
226 4029 318 4091 quare
341 4010 499 4072 dicuutur?
543 4012 618 4083 Quia
646 4009 814 4072 diminuunt
834 4027 969 4080 sensum,
999 4017 1033 4071 ut
1053 4012 1213 4075 monticius
1234 4009 1413 4081 monticulus

184 4300 328 4348 lsecnude
346 4300 411 4349 decli
495 4299 629 4351 :ttirmido
710 4298 831 4351 tadum
848 4296 900 4367 tas]
919 4299 1020 4350 additas
1088 4297 1225 4351 criminas
1293 4300 1364 4361 quod
1382 4315 1411 4350 ea

115 4365 193 4431 quae]
213 4367 317 4429 quodF
390 4370 420 4418 10
438 4378 536 4417 motam
605 4369 634 4417 ll
653 4368 738 4418 cccxii
755 4368 887 4418 ancxietas
957 4368 988 4416 15
1006 4366 1154 4432 capacitatis
1224 4367 1255 4418 17
1273 4381 1322 4430 que
1379 4370 1411 4421 18

115 4435 241 4486 uocabulo
329 4439 360 4486 19
379 4436 475 4486 lemine
543 4437 576 4486 20
595 4445 689 4485 motata
758 4435 877 4487 andins
944 4437 976 4485 at
994 4450 1045 4497 quo
1123 4437 1157 4492 23
1175 4435 1265 4488 mirum
1283 4434 1411 4487 mirtetum

182 4502 232 4553 elia
251 4503 364 4553 uibulum
450 4505 483 4554 24
501 4519 565 4553 cous
583 4503 737 4554 cunabulum
823 4505 856 4555 25
874 4499 1089 4568 uoxlllliccbulum
1169 4504 1309 4555 comesus
1377 4506 1410 4563 27

114 4571 205 4632 ianuar
255 4572 341 4634 qrdam
409 4574 443 4622 28
462 4583 486 4621 et
502 4573 630 4621 mentibus
647 4573 682 4635 cs.
701 4579 768 4623 unet.
785 4574 861 4623 clarc.
877 4571 997 4625 Vaccae
1016 4573 1058 4624 ed.
1070 4573 1103 4623 Α.
1115 4570 1173 4627 Mat
1194 4571 1262 4625 Touo.
1278 4572 1307 4623 V
1313 4588 1340 4637 p.
1354 4574 1409 4625 133

113 4637 234 4704 (Viryib'i
250 4640 368 4704 Epitoure
390 4640 492 4704 VIII):
523 4639 649 4702 quaedam
667 4640 699 4689 de
717 4641 865 4706 regionibus
884 4650 909 4689 et
925 4638 1044 4705 gentibus
1065 4639 1215 4694 destrantur
1231 4649 1256 4688 et
1272 4641 1364 4702 sectis,
1382 4650 1410 4690 ut

113 4707 295 4757 machaonicus
314 4720 338 4756 ιι
355 4708 548 4774 grammaticus.
604 4709 750 4758 sarmiticus
819 4710 852 4759 29
869 4707 1010 4761 rethoricus
1062 4707 1210 4761 dialectibus
1295 4709 1329 4765 30
1346 4723 1407 4774 yne-

111 4775 186 4834 dam,
206 4782 246 4826 ter
331 4779 362 4826 31
381 4792 430 4838 que
515 4778 548 4827 32
566 4790 670 4825 causum
756 4779 789 4827 33
807 4775 962 4840 lluucusque
1040 4775 1290 4828 uuncdemiuntiuio
1374 4778 1408 4830 at

111 4842 262 4894 scolasticus
330 4845 516 4897 dbdimiuiuut
