3382 5476
199 381 307 430 cmv
582 364 631 415 DE
649 363 894 417 DISSONANTIA
913 363 1106 417 SERMONIS.

197 558 292 630 bona,
322 556 467 616 accidunt
494 556 593 615 mata'
622 573 643 613 a
670 551 855 615 9991199178
882 555 1008 624 919991;
1036 560 1139 615 cetera
1167 555 1279 614 adsunt
1306 558 1408 615 omnia
1434 557 1491 616 noc

198 655 322 719 ordine:
342 675 375 734 p.
402 665 446 732 18,
472 666 491 716 8
514 657 610 729 (inter
631 659 772 732 999999)
794 681 836 706 --
855 673 887 732 9.
913 663 980 731 282,
1006 663 1041 725 9;
1066 663 1084 716 8
1107 656 1310 733 (1919999199
1330 655 1428 732 uenit)
1449 685 1491 707 =

193 777 225 836 p.
251 766 322 834 282,
349 767 383 828 5,·
416 765 433 817 7
455 757 552 831 (inter
572 757 712 834 inficere)
734 785 776 808 =
795 776 828 834 p.
854 764 927 831 282,
954 765 988 827 7;
1019 774 1052 833 9.
1079 763 1127 832 19,
1155 759 1290 831 2119199
1309 762 1425 834 qratis)
1448 786 1490 808 =

195 879 226 938 p.
253 867 317 935 289,
345 868 398 930 28;
423 867 441 919 3
462 859 559 933 (inter
580 863 676 936 91999)
699 888 740 911 =
758 878 792 936 p.
819 866 885 933 282,
910 865 945 928 9,·
969 867 988 918 t
1011 857 1230 935 (1919999919)
1252 878 1345 938 =p.
1372 867 1490 935 299,1;

198 973 215 1020 5
239 963 335 1036 (inter
349 963 517 1038 nesarittm)
539 989 580 1011 =
601 967 715 1039 9299,
734 968 768 1030 3,·
793 969 811 1021 8
834 962 929 1034 (inter
942 959 1054 1036 nutrit)
1076 988 1118 1011 =
1136 979 1170 1039 p.
1190 969 1256 1036 282,
1275 969 1327 1032 12,·
1352 969 1369 1021 7
1392 959 1491 1034 (inter

196 1063 397 1141 maritimam)
420 1092 461 1114 =
486 1082 518 1141 p.
544 1071 616 1139 282,
644 1071 697 1132 14,·
729 1082 764 1141 9.
798 1070 848 1136 29,
881 1070 897 1121 1
928 1062 1028 1136 (inter
1049 1068 1183 1140 merum)
1211 1092 1253 1114 =
1275 1082 1311 1141 p.
1336 1071 1409 1138 282,
1436 1072 1490 1134 18,·

198 1175 216 1226 2
237 1166 334 1240 (inter
354 1164 471 1241 laniat)
493 1192 534 1216 =
552 1184 586 1243 p.
612 1172 679 1244 282,
707 1171 759 1233 18;
783 1172 801 1223 3
823 1163 920 1237 (inter
940 1166 1077 1241 taurum)
1099 1194 1141 1216 =
1159 1184 1193 1242 p.
1220 1173 1285 1238 282,
1312 1173 1363 1234 21;
1388 1174 1407 1225 4
1430 1168 1490 1239 (in-

198 1275 245 1329 ter
266 1267 373 1345 imum)
396 1297 438 1318 =
455 1287 490 1345 p.
516 1275 582 1343 283,
610 1276 641 1336 1,·
670 1276 688 1327 8
712 1266 810 1340 (inter
830 1271 952 1342 curam)
974 1296 1016 1318 =
1034 1285 1068 1344 p.
1093 1275 1164 1344 283,
1192 1276 1226 1339 2,·
1261 1276 1279 1328 8
1302 1267 1400 1341 (inter
1421 1267 1489 1329 ani-

73 1432 77 1439 ,
196 1374 291 1447 999)
313 1399 355 1421 --
374 1387 406 1446 9.
434 1377 505 1445 283,
532 1378 567 1439 8,·
603 1368 739 1442 7119199
759 1373 903 1446 999999)
926 1397 967 1419 =
989 1387 1024 1446 p.
1054 1376 1125 1444 283,
1150 1376 1184 1439 9,·
1215 1388 1250 1447 9.
1277 1377 1327 1445 21,
1355 1371 1492 1443 1119199

195 1474 338 1547 ultorem)
360 1501 402 1523 =
426 1491 458 1550 p.
485 1479 556 1552 283,
582 1480 638 1541 11;
676 1480 694 1531 2
721 1473 907 1544 (Palaemon
935 1480 1092 1533 occetenns
1118 1470 1247 1547 insiqnis
1271 1470 1492 1547 qrammaticus

195 1591 339 1634 romanus
360 1576 499 1648 19919199,
523 1573 578 1649 qui
599 1576 751 1649 quondam
773 1572 988 1648 interrogamus,
1013 1572 1089 1648 quid
1108 1571 1490 1649 19199911119991991199

199 1678 362 1750 interesset,
386 1684 482 1752 putta,
507 1674 617 1752 inquit,
641 1683 710 1750 9191,
734 1674 818 1737 stitia
840 1677 939 1752 cadit)
962 1703 1003 1726 =
1020 1694 1056 1754 p.
1083 1682 1150 1753 288,
1177 1683 1222 1735 18.

767 1912 849 1975 One.
872 1909 919 1975 Il.

336 2029 395 2093 on
424 2028 569 2093 91991
598 2027 715 2092 mosa
744 2026 1004 2094 coosssnvn
1033 1986 1351 2094 9999999999.

281 2171 338 2229 ‘oe
359 2167 544 2246 differentiis
564 2171 743 2229 sermonmn’
762 2172 917 2244 permulta
939 2172 1079 2229 1999919
1105 2167 1305 2230 inueniuntur
1327 2167 1359 2230 in
1381 2169 1489 2231 codiee

195 2272 345 2333 Bernensi
377 2279 428 2346 18,
463 2269 516 2347 qui
546 2270 730 2347 qtossariam
762 2273 839 2331 ittad
869 2269 1097 2349 inclytissimam
1130 2270 1263 2331 continet
1292 2274 1413 2333 saecuta
1439 2274 1490 2332 IX

193 2372 350 2453 99919199,
374 2372 520 2450 cuiusque
540 2377 649 2434 mentio
671 2372 784 2448 iniecta
807 2380 850 2432 991
871 2374 909 2432 ab
938 2374 1071 2433 I'senera
1094 2391 1206 2450 nuper,
1229 2380 1388 2449 postquam
1413 2373 1488 2434 Wit-

195 2475 350 2537 mannsins
375 2476 606 2553 perscrutandis
632 2484 661 2536 et
687 2473 894 2536 describendis
928 2476 1096 2535 Vaticanae
1122 2473 1320 2535 bibliothecae
1345 2473 1488 2535 subsidiis

192 2577 352 2654 9199999119
380 2577 516 2640 omnibus
544 2577 623 2640 91919
650 2576 748 2638 doctis
776 2579 861 2637 haud
887 2574 977 2636 (19119
1001 2579 1203 2652 9999991999
1230 2575 1387 2638 incanduit
1414 2595 1488 2653 opas

193 2697 268 2740 999.
292 2681 388 2740 Rhea.
412 2682 498 2740 XIII
502 2681 529 2738 V
545 2698 577 2756 p.
602 2686 766 2739 act-391.

278 2784 317 2842 19
338 2781 444 2843 codice
466 2780 564 2857 iqitur
586 2780 735 2842 Beruensi
757 2783 842 2842 119991
862 2798 939 2841 9999
959 2779 1125 2856 tepentibus
1148 2779 1282 2841 occurrit
1303 2784 1335 2841 in
1349 2785 1488 2855 marqine

190 2883 299 2959 ptossis
316 2887 541 2959 praescriptam
559 2882 652 2943 ittnd:
675 2886 726 2943 ‘ea
741 2881 945 2959 differentiis,
959 2885 1009 2942 991
1029 2885 1080 2943 ‘ec
1095 2881 1280 2960 differentiis
1293 2886 1485 2943 sermonnm'.

196 2986 278 3057 (1999
304 2984 425 3060 quidem
453 2987 592 3044 lemmata
620 3002 658 3044 99
685 2983 752 3060 qais
781 2985 865 3044 harod
897 2987 999 3059 inepto
1026 2984 1202 3059 ornamenti
1229 2984 1334 3045 nabitu
1361 2987 1487 3045 91199199

193 3105 273 3147 9999
295 3085 367 3146 inde
388 3087 539 3161 quaedam
559 3084 695 3145 subsidia
710 3087 753 3144 od
766 3086 975 3161 supplendam,
1000 3104 1080 3161 qaae
1100 3085 1209 3146 mutila
1228 3088 1272 3146 ad
1285 3105 1339 3147 nos
1353 3088 1484 3162 91999911,

191 3186 461 3264 qrammaticarum
483 3194 665 3247 uetustorum
688 3185 859 3247 doctrinam
888 3186 994 3263 cotiiqi
1016 3205 1107 3264 posse
1132 3190 1254 3260 999991,
1284 3191 1318 3248 id
1337 3206 1484 3262 999999,

193 3288 297 3350 omnia
320 3287 461 3349 1919199
484 3287 517 3348 in
541 3287 656 3349 Isidori
679 3286 924 3365 differentiarum
945 3288 1056 3350 tibrum
1077 3297 1199 3366 recepta
1221 3309 1292 3351 esse.
1330 3290 1393 3349 Sed
1412 3288 1486 3364 quia

192 3395 224 3452 19
245 3393 347 3452 cadem
370 3394 422 3451 1119
441 3389 593 3466 qtossario
620 3408 660 3449 99
682 3388 797 3451 Isidori
824 3389 1073 3467 differantinrum
1100 3390 1194 3470 tiara,
1218 3394 1411 3468 praescripto
1433 3401 1487 3452 aut

192 3494 308 3555 Isidori
331 3495 424 3554 satius
451 3496 569 3553 nomine
597 3501 651 3553 991
676 3498 785 3552 certet·
808 3495 859 3552 ‘ex
886 3494 1002 3553 Isidori
1033 3496 1072 3554 de
1098 3493 1276 3571 differentia
1302 3497 1484 3554 sermonum’

192 3597 400 3671 1991199999
422 3598 574 3670 loquatur,
600 3596 663 3653 9119
685 3599 820 3670 quaestio
841 3593 968 3655 inminet
989 3595 1065 3657 sotis
1086 3594 1240 3670 difficilis,
1264 3613 1396 3671 quanam
1418 3604 1485 3656 tan·

192 3699 257 3757 dem
279 3695 401 3757 ratione
423 3697 529 3757 ductus
551 3713 643 3755 anam
665 3699 795 3757 eiusdem
816 3701 991 3772 arqnmcan'
1010 3701 1170 3757 materiam
1187 3695 1335 3772 9199999911
1352 3701 1486 3774 scriptor

192 3799 320 3860 diuersis
342 3800 508 3859 nominibus
530 3796 717 3872 distinquere
738 3797 879 3859 uoluerit.
929 3799 992 3859 Sed
1012 3801 1049 3858 de
1071 3801 1130 3860 1199
1152 3818 1186 3858 99
1205 3807 1313 3876 999199
1335 3802 1484 3866 91199999

191 3919 272 3961 nunc
304 3903 342 3960 de
369 3904 430 3961 ittis
455 3903 530 3962 locis
556 3899 756 3975 disputemus,
792 3898 899 3974 quiores
927 3903 1006 3961 illud
1035 3904 1091 3961 ‘eae
1120 3899 1321 3977 differentiis’
1354 3905 1402 3963 aet
1429 3905 1485 3963 ‘ea

191 4001 372 4079 differentiis
403 4004 587 4063 sermonum’
613 3999 841 4080 praescriptum
859 4005 921 4062 est.
981 4004 1069 4065 Vncis
1096 4004 1213 4063 1991999
1240 4012 1324 4078 9991,
1359 4021 1437 4078 quae
1464 4021 1485 4062 a

191 4102 411 4165 Bntdreuitiana
432 4102 567 4164 editione
587 4101 775 4179 discrepant.

276 4205 295 4263 I.
320 4203 359 4265 9³
381 4203 436 4265 col.
464 4203 478 4264 1
507 4203 550 4265 nd
574 4205 670 4264 iorum
693 4205 738 4264 ire
760 4239 801 4248 —
823 4206 854 4265 in
883 4205 979 4285 ipsum
1002 4206 1100 4265 iorum
1121 4234 1163 4256 =
1187 4206 1253 4269 isid.
1277 4206 1337 4267 din.
1360 4226 1390 4287 p.
1412 4203 1484 4275 743,

191 4306 242 4368 Nn.
271 4303 314 4368 60
342 4306 387 4367 ed.
420 4305 586 4373 Dubreuil.;
617 4315 686 4366 tom.
717 4304 740 4362 V
768 4323 797 4384 p.
829 4304 868 4368 10
895 4305 940 4366 cd.
969 4305 1103 4377 199991,
1133 4309 1183 4386 qui
1212 4307 1321 4368 eisdem
1352 4310 1484 4370 numeris

191 4428 264 4469 usus
286 4417 330 4468 est
354 4407 455 4485 (alicus
477 4406 560 4467 locus
582 4425 669 4487 quam
693 4406 789 4486 Imus).

275 4512 295 4571 1.
321 4508 380 4570 12h
403 4509 459 4570 col.
482 4506 690 4570 2119999999
714 4517 742 4570 te
766 4544 803 4553 —
827 4511 959 4571 imitator
981 4538 1022 4560 =
1046 4511 1111 4576 Isid.
1134 4531 1162 4592 p.
1186 4509 1257 4579 742,
1273 4509 1328 4580 29;
1352 4533 1381 4592 p.
1397 4509 1482 4573 619.

274 4615 294 4674 1.
321 4608 380 4672 lib
403 4612 458 4673 col.
484 4609 498 4671 1
524 4611 647 4671 11199119
661 4646 702 4654 -
718 4612 796 4672 inter
817 4620 973 4672 extraneos
987 4641 1028 4663 =
1044 4613 1080 4674 ls.
1098 4632 1126 4691 9.
1144 4611 1214 4683 766,
1230 4611 1307 4683 419;
1331 4634 1359 4695 p.
1375 4611 1418 4675 54
1432 4617 1482 4676 Ar.

192 4724 279 4800 (inter
301 4707 454 4801 diuinctis)

276 4824 297 4883 I.
322 4821 380 4885 18⁸
402 4823 458 4885 col.
482 4821 503 4884 2
525 4823 627 4884 Afrum
652 4859 689 4867 —
715 4825 927 4903 negotiatorem
949 4854 991 4876 =
1014 4825 1049 4888 Is.
1073 4846 1101 4906 p.
1126 4823 1203 4897 743,
1226 4824 1283 4897 (11;
1311 4845 1340 4906 p.
1367 4824 1406 4887 10
1427 4829 1479 4895 19.
