3382 5476
668 366 717 418 nu
735 366 875 418 nonarr
894 366 1097 419 retournvs.
1471 366 1531 429 149

235 555 300 615 talis
329 554 449 621 mulier;
480 574 514 614 ex
539 553 635 615 tribus
663 551 840 633 generibus,
872 562 905 615 ut
933 564 1002 634 puta
1026 553 1082 614 boc
1104 553 1218 615 dicere:
1247 561 1277 614 tu
1301 555 1348 615 uir
1370 561 1401 615 tu
1424 553 1531 614 mulier

234 665 264 718 tu
287 657 476 735 mancipium.
1113 669 1116 672 ⁴

319 775 361 835 lle
383 776 524 835 numeris.
570 775 716 836 Numerus
738 773 845 836 accidit
866 775 1023 853 singularis
1046 774 1108 844 bic,
1131 773 1255 854 pluralis
1277 773 1316 834 lri.

288 895 361 954 ·lte
391 895 494 971 ligura.
543 893 657 953 Accidit
684 895 791 972 ligura,
822 901 853 954 ut
882 896 912 953 in
940 896 1075 963 nomine,
1103 895 1146 953 sic
1177 894 1266 953 etiam
1295 895 1324 953 in
1353 895 1532 974 pronomine

207 996 358 1076 ssimpler
383 1003 411 1056 et
434 996 595 1074 conposita.
640 991 790 1075 Simplex,
813 1004 845 1056 ut
867 996 949 1074 qnis;
977 996 1145 1075 conposita,
1176 1002 1209 1056 ut
1230 997 1363 1073 quisquis
1385 997 1529 1075 quispiam

234 1117 378 1179 quisnam.

318 1232 463 1296 Accidunt
485 1251 641 1311 personae.
687 1233 761 1294 Sunt
783 1251 943 1312 personae,
959 1250 1042 1311 ‚quae
1066 1232 1145 1293 finita
1168 1232 1354 1310 pronomina.
1385 1232 1531 1294 Accidunt

234 1354 319 1396 casus
342 1332 582 1415 pronominibus,
611 1335 687 1395 sicut
709 1341 738 1394 et
759 1333 939 1395 nominibus.
975 1332 1045 1410 †ld
1069 1352 1232 1414 pronomen
1255 1336 1285 1394 iu
1309 1342 1378 1395 nota
1401 1352 1456 1395 nec
1478 1335 1529 1395 ad·

233 1438 321 1497 iectio
344 1445 373 1496 et
396 1433 463 1495 nolo
486 1443 614 1495 tractare
637 1455 692 1496 nec
714 1436 875 1505 declinare,
891 1436 942 1497 sed
959 1435 1162 1498 tantummodo
1179 1436 1235 1496 boc
1257 1435 1339 1496 dico:
1363 1435 1419 1496 boc
1442 1436 1530 1497 debet

196 1560 220 1598 to
234 1540 313 1607 neri,
338 1536 409 1599 illud
433 1535 522 1596 debet
544 1539 621 1606 fieri,
647 1545 676 1597 et
698 1556 757 1598 non
780 1537 863 1605 dico,
888 1555 980 1616 quare
1002 1539 1045 1598 sic
1067 1536 1240 1597 declinatur.

318 1674 448 1734 dicimus
471 1675 645 1752 pronomina
669 1681 719 1734 aut
741 1674 821 1734 linita
844 1681 895 1736 aut
917 1675 1030 1735 inlinita
1059 1689 1134 1733 esse.
1181 1673 1369 1734 Finitasunt
1389 1671 1439 1735 illa
1462 1674 1527 1742 tria,

235 1785 266 1837 ut
289 1793 344 1854 ego
366 1773 480 1835 tuille.
526 1773 640 1836 lulinita
664 1793 737 1836 uero
760 1776 935 1855 pronomina
959 1774 1010 1835 llll
1040 1775 1155 1854 species
1183 1772 1308 1843 babent;
1338 1781 1387 1836 aut
1413 1776 1529 1838 infinita

234 1885 301 1939 suut
324 1877 494 1938 autminus
517 1895 605 1955 quam
629 1878 708 1939 imita
731 1883 782 1938 aut
802 1875 970 1939 articularia
993 1884 1043 1937 aut
1064 1877 1241 1956 possessiua.
1287 1875 1402 1938 lusinita
1426 1878 1548 1938 dicun·

234 1988 291 2048 tur,
316 1995 391 2057 quae
414 1979 532 2056 penitus
555 1996 613 2039 uon
637 1979 783 2040 deliniunt
805 1996 979 2058 personam,
1003 1985 1127 2058 utputa
1150 1978 1216 2058 quis
1239 1979 1431 2057 quaequod:
1455 1978 1529 2039 baec

195 2099 219 2138 u
232 2082 345 2141 inlinita
368 2087 446 2140 sunt.

317 2214 413 2275 llinus
436 2231 532 2292 quam·
548 2217 641 2285 finita,
670 2233 747 2293 quae
776 2215 905 2276 medium
928 2214 1038 2295 aliquid
1061 2214 1173 2277 babent
1194 2217 1272 2277 inter
1294 2218 1408 2279 linitum
1431 2224 1461 2277 et
1482 2218 1527 2278 in·

232 2319 361 2378 finitum:
398 2317 495 2376 minus
522 2318 689 2395 significant
716 2338 731 2377 a
760 2318 855 2386 finito,
885 2314 952 2395 plus
979 2318 1147 2395 significant
1173 2317 1209 2377 ab
1238 2319 1368 2387 infinito,
1399 2324 1431 2378 ut
1458 2325 1528 2397 puta

232 2421 329 2499 ‘ipse':
354 2418 471 2495 quando
487 2419 574 2498 ‘ipse'
591 2418 672 2488 dico,
696 2435 793 2496 neque
809 2419 882 2487 scis,
906 2418 943 2479 de
966 2434 1024 2495 quo
1047 2418 1143 2479 dicam
1159 2421 1182 2492 †
1197 2418 1246 2479 uel
1268 2419 1305 2480 dc
1327 2427 1407 2489 arte,
1430 2436 1528 2497 neque

232 2523 338 2582 iterum
362 2521 432 2580 licet
454 2519 509 2579 tibi
532 2521 647 2598 uagari:
673 2523 750 2600 ‘ipse
772 2523 809 2581 sit
832 2518 879 2579 uel
902 2517 976 2588 ille',
1000 2519 1052 2580 sed
1068 2519 1105 2579 ad
1120 2537 1188 2579 eum
1205 2520 1319 2581 referes
1334 2522 1427 2599 ipsam
1451 2538 1526 2590 rem,

192 2623 281 2701 roqui
304 2624 361 2683 iarn
384 2629 471 2682 notus
493 2629 552 2690 est,
576 2629 608 2681 ut
630 2632 714 2700 puta:
738 2618 899 2698 ‘Vergilius
913 2623 1034 2700 scripsit
1050 2620 1195 2690 bucolica,
1218 2623 1282 2700 ipse
1300 2624 1418 2701 scripsit
1433 2622 1528 2684 Geor·

232 2726 325 2802 gica’,
357 2723 406 2800 qui
434 2724 534 2802 ‘ipse'
563 2723 627 2782 siue
650 2720 739 2782 dubio
763 2720 909 2799 Vergilius
931 2731 989 2793 est,
1019 2721 1112 2802 quod,
1142 2722 1262 2800 quando
1289 2723 1414 2784 dicimus
1443 2725 1527 2804 ‘ipse

232 2827 380 2904 scripsit’,
406 2842 461 2902 pro
484 2825 602 2884 nomine
625 2825 753 2902 positum
776 2822 948 2902 ‘Vergilius'
970 2842 1029 2884 non
1052 2831 1135 2903 potes
1156 2825 1270 2885 relerre
1293 2824 1329 2885 ad
1352 2825 1526 2886 Ciceronem

231 2936 281 2988 aut
303 2927 338 2987 ad
363 2925 537 2993 Salustium,
561 2924 613 2985 sed
637 2925 673 2985 ad
696 2924 785 2995 illud,
810 2927 894 2987 cuius
915 2944 1024 2987 nomen
1046 2928 1203 3006 proprium
1225 2923 1320 3005 nomissl
1337 2915 1481 2987 tot.143t
1498 2924 1526 3010 ΙΙ-

232 3047 367 3090 naueras
412 3027 475 3087 lloc
497 3028 643 3106 possimus
665 3026 702 3086 de
724 3025 775 3087 illo
798 3029 974 3106 pronomine
987 3035 1140 3108 tractare:
1169 3027 1227 3090 hoc
1249 3035 1295 3089 est
1316 3027 1416 3089 minus
1437 3046 1525 3108 quam

191 3148 218 3188 rs
231 3131 360 3199 linitum,
383 3131 501 3208 quoties
524 3146 688 3206 pronomen
711 3128 841 3189 relertur
855 3131 891 3191 ad
908 3148 1015 3190 nomen
1030 3132 1240 3207 praemissum:
1264 3127 1381 3191 ‘Cicero
1397 3131 1525 3210 scripsit,

230 3234 295 3312 ipse
319 3231 405 3291 etiam
430 3228 485 3290 boc
507 3229 598 3289 iecit'.
621 3229 791 3318 'Numquid
821 3232 921 3310 ‘ipse'
949 3249 1070 3311 possum
1097 3231 1275 3310 intellegere
1302 3249 1359 3314 pro
1381 3230 1525 3294 Cicerone

231 3332 414 3411 ‘vergilius’.
459 3329 573 3393 Pendet
594 3350 609 3391 a
632 3332 787 3411 superiore
809 3333 939 3393 nomine.
984 3332 1049 3393 lloc
1077 3340 1123 3392 est
1145 3350 1216 3410 ergo
1239 3350 1405 3413 pronomen
1428 3335 1526 3396 minus

230 3454 318 3515 qrram
347 3435 477 3495 linitum:
508 3434 820 3494 commemorationem
844 3432 914 3493 iacit
942 3435 1006 3495 eius
1033 3451 1193 3514 personae,
1223 3433 1259 3494 de
1282 3451 1339 3512 qua
1361 3435 1419 3495 iam
1442 3433 1523 3497 locu·

230 3545 276 3598 tus
299 3545 353 3596 est.

191 3673 218 3711 so
314 3652 478 3715 Articulare
507 3653 629 3724 dicitur,
659 3653 736 3733 quod
764 3650 929 3716 declinatur
958 3673 1025 3716 curn
1049 3653 1168 3714 nomine
1190 3659 1220 3714 et
1242 3671 1310 3714 cum
1332 3657 1523 3730 pronomioe;

230 3773 296 3816 cum
318 3759 450 3816 nomine:
488 3757 535 3816 hic
557 3757 670 3816 Aeneas
693 3755 781 3815 buius
803 3757 933 3823 Aeneam
960 3737 1032 3816 'cunt
1055 3757 1231 3836 pronomine
1258 3755 1440 3818 declinatur:
1475 3758 1523 3820 bic

229 3859 294 3937 ipse
316 3857 403 3918 buius
424 3858 527 3936 ipsius.

314 3976 501 4044 Possessiua,
539 3994 614 4055 quae
643 3995 697 4037 nos
728 3976 838 4057 aliquid
870 3977 1023 4057 possidere
1056 3977 1236 4054 significant,
1275 3984 1307 4037 ut
1340 3995 1423 4037 meus
1455 3986 1523 4041 tuus

231 4087 332 4139 noster
360 4083 461 4137 uester
490 4086 519 4137 et
541 4075 606 4138 alia.
651 4079 725 4138 lstae
753 4088 823 4139 suut
850 4080 966 4159 species
993 4079 1124 4139 omnium
1152 4079 1372 4155 pronominum.
1418 4079 1522 4141 Omnia

192 4180 407 4258 seprouomina
429 4185 480 4239 aut
502 4180 582 4239 linita
605 4188 674 4240 sunt
695 4189 745 4241 aut
767 4181 891 4269 infinita.
935 4179 1030 4241 Finita
1052 4186 1130 4247 suut,
1154 4187 1186 4239 ut
1208 4196 1263 4256 ego
1285 4186 1317 4239 tu
1339 4177 1390 4240 ille
1412 4186 1469 4241 etc.

231 4367 456 4375 *-

296 4499 510 4552 3denumeribus
545 4500 580 4550 bii
632 4497 782 4563 tineclcum'
819 4500 966 4550 tantumodo
1020 4496 1195 4552 10'declinatio
1248 4502 1277 4550 11
1290 4510 1339 4550 tres
1393 4501 1521 4567 lipreni-

230 4578 270 4618 tus
339 4567 459 4617 dibniunt
527 4570 637 4633 quisque
654 4568 725 4631 quod
794 4569 825 4617 17
843 4583 859 4618 a
877 4567 949 4618 finito
967 4567 1025 4634 plus
1043 4568 1190 4633 significant
1211 4571 1239 4619 in
1255 4584 1334 4634 morp.
1352 4572 1437 4634 suppl.
1456 4569 1523 4620 nal

231 4638 262 4687 19
280 4635 387 4685 referres
447 4638 480 4686 20
498 4637 600 4686 scribsit
617 4637 729 4686 bucolica
763 4636 879 4695 scribsit,
900 4652 1001 4701 semper
1068 4639 1101 4686 22
1120 4639 1220 4702 positus
1266 4652 1317 4687 non
1336 4649 1422 4702 potest
1488 4638 1521 4687 25

229 4703 315 4763 linita,
334 4719 403 4754 corr.
422 4713 474 4752 tum
527 4704 633 4754 refertur
651 4713 676 4753 et
693 4718 785 4753 nomen
803 4705 960 4769 promissum
1023 4705 1056 4754 27
1074 4705 1163 4769 pendit
1229 4708 1263 4756 28
1280 4706 1522 4755 comemorationem

230 4771 291 4821 lecit
359 4786 469 4837 persone
542 4774 573 4824 31
592 4787 651 4821 cum
669 4773 771 4821 nomine
788 4773 879 4822 addidi
945 4787 1003 4821 cum
1022 4786 1069 4837 pro
1088 4774 1189 4823 nomine
1256 4775 1400 4837 contego
1419 4769 1519 4839 tuille]

230 4839 351 4906 Sequitur
366 4840 539 4904 pronomimon
552 4839 623 4890 XXI
640 4842 795 4891 enumeratio
811 4841 945 4890 seeundum
963 4841 1107 4905 Pompeium
1125 4857 1152 4906 p.
1171 4843 1232 4904 201,
1250 4843 1285 4891 30
1301 4856 1357 4906 sep.
