3382 5476
717 1233 878 1314 ΧΠ.

541 1447 618 1529 DE
640 1447 880 1531 ALOVINI
903 1450 1065 1532 ARTE.

244 1857 398 1919 Aleuini
425 1867 520 1919 artem
547 1864 778 1934 pneumaticum
800 1876 982 1936 quamquam
1005 1862 1155 1920 llenrieus
1174 1861 1290 1919 lleilius
1311 1877 1365 1919 suo
1387 1861 1454 1919 iure

159 1977 179 2018 a
212 1977 292 2019 naua
321 1965 591 2033 pranrnaacorum
619 1963 795 2024 Latinorum
826 1965 958 2023 editione
990 1962 1202 2022 secludendum
1232 1977 1296 2022 esse
1326 1965 1451 2034 censuit,

159 2065 270 2136 quippe
304 2080 383 2136 qliae
409 2071 538 2139 praeter
568 2068 731 2124 sententias
753 2068 906 2140 paucitas
936 2062 1096 2124 inuia-ioris
1123 2065 1334 2139 descriptionis
1360 2080 1455 2124 eausa

157 2166 269 2237 possin
292 2167 486 2240 interpositas
507 2166 583 2225 ninii
601 2165 672 2237 sere
692 2169 766 2227 noui
785 2169 922 2242 seituque
945 2169 1033 2240 dipni
1053 2165 1193 2238 adferat,
1223 2169 1310 2239 quia,
1334 2183 1400 2224 eum
1423 2168 1455 2224 in

159 2265 294 2324 l'utseliii
319 2268 449 2326 editione
477 2268 628 2327 nonnullis
655 2270 736 2328 uitiis
757 2271 933 2343 lacunisque
954 2269 1124 2339 laboraret,
1156 2269 1271 2327 radicis
1294 2267 1456 2326 Bernarsis

163 2373 216 2424 123
238 2383 316 2426 saec.
340 2368 373 2426 X
394 2370 513 2428 (auxilio
541 2369 591 2428 liic
618 2371 680 2429 illic
706 2372 939 2430 attendatiorern
967 2371 1059 2429 reddi
1078 2387 1168 2444 posse
1190 2369 1270 2442 uieli,
1296 2368 1396 2441 focile
1417 2369 1455 2426 al
1518 2390 1521 2395 ·

160 2471 260 2527 animo
281 2486 346 2528 meo
368 2472 537 2544 inpetraui,
567 2479 600 2529 ut
622 2473 686 2530 eius
707 2475 889 2546 quaestionis
907 2470 1030 2544 fruetus
1052 2473 1169 2546 aliquos
1189 2473 1298 2530 lectori
1317 2469 1455 2530 leniriolo

158 2588 367 2645 proponerem.

244 2674 310 2731 lan
333 2674 415 2746 parad
436 2675 478 2732 aii
499 2691 549 2734 eos
570 2676 652 2734 locos
674 2678 789 2749 attinet,
814 2693 887 2750 quos
902 2676 1063 2735 Putseliius
1084 2677 1149 2750 ipse
1162 2676 1212 2733 uel
1224 2674 1355 2732 lacunae
1368 2677 1455 2748 siano

162 2777 208 2832 uel
230 2778 373 2835 asterisco
395 2779 528 2854 notauit,
554 2793 653 2852 paene
675 2794 774 2837 omnes
791 2779 827 2836 in
850 2776 1002 2851 intepram
1021 2776 1157 2849 formam
1181 2778 1300 2835 restitui
1315 2783 1453 2850 possunt.

161 2875 238 2935 llam
248 2894 283 2950 p.
303 2884 391 2954 2078,
408 2885 446 2936 at
456 2888 543 2954 post:
567 2877 611 2937 ‘D.
636 2878 687 2938 Est
710 2879 803 2948 uere’,
826 2882 928 2938 statim
950 2880 1027 2938 ltaee
1047 2876 1080 2938 in
1103 2879 1171 2938 cod.
1189 2878 1281 2937 Bern.
1296 2886 1455 2938 secuntur:

161 2977 198 3036 Μ.
221 2977 324 3038 Nonne
348 2978 458 3057 absque
482 2981 597 3041 ratione
621 2991 665 3041 est
687 2983 815 3041 animam
839 2981 951 3061 absque
969 2981 1046 3059 (eod.
1063 2981 1160 3041 anima
1176 2980 1328 3060 malisque)
1346 2979 1455 3039 decore

164 3089 194 3137 et
216 3080 357 3157 dignitate
379 3099 432 3141 sua
455 3099 520 3141 esse
544 3092 728 3160 perpetuam.
773 3082 804 3143 0.
829 3082 1021 3163 Consequens
1044 3092 1099 3144 etc.

246 3201 272 3259 p.
295 3179 393 3250 2098,
420 3181 460 3243 10
480 3186 548 3243 eorl.
573 3184 668 3245 Bern.
691 3186 797 3245 habet:
824 3185 908 3245 ‘Nam
932 3186 961 3246 in
986 3189 1080 3264 prima
1104 3185 1300 3245 declinatione
1323 3185 1379 3262 gcii
1404 3185 1457 3246 nat

160 3283 235 3360 sing'
258 3287 340 3343 titillo
362 3287 494 3345 lacunae
514 3284 603 3360 apua
624 3289 786 3355 adnotata
810 3304 905 3361 neque
922 3294 966 3347 est
978 3287 1130 3364 profecto,
1154 3287 1187 3346 ia
1200 3288 1282 3361 picoti
1297 3286 1455 3346 lutsrltius

161 3388 268 3458 uoluit,
299 3388 411 3446 lrieuna
438 3389 616 3457 statuentia5
644 3389 803 3462 lepentlurn
830 3397 874 3448 est
900 3392 1057 3449 nimirum:
1086 3393 1166 3448 ‘nant
1194 3389 1340 3466 inprime
1363 3388 1454 3447 ‹leeli-
1486 3376 1489 3384 ’

164 3488 280 3546 natione
303 3490 459 3563 genetinns
482 3497 512 3547 et
535 3488 651 3549 {latinus
673 3488 832 3566 singularis
854 3507 911 3549 una
936 3495 1020 3549 noee’
1045 3498 1102 3550 ete.

247 3608 274 3665 p.
298 3586 398 3657 2128,
424 3586 462 3649 12
485 3595 516 3650 in
538 3593 643 3652 codiee
664 3591 759 3651 Bern.
783 3590 912 3665 lenitur:
935 3593 979 3651 ‘ut
1002 3593 1047 3652 ias
1069 3591 1180 3651 ditione
1204 3591 1295 3661 iaba’,
1318 3600 1409 3651 recle.

247 3710 274 3766 p.
297 3688 399 3770 2142,
423 3690 457 3752 7ι
487 3694 560 3752 ‘Con
589 3694 700 3772 pariter
728 3694 872 3770 signifieat
895 3703 927 3754 ut
949 3712 1058 3762 coneo,
1089 3705 1118 3753 et
1140 3695 1206 3755 loco
1229 3714 1296 3755 curn
1319 3695 1453 3773 proposi·

162 3796 241 3852 tione
265 3795 406 3872 ponitnr',
428 3812 487 3869 prro
509 3796 615 3869 quibus
636 3796 809 3869 lepardum:
832 3795 874 3854 ‘et
896 3794 961 3854 loeo
977 3815 1044 3856 cum
1061 3797 1288 3876 praepositionis
1310 3797 1453 3872 ponitnr.’

247 3896 411 3954 Praeterea
432 3896 509 3955 ltaee
530 3904 696 3956 memoratu
718 3898 813 3970 ilipna
835 3896 1058 3973 excerpsimus:

247 4015 273 4074 p.
298 3994 395 4064 2075,
420 3996 436 4056 1
461 3997 629 4057 audiuimus
651 4006 680 4057 le
702 3997 870 4057 doctissime
941 3996 1115 4060 301nniunr
1138 4010 1216 4058 essct
1287 3995 1455 4058 Gdinicias

162 4099 254 4159 secali
337 4096 376 4158 10
398 4098 475 4175 quod
502 4107 580 4159 esset
658 4096 699 4159 36
722 4101 770 4178 qni
794 4098 874 4160 salus
897 4103 1005 4162 exierit
1084 4097 1182 4167 2076,
1206 4097 1226 4159 G
1251 4100 1453 4159 tantnnnnotln

161 4212 282 4280 prepter
306 4219 405 4261 rcrnrn
430 4203 602 4269 scientiam,
628 4210 750 4280 propter
771 4204 930 4280 puritatem
996 4199 1016 4262 9
1039 4213 1148 4263 elnon

247 4322 271 4381 p,
295 4301 388 4371 2077,
413 4300 430 4363 7
454 4303 622 4363 huiusmodi
646 4306 775 4364 rationes
799 4304 890 4364 irenis
913 4304 1076 4364 animarum
1099 4322 1206 4364 currus
1229 4304 1362 4364 coerceri
1413 4300 1454 4363 25

162 4409 277 4486 petitis,
300 4415 380 4466 reete
444 4403 486 4465 34
508 4407 626 4465 aestatis
649 4407 699 4482 qni
723 4414 820 4466 tarncn
885 4403 927 4466 38
950 4402 980 4464 οἱ
1003 4425 1090 4486 quarn
1113 4425 1201 4483 saepe

247 4527 273 4586 p.
291 4504 383 4575 2078,
404 4505 442 4566 12
459 4508 563 4567 nselins
580 4509 661 4575 nitet,
684 4511 743 4581 lep.
762 4509 865 4574 nitent,
889 4510 972 4583 quael
984 4510 1078 4569 multo
1094 4513 1194 4585 aptius
1216 4525 1305 4582 quium
1329 4508 1453 4568 ‘clitoni'

164 4608 300 4669 Pulseliii
363 4607 405 4668 25
427 4610 503 4687 qued
528 4618 596 4667 snnt
618 4611 732 4668 animae
755 4618 928 4669 aisiamenta
953 4618 1105 4688 perpetua.
1182 4607 1222 4670 27
1245 4610 1364 4670 studere
1387 4627 1453 4669 sna·

162 4711 218 4769 den
295 4709 483 4771 {inscientia
514 4712 619 4769 transit
696 4708 737 4769 42
764 4712 905 4789 perdurat
983 4709 1025 4772 45
1054 4711 1123 4773 durn
1152 4714 1323 4790 sapientiam
1353 4727 1453 4770 emere

164 4812 236 4873 nihii
260 4823 357 4892 potest

238 4929 334 4969 Onon.
347 4939 401 4970 ur.
417 4931 500 4971 Sum
1239 4929 1251 4962 Γ
