3382 5476
644 366 769 419 sebon
787 363 1055 417 EXPOSITIONES

732 554 779 614 llll
803 553 937 615 VERBO.

275 659 348 720 Pars
369 661 424 718 ista
448 656 528 718 utilis
551 664 603 717 εει.
642 654 714 717 Nam
738 674 796 735 qno
819 656 1003 735 frequentior
1025 663 1083 726 est,
1106 674 1166 733 quo
1186 658 1218 716 iu
1232 656 1367 719 llomana
1389 655 1494 736 lingua

190 763 309 831 utimur,
333 779 368 820 eo
392 759 485 836 magis
507 756 601 826 utilis,
625 757 677 818 scd
701 758 815 819 modice
839 759 935 818 estin
958 756 1103 819 hocloco
1125 759 1253 820 dictum:
1277 756 1423 821 ‘Verbum
1446 768 1496 819 ost

190 883 260 945 pars
282 863 431 948 orationis
449 859 563 921 babens
585 867 703 938 tempus
725 866 755 919 et
776 878 933 938 personam
953 877 1021 920 casu
1036 864 1165 921 carens'.
1203 858 1284 921 Nibil
1306 861 1413 922 uerius
1434 869 1494 931 est,

190 983 281 1043 quum
310 963 389 1043 quod
417 960 543 1023 uerbum
572 969 601 1022 ει
623 967 740 1041 tempus
767 970 797 1021 ει
818 978 975 1039 personam
1004 960 1095 1022 babet
1122 959 1211 1023 simul
1237 968 1269 1023 et
1296 979 1367 1023 casu
1396 970 1522 1023 careno

191 1067 295 1145 ‘Lego’
318 1065 434 1142 quando
458 1063 539 1132 dico,
564 1071 679 1142 tempus
701 1082 843 1142 praesens
865 1072 896 1123 ει
918 1081 1043 1142 persona
1058 1066 1170 1143 prima:
1194 1062 1307 1125 nullum
1323 1064 1406 1125 enim
1422 1080 1491 1125 ner·

192 1169 262 1230 bum
286 1176 344 1237 εει,
368 1165 419 1227 ubi
442 1185 500 1226 non
524 1173 640 1245 tempus
656 1172 684 1224 et
698 1182 826 1244 persona
841 1163 929 1226 simul
945 1172 1029 1233 sunt;
1054 1183 1140 1226 casus
1155 1163 1263 1227 nullus.
1292 1163 1356 1235 Oua
1372 1166 1495 1227 ratione

193 1274 239 1340 ιιι,
269 1278 301 1328 ιιι
328 1266 414 1329 simul
441 1269 500 1328 siut
522 1275 640 1346 tempus
663 1273 692 1326 et
714 1285 839 1345 persona
863 1276 892 1327 et
913 1284 983 1328 casu
1013 1276 1122 1327 careat.
1168 1267 1240 1327 Nam
1262 1267 1289 1327 si
1310 1265 1421 1328 lrabeat
1441 1285 1494 1329 ca·

193 1390 274 1440 sum,
303 1370 560 1450 participiorum:
590 1370 614 1428 si
637 1367 746 1428 lrabeat
767 1366 859 1430 solam
883 1387 1058 1447 personam,
1088 1370 1121 1428 lit
1142 1385 1316 1449 pronomen.
1361 1367 1444 1448 Ergo
1465 1371 1494 1431 si

193 1481 310 1551 tempus
333 1479 362 1531 ει
384 1489 511 1550 persona
535 1468 622 1531 simul
644 1471 682 1529 sit
704 1477 734 1529 ει
761 1488 830 1531 casu
859 1478 972 1539 eareat,
1003 1477 1072 1530 tnnc
1100 1478 1145 1531 est
1171 1468 1305 1531 uerbum.
1350 1469 1493 1533 Ceterum
1508 1484 1532 1523 1⁰

192 1575 215 1635 si
229 1591 351 1654 separes
361 1581 410 1634 ant
424 1582 540 1651 tempus
555 1580 606 1631 ant
621 1588 787 1650 personam,
804 1579 856 1633 ant
870 1572 1057 1652 participium
1073 1572 1106 1631 m
1120 1579 1170 1631 aut
1185 1587 1359 1648 pronomen.
1383 1571 1495 1652 ‘Lego'

193 1686 351 1754 utrumque
381 1683 496 1753 tempus
525 1682 554 1732 ει
583 1690 739 1752 personam
767 1681 796 1734 ει
823 1671 935 1734 nullum
964 1691 1065 1734 casum
1095 1672 1193 1733 babet.
1237 1672 1367 1739 Verbum
1390 1682 1493 1737 antem

193 1779 303 1839 dietum
328 1786 373 1837 est
395 1777 450 1835 bac
473 1777 602 1842 ratione,
628 1775 707 1852 qnod
730 1774 828 1852 lingna
852 1794 950 1835 aerem
975 1775 1115 1836 uerberat
1137 1783 1166 1835 et
1188 1774 1257 1834 inde
1281 1775 1413 1837 nascitur
1429 1776 1492 1837 elo·

194 1880 282 1939 cutio.
329 1876 387 1937 Sed
411 1894 576 1955 pronomen
599 1875 636 1935 de
659 1875 817 1938 uerberato
840 1895 910 1937 aere
933 1885 962 1936 et
984 1884 1065 1935 motu
1087 1874 1205 1954 linguae
1227 1875 1362 1936 similiter
1377 1876 1420 1938 fle.
1455 1877 1494 1939 Ει

194 1998 286 2058 qnare
310 1976 480 2059 specialiter
501 1979 556 2036 ista
579 1995 649 2055 pars
671 1976 726 2037 sibi
750 1977 806 2037 lroo
830 1995 937 2038 noureu
961 1978 1142 2055 adsumpsit?
1179 1977 1240 2038 llac
1263 1979 1394 2047 ratione,
1419 1981 1490 2058 quia
1506 1998 1530 2037 ιε

194 2084 225 2141 in
249 2078 465 2141 elocutionibus
487 2079 659 2158 frequenter
682 2078 738 2138 buc
761 2082 886 2140 utimur:
911 2081 1048 2139 inuenies
1071 2079 1149 2138 enim
1172 2077 1262 2139 multa
1286 2077 1380 2140 uerba
1396 2087 1427 2141 ει
1442 2082 1493 2141 uix

196 2201 286 2243 unum
311 2199 419 2241 nomeu
442 2189 470 2241 et
492 2198 673 2260 pronomen,
698 2190 729 2240 ut
751 2189 821 2261 puta
844 2183 868 2240 si
891 2181 998 2241 leceris
1021 2179 1234 2251 elocutionem,
1258 2191 1290 2241 ut
1311 2188 1380 2242 ante
1404 2200 1492 2263 prae·

197 2285 389 2353 dictumest,
420 2281 499 2342 ‘nolo
523 2284 565 2342 ire
589 2281 625 2341 ad
648 2283 745 2342 lorum
768 2292 797 2343 ει
820 2281 923 2343 uidere
946 2283 1109 2343 amicum’:
1148 2280 1252 2343 ‘uolo'
1281 2281 1407 2344 uerbum
1437 2293 1492 2360 est,

196 2390 266 2448 ‘ire'
290 2386 416 2447 uerluun
439 2395 499 2455 ost,
522 2384 583 2444 ‘ad'
605 2386 783 2463 praepositio
807 2393 866 2454 εει,
881 2384 1013 2448 floron?
1038 2402 1146 2444 nomen
1164 2391 1209 2444 est
1222 2381 1236 2466 ΙΙ
1252 2385 1271 2447 l.
1286 2381 1366 2445 144·
1382 2380 1414 2467 1,,
1437 2386 1493 2448 ‘et'

195 2489 364 2549 corrinnctio
387 2493 445 2555 est,
475 2486 613 2546 ‘uidere'
637 2485 762 2548 uerbum
787 2496 844 2557 est,
873 2488 1034 2547 ‘enricum’
1057 2503 1166 2547 nornen
1189 2495 1242 2550 εει.
1287 2486 1391 2558 Vides,
1420 2496 1531 2569 qnoteo

196 2590 285 2651 uerba
315 2590 482 2668 praeposita
510 2589 705 2649 inueniuntur
728 2597 757 2648 et
780 2589 829 2649 uix
853 2607 944 2649 uuum
973 2606 1081 2648 nomen
1105 2588 1211 2648 etalio
1240 2607 1310 2668 pars
1337 2590 1493 2651 orationis}

196 2692 274 2771 Ergo
296 2690 376 2770 quod
399 2691 571 2769 frequenter
594 2690 650 2750 boc
673 2693 791 2759 utimur,
815 2689 979 2770 principale
1002 2690 1058 2750 lroc
1081 2708 1189 2750 nornen
1213 2692 1343 2769 accepit.
1367 2698 1399 2752 ut
1422 2702 1493 2772 puta

196 2794 296 2854 dicere
318 2792 425 2852 ‘oratio
450 2791 486 2850 do
508 2792 683 2871 suppliciis’.
722 2793 871 2871 Numquid
901 2792 958 2852 illie
982 2799 1092 2852 tautum
1117 2790 1154 2850 de
1176 2790 1328 2873 suppliciis
1350 2791 1494 2872 loquitur,

196 2895 247 2955 sed
276 2904 305 2954 el
333 2893 369 2953 dc
397 2895 521 2953 auaritia
549 2894 621 2954 dicit
647 2904 677 2953 et
705 2893 836 2953 libidine.
882 2893 939 2954 Sed
969 2893 1046 2972 quod
1075 2894 1247 2973 frequenter
1274 2893 1312 2955 de
1339 2893 1496 2974 suppliciis

199 2996 340 3075 loquitur,
364 2994 430 3053 ideo
454 2993 614 3073 appellauit.
636 2994 691 3055 ‘de
714 2995 896 3076 suppliciis’.
941 2994 1019 3072 Ergo
1044 3013 1101 3054 uon
1125 2994 1204 3073 ‹prrod
1228 2993 1322 3056 solnm
1345 3014 1416 3075 pars
1439 2998 1532 3058 istass

198 3104 280 3156 motu
308 3095 426 3173 linguae
455 3104 483 3155 ει
514 3095 671 3157 uerberato
699 3117 768 3157 aere
796 3100 841 3165 fit,
871 3095 937 3156 ideo
960 3096 1070 3156 dictum
1095 3105 1140 3156 est
1167 3095 1306 3163 uerbum.
1336 3098 1389 3158 sed
1412 3098 1493 3178 quod

197 3200 259 3278 ipsa
284 3199 442 3277 praecipue
465 3205 598 3266 utamur;
627 3200 657 3257 in
686 3206 799 3258 tautum
828 3206 925 3258 autem
950 3196 1091 3267 uerbum,
1119 3206 1153 3258 nt
1175 3198 1322 3278 hodieque
1345 3199 1495 3260 dicamus:

199 3301 302 3361 ‘uerba
332 3302 402 3360 lacit
429 3301 459 3360 in
488 3305 621 3360 senatu':
654 3302 755 3377 utiquo
782 3304 809 3361 si
836 3299 993 3380 loquimur,
1025 3310 1054 3360 et
1081 3302 1201 3361 nomine
1231 3309 1260 3360 et
1283 3301 1441 3380 participio
1463 3310 1495 3364 ει

199 3401 338 3463 omuibus
360 3402 493 3482 partibus
516 3404 658 3463 orationis
679 3403 799 3472 utimur,
829 3402 879 3462 sod
903 3402 939 3462 ab
962 3401 1024 3470 illa,
1054 3418 1129 3478 quae
1152 3402 1335 3480 frequentior
1358 3411 1417 3472 εει,
1432 3421 1494 3483 ap·

130 3532 134 3538 ·
198 3503 325 3585 pellatur·
356 3506 449 3565 oratio
481 3508 530 3565 atel
559 3503 719 3584 eloquutio.
770 3503 867 3564 Verbo
901 3504 1039 3563 accidunt
1068 3502 1133 3570 Vll,
1165 3503 1291 3582 ‹pralitas
1323 3504 1535 3584 coniugatioso

199 3625 292 3684 geniis
315 3615 344 3666 et
366 3616 474 3666 cetera.
520 3607 649 3676 Qualitas
672 3607 757 3667 uerbi
780 3609 810 3666 iu
834 3606 906 3667 duas
930 3604 1072 3665 diuiditur
1094 3613 1208 3682 partes,
1233 3605 1263 3663 in
1287 3604 1390 3666 modos
1413 3606 1496 3666 etin

200 3708 319 3767 formas.
364 3707 441 3766 blodi
464 3716 546 3775 sunt,
570 3708 817 3786 quemadmodum
842 3726 927 3767 casus
950 3709 1120 3792 nominum;
1145 3705 1394 3783 quemadmodum
1417 3707 1493 3768 dici·

201 3827 266 3868 mus
295 3807 343 3867 lrio
365 3810 479 3869 deneas
507 3807 593 3867 liuius
620 3810 751 3877 Aeneae,
781 3808 859 3888 quod
890 3809 1019 3868 flectitur
1042 3808 1098 3867 lroc
1120 3826 1229 3868 nomen
1251 3825 1306 3887 per
1328 3825 1429 3877 casus.
1453 3808 1497 3871 sic

201 3911 288 3970 etiam
313 3906 438 3969 uerbum
461 3928 516 3988 por
538 3910 641 3970 modos
663 3910 800 3969 flectitur.

286 4010 378 4071 Aliter
401 4012 479 4071 enim
504 4011 608 4071 modus
631 4010 821 4078 iudicaliuus,
850 4013 899 4090 qui
924 4021 952 4070 et
975 4013 1215 4091 pronuntiationis
1244 4019 1301 4079 est,
1330 4009 1417 4071 aliter
1439 4012 1495 4071 im·
1509 4024 1538 4067 os

201 4116 366 4193 perminus,
391 4114 476 4175 aliter
499 4117 658 4192 opintimrs,
683 4111 769 4173 aliter
797 4113 1005 4172 coniunctiuus
1028 4124 1056 4173 et
1079 4122 1187 4175 cetera.
1231 4113 1309 4191 Ergo
1332 4121 1405 4191 quot
1427 4122 1497 4174 sunt

271 4372 355 4430 ‘lquu
373 4370 463 4418 addidi
530 4368 673 4430 deoquod
692 4368 776 4432 magis
822 4363 930 4430 clintum]
949 4366 1040 4414 dieitur
1092 4370 1202 4429 bqunm
1221 4367 1312 4416 addidi
1366 4363 1443 4434 ent]
1462 4368 1497 4417 sit

202 4436 400 4500 unquentis
454 4439 576 4485 ltieetern
630 4439 658 4485 11
678 4432 719 4501 lio]
738 4435 797 4484 lacit
832 4431 913 4498 quod]
933 4450 999 4495 quae
1052 4437 1082 4484 14
1101 4432 1139 4498 lit]
1157 4436 1191 4484 sit
1244 4436 1275 4484 15
1293 4430 1356 4499 Hac]
1376 4446 1401 4482 ει
1436 4436 1496 4497 quis

202 4507 226 4553 in
247 4504 430 4553 elormionibus
449 4501 604 4567 frequenter]
625 4501 698 4566 quine
717 4503 887 4552 locutionibus
905 4499 963 4563 qula
981 4502 1125 4564 frequenter·
1188 4502 1218 4551 16
1236 4499 1328 4566 multa]
1348 4502 1393 4550 llll
1465 4504 1496 4553 l‘i

202 4584 226 4621 ει
239 4569 391 4638 pronomen]
407 4571 495 4620 Malim
507 4582 559 4633 out,
571 4574 636 4620 sieut
648 4579 673 4621 et
684 4572 755 4633 infru
768 4574 801 4620 21
813 4584 857 4619 unt
869 4570 917 4619 alia
932 4586 991 4635 pars
1028 4582 1054 4619 nt
1065 4580 1123 4619 unte
1133 4571 1288 4634 praediorum
1302 4566 1353 4633 est]
1372 4586 1398 4635 p.
1408 4572 1496 4631 ΗΜ

201 4642 372 4690 subiceretur
424 4639 455 4687 de
468 4639 601 4703 supplicis,
614 4641 651 4689 rie
663 4656 763 4702 serrrper
799 4635 931 4703 numquid]
950 4639 985 4700 ef.
997 4654 1024 4701 p.
1039 4641 1096 4700 14⁹,
1111 4641 1143 4687 ²6
1195 4640 1228 4687 ‘24
1240 4648 1263 4686 et
1276 4639 1367 4687 addidi
1411 4634 1494 4705 qim]

202 4723 266 4769 quae
318 4711 351 4759 25
369 4722 429 4772 ergo
449 4714 516 4768 quod
536 4720 587 4754 nou
639 4710 671 4757 ‘26
690 4704 729 4771 lit]
750 4708 782 4756 sit
833 4704 976 4770 27autem]
996 4705 1044 4754 boc
1092 4699 1263 4766 utlrodquae
1314 4706 1498 4756 aestuanter·

236 4788 258 4824 rt
278 4792 368 4826 nornen
383 4788 406 4825 et
425 4775 586 4840 participium
639 4778 672 4826 30
690 4776 729 4824 nel
748 4777 839 4826 addidi
888 4777 920 4825 31
940 4770 1014 4844 uerbi
1067 4776 1099 4825 32
1118 4774 1225 4822 dicimus·
1243 4775 1269 4822 iu
1287 4775 1400 4837 morpiue
1463 4776 1497 4826 36

201 4846 418 4903 eorriunetntirms,
436 4848 475 4893 rte
491 4858 591 4907 semper
