3382 5476
260 338 416 416 ccxxxiv
793 351 1020 404 Plusculum.

774 539 824 602 DE
846 539 1043 603 lnvnnssln.

340 644 370 719 s.
389 651 463 704 151·
483 647 540 706 col.
556 645 601 706 ΙΙ.
639 642 822 705 Aduerbium
839 651 968 722 estpars
983 645 1141 714 orationis,
1164 644 1248 705 cuius
1263 644 1438 723 significatio
1453 641 1558 705 uerbis

262 747 311 809 uel
333 746 499 827 participiis
521 745 654 817 additur,
681 748 760 807 sicut
781 744 929 807 adiectiua
951 747 1034 816 lixis,
1057 752 1090 806 ut
1112 744 1257 825 ‘prudens
1279 745 1368 806 horno
1390 744 1558 825 prudenter

262 849 346 928 aqit’.
391 847 453 910 Nec
476 850 541 909 siue
563 848 611 909 his
633 847 751 928 plenam
773 846 865 908 habet
886 849 1075 909 sententiam.
1119 847 1193 919 Nam
1221 846 1268 909 uel
1292 846 1329 908 ad
1351 854 1419 908 ante
1441 847 1556 908 dictum

263 948 389 1011 uerbum
418 938 549 1011 relertur
572 946 620 1010 uel
643 966 697 1028 per
720 947 867 1028 eclipsim,
897 957 931 1011 ut
952 950 1046 1031 siquis
1067 952 1243 1029 interroget:
1273 947 1363 1011 ‘bona
1385 956 1430 1011 est
1452 965 1587 1029 super-s

261 1051 340 1113 biai’
364 1058 394 1112 et
414 1049 582 1132 respondeo
605 1051 699 1111 ‘non'.
746 1050 783 1114 Et
804 1052 948 1112 recitante
969 1050 1085 1133 aliquo,
1115 1050 1182 1112 dico
1204 1051 1349 1136 ‘diserte’,
1380 1049 1558 1113 subauditur

261 1151 378 1221 ‘dicis';
402 1160 432 1214 et
447 1151 554 1214 ‘malus
569 1153 686 1214 homo’:
709 1150 885 1214 subauditur
901 1156 978 1223 ‘ast’,
1003 1162 1033 1214 et
1052 1152 1107 1214 alia
1131 1151 1248 1214 similia.
1285 1152 1369 1214 Vnde
1392 1161 1422 1215 ct
1444 1151 1558 1215 dictum

262 1253 453 1325 aduerbium,
482 1253 562 1336 quod
592 1253 685 1315 uerbo
711 1256 864 1316 innitatur.
909 1253 986 1316 Sunt
1008 1262 1106 1316 autern
1128 1253 1272 1336 quaedam
1295 1253 1452 1325 aduerbia,
1479 1272 1558 1334 quae

264 1360 480 1419 conuenienter
502 1359 653 1419 sociantur
676 1355 876 1436 temporibus,
901 1364 933 1418 ut
953 1358 1117 1437 ‘sapienter
1139 1355 1205 1418 dico
1228 1354 1288 1418 dixi
1310 1355 1417 1418 dicam’
1441 1362 1497 1417 etc.

729 1576 778 1639 DE
801 1576 1090 1640 coulvucrtonn.

341 1695 468 1772 {152⁵
489 1700 546 1760 coi.
563 1699 608 1759 ΙΙ.
773 1696 854 1757 Aliae
880 1714 975 1777 paene
1002 1713 1106 1757 omnes
1132 1693 1337 1757 indifferenter
1364 1702 1394 1778 et
1415 1698 1561 1777 praeponi

264 1807 295 1860 et
317 1801 445 1879 supponi
468 1806 607 1879 possunt,
631 1806 665 1859 ut
686 1807 717 1859 et
739 1807 844 1879 atque,
868 1815 944 1877 quae
966 1799 1083 1878 poetice
1106 1803 1339 1878 postponuntur,
1364 1797 1435 1859 alias
1457 1808 1559 1860 autem

263 1918 341 1971 non,
365 1907 413 1961 ut:

437 2000 660 2079 Suspicione
682 1998 939 2062 altam'lunam
962 2008 998 2062 et
1019 2002 1072 2061 sic
1096 2018 1186 2062 uoce
1207 2008 1386 2081 precatur

268 2109 314 2164 ul:

440 2187 527 2249 Cum
551 2207 604 2248 me
627 2187 863 2257 hortaretur,
886 2205 1013 2268 parce,
1037 2187 1240 2266 frugaliter
1262 2195 1371 2266 atque

438 2289 583 2350 Viuerc.

266 2390 302 2452 Et
325 2389 464 2472 equidem
486 2389 590 2452 saltem
613 2398 713 2453 tamen
735 2408 915 2472 quamquam
930 2392 1108 2469 quaudoque
1124 2393 1264 2469 quatinus
1278 2411 1345 2453 nam
1362 2393 1440 2454 enim
1455 2394 1558 2472 itaque

265 2494 405 2574 quoniam
433 2500 615 2574 quapropter
642 2510 715 2570 crgo
744 2491 834 2571 igitur
860 2496 928 2575 quia
956 2493 1014 2555 sihi
1041 2512 1160 2575 quoque
1187 2495 1260 2572 ipsis
1288 2496 1496 2571 imponuntur,
1527 2505 1559 2556 ut

266 2596 479 2679 ‘astantem
504 2597 634 2666 tenui',
659 2606 689 2657 ct
711 2597 841 2675 ‘atque
864 2595 1052 2676 equidem'
1076 2603 1106 2656 et
1127 2596 1224 2656 ‘nam
1247 2600 1395 2677 neque'.

265 2767 492 2778 -.---

334 2898 514 2934 rasurarum.
549 2885 815 2934 ‘infirmium-3
833 2881 898 2950 egit]
918 2838 952 2946 cf:
963 2885 1046 2934 Prisc.
1059 2883 1093 2932 11
1110 2900 1136 2948 p.
1149 2886 1190 2946 60,
1204 2887 1272 2933 2-4
1298 2850 1300 2855 Ι
1340 2883 1543 2933 8Suntautem

266 2951 301 3013 cs.
314 2952 398 3001 Prisc.
420 2951 453 3000 ΙΙ
468 2969 494 3016 p.
514 2955 589 3012 6116
660 2954 688 3001 ll
708 2947 791 3018 Aliae]
812 2953 847 3015 cs.
867 2953 949 3001 Prisc.
967 2951 1003 3000 11
1019 2969 1043 3016 p.
1064 2954 1125 3013 10⁴,
1145 2954 1180 3000 24
1197 2967 1250 3017 seq,
1326 2953 1357 3002 18
1375 2951 1408 3001 Et
1425 2952 1542 3014 equidem

266 3020 300 3082 cs.
318 3019 402 3069 Prisc.
421 3019 454 3068 II
471 3038 498 3084 p.
518 3021 579 3077 105,
600 3022 696 3070 3-13.

335 3303 506 3340 acararvncn
526 3304 670 3343 vuarnrna.
723 3289 918 3356 beclypsimB
999 3292 1057 3341 'iet
1074 3305 1124 3339 nou
1142 3290 1264 3340 malusii
1334 3290 1455 3354 aquen
1527 3293 1558 3344 ll

267 3355 316 3405 alie
334 3372 399 3422 pene
417 3357 462 3407 ΑΒ
544 3343 681 3422 laqueis
733 3360 831 3424 poetice
848 3359 936 3410 om.A
1008 3360 1039 3408 14
1057 3359 1219 3409 sicundell
1289 3360 1321 3410 18
1339 3369 1464 3423 quatenus
1482 3361 1506 3410 Α

266 3438 335 3542 punc
353 3427 420 3474 cuim
439 3431 460 3474 Α
529 3442 587 3476 nam
607 3442 716 3490 numque
734 3422 789 3493 AB]
811 3427 842 3477 ln
859 3427 922 3477 iaec
939 3426 1018 3476 cerba
1035 3428 1178 3491 opusculum
1201 3429 1308 3484 desinit·
1333 3430 1359 3479 in
1377 3426 1403 3476 B
1419 3436 1560 3493 praeterea

283 3508 329 3544 aec
346 3499 451 3544 entant:

571 3562 683 3628 Explicit
699 3562 826 3629 explicent
841 3563 928 3613 ludere
944 3562 1054 3627 scriptor
1071 3573 1119 3612 eat.

571 3630 639 3680 Laus
657 3631 702 3681 tibi
720 3633 754 3681 sit
770 3630 873 3683 christe.
891 3630 978 3680 finitur
995 3632 1062 3680 enlm
1081 3630 1142 3680 liber
1159 3631 1214 3680 iste.

571 3698 669 3748 Premin
687 3701 804 3765 scriptori
822 3700 913 3750 dentur
930 3709 1066 3765 gratesque
1084 3701 1170 3765 priori.
