3382 5476
704 336 952 390 GRAMMATICO.
1365 353 1486 402 CLXVII

186 535 317 588 mentem
338 527 461 587 Scotum
482 524 543 594 ita,
567 534 600 586 ut
620 544 689 587 cum
710 523 764 587 ille
784 524 971 587 Flauianum
993 526 1026 588 in
1044 535 1152 605 portes
1173 535 1314 603 uocaret,
1339 530 1389 589 bic
1410 527 1486 590 eius-

187 631 259 689 (lem
277 626 436 705 praecepti
458 626 669 689 Cominianum
692 635 847 690 auctorem
870 626 1037 690 adbibmt.
1082 631 1192 705 Itaque
1219 647 1281 691 non
1307 639 1351 691 est
1372 628 1485 692 miran-

187 733 278 804 dum
308 731 390 805 quaa
409 728 442 790 iu
463 732 605 804 catolopo
628 726 816 790 Bononiensi
841 747 921 790 saec.
944 729 996 790 XI
1022 748 1041 789 o
1064 729 1167 792 Keilio
1181 748 1291 808 propr.
1315 732 1382 791 Erl.
1409 738 1486 791 1868

185 851 221 909 p.
249 839 286 891 27
307 832 469 892 secundnm
491 829 661 904 Itetlefscni
682 829 747 893 uiri
766 828 942 892 suauissimi
963 833 1175 908 apoprapbum
1197 831 1279 893 edito
1301 831 1487 895 ‘Flauianus

187 941 220 995 et
243 931 479 996 comminianus’
501 930 590 1007 quasi
604 933 664 994 duo
679 929 744 1011 uiri
755 929 953 1007 prammatiei
966 942 1183 995 enumerantur
1195 931 1246 1017 *)‚
1271 952 1380 1010 neque,
1405 936 1488 1010 anotl

188 1036 272 1098 illem
293 1034 327 1096 in
348 1038 491 1111 catalopo
513 1033 664 1096 Beruensi
684 1032 798 1110 lepilur
818 1035 878 1095 bac
898 1033 1026 1111 insuper
1043 1034 1156 1096 'addita
1178 1034 1389 1111 distinetione,
1413 1039 1485 1097 Fla-

189 1138 316 1201 uianum
337 1138 451 1199 Italum
475 1135 590 1211 fuisse,
623 1134 832 1198 Cominiunum
855 1135 977 1209 Afrum.
1022 1137 1104 1196 Nam
1132 1139 1189 1199 boc
1211 1135 1390 1198 necessitate
1411 1156 1485 1214 otta·

188 1243 264 1302 tlam
284 1249 422 1317 coperue,
449 1247 610 1315 postquam
633 1239 694 1299 duo
713 1237 911 1313 prammatici
927 1236 1027 1312 fuisse
1053 1236 1154 1300 babiti
1179 1251 1264 1314 suut,
1293 1240 1483 1316 sequebatur,

189 1351 224 1405 ut
246 1341 325 1404 alius
352 1340 418 1403 alia
444 1339 571 1403 ciuitate
598 1342 767 1401 donaretur
788 1356 808 1399 a
829 1338 984 1401 monacbis
1012 1339 1158 1401 bistoriae
1183 1340 1406 1415 arammaticaa
1433 1360 1485 1403 en·

188 1444 291 1513 riosis,
314 1461 375 1520 qua
396 1442 430 1504 in
451 1461 496 1521 rc,
518 1460 587 1504 cum
608 1439 798 1502 Flauianum
820 1443 931 1502 Italum
953 1459 1016 1502 esse
1036 1440 1193 1512 iubebant,
1216 1461 1252 1503 co
1273 1443 1402 1504 adaucti
1422 1461 1486 1505 esse

190 1546 352 1622 uidentur,
380 1546 463 1622 qnod
490 1542 651 1605 Charisius
678 1541 763 1603 urbis
792 1543 906 1603 Romae
931 1541 1077 1617 mapister
1104 1543 1205 1616 fuisse
1232 1544 1391 1606 dicebatur
1420 1546 1484 1620 (cl.

188 1646 272 1711 Keil.
292 1666 401 1724 propr.
426 1649 491 1707 Erl.
509 1664 544 1724 p.
572 1651 639 1725 27),
667 1662 735 1706 erem
762 1662 835 1705 uero
861 1643 1071 1705 Cominianum
1094 1644 1207 1719 Africa
1235 1645 1397 1707 oriundum
1424 1656 1484 1707 sta-

187 1752 325 1824 tuebant,
350 1748 526 1824 Africanae
548 1746 684 1809 Oborisii
706 1745 839 1822 aripinis
862 1745 964 1807 nescio
986 1765 1044 1823 quo
1061 1755 1156 1823 pacto
1178 1747 1298 1824 aliquid
1319 1750 1362 1809 ad
1382 1766 1485 1810 eorsum

188 1870 282 1914 aures
298 1849 477 1928 penteuisse
497 1847 662 1911 uerisimile
683 1857 735 1909 est.
781 1848 859 1908 Nam
880 1846 957 1909 sotis
975 1848 1135 1925 probabile
1156 1857 1209 1924 est,
1234 1853 1316 1925 qiuari
1336 1853 1484 1913 Vscnerus

186 1973 289 2032 nuper
323 1971 398 2015 mus.
427 1953 525 2014 Rben.
560 1954 620 2013 nol.
649 1951 768 2011 XXIII
798 1969 831 2028 p.
862 1957 919 2010 toi
951 1951 989 2009 de
1019 1949 1158 2012 Charisii
1184 1950 1295 2028 patria
1326 1951 1485 2028 rapaciter

186 2055 333 2121 coniecit.
355 2089 397 2102 -

260 2309 290 2377 *)
309 2312 376 2362 Idem
395 2310 503 2375 catalogi
523 2309 657 2359 Bobiensis
680 2320 769 2357 uictor
791 2307 910 2366 credidit,
935 2324 1009 2370 quesn
1028 2318 1053 2358 et
1071 2307 1183 2357 Flauiani
1202 2318 1226 2356 et
1244 2306 1371 2375 sosipatri
1393 2309 1483 2358 tibrum

184 2397 238 2449 pro
257 2397 287 2432 se
304 2396 431 2444 quotaque
448 2394 579 2429 recensere
598 2378 714 2426 uidemus
732 2377 802 2442 apud
821 2376 983 2425 muratorium
1003 2376 1035 2425 III
1053 2391 1079 2441 p.
1097 2377 1148 2426 820
1166 2386 1190 2425 et
1207 2377 1267 2427 821.

764 3163 910 3243 IIII.

596 3358 1079 3444 PRISOIANEA.

770 3749 850 3814 esp.
872 3746 900 3812 I.

290 3906 348 3971 DII
370 3904 591 3972 PRISOIANI
614 3903 719 3968 VITA
743 3899 930 3978 QVADAM
953 3898 1174 3964 BERNENSI
1196 3896 1390 3963 INEDITA.

277 4083 313 4142 In
338 4081 584 4156 srapmeutorum
612 4076 719 4140 coaice
746 4075 896 4137 Beruensi
917 4077 944 4135 Α
966 4082 1004 4134 90
1025 4074 1142 4149 [raam.
1166 4080 1204 4132 30
1230 4090 1310 4133 saec.
1334 4073 1385 4132 XI
1405 4089 1440 4148 p.
1464 4079 1483 4130 S

186 4192 272 4244 -tt
288 4192 356 4261 post
376 4181 535 4243 Prisciani
556 4180 658 4258 aperis
680 4177 810 4242 extremi
825 4177 943 4254 aliquot
961 4175 1095 4255 papinus
1109 4177 1186 4236 baec
1200 4183 1285 4235 catat
1299 4172 1366 4235 uita
1381 4191 1481 4250 pram·

186 4284 300 4349 malici
322 4282 528 4346 Caesariensis
549 4301 586 4345 eo
608 4284 646 4343 tle
667 4299 761 4343 causo
784 4279 1001 4352 memorabilis,
1032 4277 1106 4354 quia
1128 4277 1172 4336 ati
1191 4273 1374 4337 notissimam
1396 4273 1482 4335 illam

186 4388 339 4452 librorum
364 4385 553 4463 sinpulorum
580 4382 828 4461 subscriptionem
856 4380 1074 4458 explicandam
1097 4397 1157 4440 nan
1177 4376 1258 4439 nibil
1283 4376 1406 4438 ltoninis
1428 4378 1482 4435 ael·

182 4492 265 4567 sert.
313 4490 407 4560 Ουαηι
429 4487 523 4549 teitan
545 4486 616 4547 alirn
638 4485 671 4546 in
696 4483 813 4546 Ottonis
834 4483 941 4544 Iabuii
962 4501 1047 4544 usum
1069 4500 1089 4541 a
1111 4500 1142 4543 se
1163 4477 1348 4556 descriptam
1375 4481 1482 4539 I'sene-

186 4611 260 4660 rie,
283 4599 444 4668 postquam
471 4589 558 4651 illum
586 4586 686 4649 uirum
712 4584 1005 4664 praestantissimum
1028 4585 1102 4659 fota
1133 4581 1242 4659 iniqua
1272 4579 1357 4642 nobis
1384 4596 1483 4655 nuper

185 4692 386 4770 eripuerunt,
415 4700 448 4753 ut
470 4691 541 4753 buic
562 4690 641 4752 libro
663 4688 841 4762 insererem,
865 4696 1034 4748 currentem
1056 4688 1238 4747 adhortatus
1265 4692 1308 4744 est
1325 4679 1484 4756 facileque

179 4793 348 4867 ,concessit
