3382 5476
197 277 239 342 98
711 278 781 331 ARS
799 276 976 331 inolitus

197 473 268 527 sunt
287 462 299 547 ΙΙ
320 464 372 527 lol.
393 462 453 527 9⁷·
474 461 487 548 fl
506 464 689 546 superlatiua
712 512 875 528 ......
899 469 930 528 in
958 464 1103 544 singulari
1129 482 1255 527 numero
1282 462 1501 527 indeclinabile

198 576 242 627 cst
270 575 301 628 et
329 575 479 644 neutrum,
510 570 540 629 in
569 567 677 648 plurali
706 587 779 630 uero
807 585 932 629 numero
958 568 1136 629 femininum
1164 576 1211 629 est
1240 574 1270 628 et
1296 568 1416 646 primae
1443 566 1499 629 dc·

196 668 364 731 clinationis
386 669 454 731 ‘liae
476 675 580 750 cepae’
603 670 722 731 ‘harum
738 671 903 750 ceparum’,
926 671 1063 751 quamuis
1085 669 1282 748 antiquissimi
1295 670 1327 729 in
1342 686 1360 731 a
1374 686 1498 751 qunque

197 771 347 851 singulare
369 772 513 832 feminino
535 790 646 851 genere
668 773 767 851 ‘cepa’
789 770 949 850 protulisse
977 772 1182 833 inueniuntur.
1231 770 1306 831 ltem
1334 769 1497 832 diriuatiua

92 920 95 925 .
197 876 315 935 nomina
344 875 467 934 suntin
491 890 522 944 a,
553 876 731 951 agenetiuo
759 874 907 935 secundae
937 871 1143 935 declinationis
1171 874 1301 933 maxime
1329 873 1523 943 uenientia,s

197 982 229 1035 ut
251 975 471 1035 Priscianus
493 974 581 1042 dicit,
610 975 705 1036 iturus
727 975 795 1035 duri
823 975 948 1044 dumtia.
978 977 1091 1036 amicus
1117 976 1206 1036 amici
1233 974 1379 1044 amicitia,
1407 973 1495 1055 pudi-

196 1096 250 1138 cus
282 1075 385 1156 pudici
415 1075 571 1156 pudicitia,
604 1075 700 1138 laetus
732 1074 803 1137 laeti
835 1077 961 1148 laetitia,
993 1077 1147 1139 modestus
1177 1075 1304 1138 modesti
1337 1074 1495 1146 modestia,

195 1186 326 1240 maestus
342 1180 446 1239 maesti
463 1179 619 1249 maestitia,
638 1178 736 1239 addita
753 1181 794 1240 tia
812 1187 914 1239 ettam
931 1179 1114 1260 paenultima
1130 1196 1218 1259 quam
1241 1176 1496 1256 antepaenultima
1538 1212 1542 1223 ·

195 1280 305 1360 ubique
333 1285 481 1359 correpta.
532 1279 603 1341 item
633 1279 688 1341 alia
718 1283 859 1358 genetiuo
887 1280 1045 1342 adsumunt
1072 1298 1104 1350 a,
1136 1277 1316 1358 paenultima
1342 1281 1354 1339 i
1381 1278 1495 1360 ubique

194 1388 340 1461 correpta,
365 1390 397 1441 ut
418 1388 465 1443 est
486 1399 649 1443 conuersus
671 1385 811 1444 conuersi
834 1385 1001 1452 conuersia,
1025 1383 1067 1443 sic
1090 1389 1119 1441 et
1139 1388 1350 1442 controuersns
1371 1388 1493 1443 contro·
1506 1396 1530 1436 tt

193 1483 273 1543 uersi
289 1485 504 1552 controuersia,
527 1486 652 1562 ignauus
674 1485 775 1562 ignaui
798 1486 926 1563 ignauia,
950 1483 1097 1564 superbus
1112 1480 1238 1561 superbi
1252 1480 1405 1561 superbia,
1428 1482 1493 1543 uio·

137 1659 140 1663 ⁴
193 1583 292 1644 lentus
319 1583 443 1646 uiolenti
474 1585 629 1656 uiolentia,
659 1593 775 1647 astutus
803 1588 892 1648 astuti
915 1586 1034 1661 astutia,
1064 1582 1154 1645 italus
1175 1582 1239 1644 Itali
1262 1582 1361 1654 ltalia,
1390 1580 1494 1645 Gallus

197 1685 272 1747 Galli
301 1684 410 1756 Gallia,
435 1686 585 1767 llispanus
612 1687 734 1768 Hispani
762 1688 916 1767 Hispania,
940 1686 1064 1747 colenus
1091 1684 1190 1746 coloni
1218 1685 1347 1756 colonia,
1376 1684 1493 1747 Tuscus

194 1787 286 1848 Tusci
301 1787 417 1857 Tuscia,
434 1790 574 1860 Graccus,
598 1790 703 1851 Graeci
719 1790 853 1850 Graecia.
893 1788 965 1849 item
980 1791 1073 1848 miser
1088 1788 1188 1849 miseri
1212 1782 1343 1847 miseria.
1381 1784 1493 1847 Simili·

193 1899 238 1949 ter·
253 1891 367 1951 lacinnt
382 1891 502 1949 nomina
518 1893 623 1951 tertiae
640 1890 856 1960 declinationis,
874 1907 948 1967 quae
964 1889 1123 1970 aliquando
1138 1890 1290 1968 accipiunt
1305 1890 1346 1949 tia
1360 1886 1490 1949 additam
1505 1904 1528 1945 rs

193 1990 229 2050 ad
246 1990 389 2059 datiuum,
414 1999 447 2050 ut
462 1993 556 2051 tristis
572 1993 665 2053 tristis
687 1994 763 2052 tristi
786 1994 919 2062 tristitia,
943 1993 985 2052 sic
1007 1993 1105 2069 segnis
1128 1991 1226 2069 segnis
1248 1991 1333 2068 segni
1355 1990 1491 2067 segnitia,

193 2093 329 2171 insegnis
351 2093 484 2170 inseguis
506 2094 623 2171 insegni
646 2096 804 2172 insegnitia
834 2102 863 2153 et
884 2102 983 2154 cetera
1006 2102 1065 2154 tam
1087 2091 1266 2171 paenultima
1295 2110 1384 2172 quam
1407 2101 1490 2153 ante·

193 2195 372 2273 paenultima
395 2196 405 2253 i
427 2193 537 2273 ubique
565 2204 712 2275 correpta.
763 2195 927 2275 Aliquando
954 2202 1051 2256 autem
1081 2196 1199 2255 nomina
1228 2195 1332 2255 tertiae
1361 2192 1491 2257 deelina-

192 2297 281 2356 tionis
295 2298 360 2357 siue
375 2297 545 2376 participia,
569 2315 645 2374 quae
666 2315 725 2357 una
746 2296 856 2376 syllaba
879 2298 1019 2375 genetiuo
1042 2297 1166 2357 uincunt
1188 2294 1416 2366 nominatiuum,
1438 2294 1491 2357 ad·

192 2406 314 2458 suniunt
342 2398 441 2459 datiuu
474 2416 491 2459 a
518 2398 645 2460 litteram
676 2398 857 2479 paenultima
890 2399 900 2458 i
928 2407 1080 2478 correpta,
1111 2399 1155 2457 sic
1187 2397 1528 2459 iaciunt-diriuatiuaao

193 2503 313 2562 nomina
335 2500 477 2561 feminina
499 2502 614 2579 primae
636 2501 858 2570 declinationis,
883 2509 915 2561 nt
930 2501 1092 2578 neglegens
1114 2498 1300 2577 neglegentis
1321 2498 1492 2578 neglegenti

195 2602 391 2681 neglegentia,
415 2602 546 2681 prudeus
561 2603 719 2684 prudentis
734 2602 873 2682 prudenti
895 2602 1062 2681 prudentia,
1086 2603 1207 2680 sapiens
1223 2603 1259 2662 tis
1271 2603 1293 2662 ti
1309 2602 1357 2676 tia,
1373 2602 1490 2663 miseri-

196 2724 264 2765 cors
279 2705 325 2764 dis
340 2704 368 2763 di
385 2702 441 2775 dia,
458 2708 542 2766 iners
565 2708 602 2767 tis
617 2708 640 2767 ti
655 2708 705 2776 tia,
728 2708 817 2784 inops
838 2706 886 2783 pis
907 2705 937 2782 pi
959 2705 1018 2783 pia.
1063 2704 1136 2764 item
1159 2705 1205 2763 ius
1226 2705 1301 2765 iuris
1321 2706 1385 2765 iuri
1403 2704 1490 2773 iuria,

196 2807 293 2868 addita
317 2807 534 2885 praepositione
556 2809 673 2867 iniuria.
711 2807 783 2867 item
807 2806 915 2867 Caesar
937 2807 979 2865 ris
1000 2807 1026 2865 ri
1049 2807 1103 2866 ria.
1142 2805 1214 2866 ltem
1231 2824 1340 2868 nomen
1363 2805 1493 2867 nominis

193 2909 309 2968 nomini
331 2907 430 2967 addita
454 2910 672 2987 praepositione
692 2909 853 2985 ignominia
876 2907 954 2968 lacit.
991 2907 1054 2968 tilia
1071 2915 1168 2968 autem
1191 2907 1362 2969 nominibus
1383 2905 1527 2967 additisas

192 3008 312 3088 syllabis
330 3008 430 3069 monia
446 3010 489 3069 sic
505 3009 617 3069 iaciunt
638 3010 796 3069 diriuatiua
813 3009 932 3069 nomina
950 3010 1064 3088 primae
1079 3008 1286 3071 declinationis
1300 3010 1444 3071 feminina
1458 3009 1490 3070 in

194 3112 413 3179 indesinentia,
437 3120 470 3172 ut
485 3120 583 3172 castus
605 3112 677 3173 casti
700 3111 882 3180 castimonia,
906 3129 976 3171 acer
991 3113 1054 3172 acri
1077 3114 1248 3185 acrimonia,
1270 3113 1334 3173 siuc
1356 3110 1492 3173 auerbis

192 3214 332 3283 ueniunt,
363 3220 396 3272 ut
417 3231 507 3291 pareo
529 3214 609 3292 parsi
637 3213 834 3292 parsimonia,
863 3213 906 3271 sic
934 3229 1045 3290 queror
1072 3214 1257 3292 querimonia
1278 3216 1289 3273 i
1311 3212 1490 3295 paenultima

192 3332 312 3396 semper
334 3323 481 3395 correpta.
520 3314 592 3375 ltem
617 3323 722 3376 neutra
745 3314 857 3376 Graeca
880 3316 911 3375 in
933 3333 949 3374 a
970 3314 1134 3376 desinentia
1158 3318 1263 3376 tertiae
1285 3313 1492 3377 declinationis

192 3417 393 3494 antiquissimi
415 3417 578 3478 secundum
601 3419 728 3498 primam
751 3416 977 3479 declinationem
1000 3416 1189 3496 protulerunt
1211 3424 1241 3476 ct
1260 3420 1380 3495 generis
1401 3418 1527 3479 femi-so

192 3521 254 3579 nini
279 3529 377 3579 erant:
410 3518 562 3581 Plautus
585 3519 672 3580 dixit:
706 3518 809 3581 Nune
837 3537 881 3579 ne
908 3519 1147 3580 admiremini
1170 3538 1285 3581 mcum
1308 3528 1488 3588 ornatum,

191 3622 290 3701 quod
314 3640 379 3699 ego
402 3620 471 3682 buc
492 3622 664 3699 processi
692 3641 770 3683 cum
795 3620 931 3683 seruili
954 3620 1111 3689 schema,
1133 3641 1189 3701 pro
1211 3622 1370 3684 schemate.
1414 3621 1488 3682 ltem

191 3723 386 3784 Laberius:
422 3722 690 3803 Pythagoream
706 3723 870 3803 dogmam
893 3723 1041 3791 dectus,
1064 3743 1120 3804 pro
1143 3724 1249 3801 dogma
1270 3725 1379 3804 posuit.
1417 3722 1490 3794 Qui-

192 3826 260 3887 dam
275 3834 372 3886 autem
389 3825 418 3884 in
435 3842 485 3884 um
502 3824 708 3887 huiuscemodi
724 3829 876 3887 nominum
899 3823 1091 3903 protulerunt
1112 3828 1311 3887 nominatiuns
1326 3823 1339 3909 ΙΙ
1354 3826 1375 3886 1.
1387 3822 1449 3886 97·
1462 3824 1490 3907 lt.

260 4084 273 4130 1
292 4076 461 4147 superlatiua]
483 4081 546 4131 Post
563 4081 611 4131 doc
628 4082 747 4131 nonnulla
765 4081 797 4130 de
815 4084 899 4144 ‘cepe'
918 4082 987 4131 nocis
1005 4084 1126 4147 qualitate
1144 4083 1336 4133 interciderunt.
1355 4111 1365 4131 .
1392 4080 1418 4129 in
1437 4082 1492 4131 sin—

190 4149 251 4213 gula
303 4151 435 4198 inumeri
487 4152 583 4215 3cepe
633 4146 733 4214 tgene
775 4163 841 4212 eppa
893 4152 1033 4198 bsecuuda
1085 4145 1492 4215 dl‘riseiaouslcfiIp.119,9

236 4218 286 4265 ami
304 4218 415 4267 amiticia
484 4218 581 4268 ilctus
599 4218 642 4266 icti
660 4217 743 4266 leticia
811 4218 961 4266 timescicia
1029 4218 1256 4282 antepeneultima,
1275 4234 1345 4268 corr.
1362 4224 1490 4282 antepena

190 4286 266 4346 (siet)
320 4289 352 4336 10
363 4300 544 4335 contrnuersns
579 4286 737 4335 contrauersi
771 4286 945 4334 cointrauersia
992 4287 1021 4334 11
1037 4285 1159 4335 uiolenter
1171 4285 1275 4335 uiolenti
1328 4287 1360 4335 13
1372 4284 1491 4350 hispanis

191 4355 223 4403 11
241 4354 350 4418 iusticia
368 4354 475 4418 (puncta
491 4356 627 4406 adducar.
638 4356 703 4417 rec.)
773 4355 804 4402 15
822 4354 951 4418 accipiunt
968 4354 993 4402 ia
1010 4353 1097 4403 addita
1115 4369 1130 4402 a
1148 4354 1262 4403 datiuum
1333 4354 1365 4401 16
1382 4352 1490 4403 tristicia

224 4423 307 4486 signis
325 4422 414 4487 signes
432 4422 500 4485 signi
518 4422 624 4485 signinis
694 4424 725 4471 17
743 4422 853 4485 insignis
872 4429 920 4472 etc.
971 4431 1068 4471 ceterae
1128 4424 1161 4472 ab
1179 4422 1306 4471 adsumun
1323 4421 1411 4470 datiua
1462 4421 1489 4469 in

190 4502 307 4554 correpta
353 4489 629 4547 autumationum.
652 4492 815 4540 imanrec.
900 4490 933 4537 24
952 4487 1040 4539 Cesnri
1118 4492 1151 4540 25
1169 4486 1373 4554 praepositione]
1390 4502 1489 4554 conpo-

190 4559 284 4607 sitione
318 4556 384 4605 nlius
402 4568 488 4605 autem
538 4558 570 4606 ‘ab
588 4554 728 4608 diuinatina
779 4558 812 4606 29
831 4555 912 4606 deciis
931 4558 1100 4622 protullerunt
1151 4561 1185 4607 30
1202 4573 1284 4622 genus
1337 4559 1367 4606 31
1387 4556 1489 4623 plastus

224 4620 341 4690 Plautus]
361 4625 396 4688 cf.
414 4624 542 4674 Priscian.
561 4625 579 4674 1
594 4641 621 4690 p.
641 4628 699 4691 199,
719 4630 751 4675 tt
769 4626 806 4677 H.
873 4641 904 4674 ne
921 4641 968 4679 ont.
1022 4636 1198 4675 mauruntum
1285 4626 1318 4675 32
1336 4640 1422 4674 scema
1440 4639 1489 4690 pro

191 4704 301 4742 scemate
402 4694 435 4743 ³3
453 4692 557 4742 liberius
620 4692 754 4759 Laberius]
775 4694 811 4758 cs.
829 4694 912 4747 Prior.
931 4695 947 4743 1
961 4712 990 4760 p.
1009 4699 1108 4758 200,9
1159 4694 1314 4758 pitagoriam
1383 4692 1488 4756 quidam

190 4758 287 4825 aretem]
307 4763 341 4825 rs.
362 4762 443 4814 Prisc.
463 4761 478 4811 I
494 4779 522 4828 p.
542 4764 627 4827 tom
704 4766 737 4813 34
755 4761 925 4829 protullerunt
942 4764 1095 4826 nominatim
