<?xml version="1.0" encoding="UTF-8"?>
<!DOCTYPE html PUBLIC "-//W3C//DTD XHTML 1.0 Transitional//EN"
    "http://www.w3.org/TR/xhtml1/DTD/xhtml1-transitional.dtd">
<html xmlns="http://www.w3.org/1999/xhtml" xml:lang="en" lang="en">
 <head>
  <title>
</title>
<meta http-equiv="Content-Type" content="text/html;charset=utf-8" />
  <meta name='ocr-system' content='tesseract 3.04.00' />
  <meta name='ocr-capabilities' content='ocr_page ocr_carea ocr_par ocr_line ocrx_word'/>
</head>
<body>
  <div class='ocr_page' id='page_1' title='image "./grammaticilatin06keilgoog_0509.png"; bbox 0 0 3382 5476; ppageno 0'>
   <div class='ocr_carea' id='block_1_1' title="bbox 158 341 1094 420">
    <p class='ocr_par' dir='ltr' id='par_1_1' title="bbox 158 341 1094 420">
     <span class='ocr_line' id='line_1_1' title="bbox 158 341 1094 420; baseline -0.01 -14"><span class='ocrx_word' id='word_1_1' title='bbox 158 414 161 420; x_wconf 53' lang='grc'><strong>,</strong></span> <span class='ocrx_word' id='word_1_2' title='bbox 202 341 266 406; x_wconf 78' lang='lat'><strong>234</strong></span> <span class='ocrx_word' id='word_1_3' title='bbox 595 345 831 398; x_wconf 79' lang='lat' dir='ltr'><strong>couucurvu</strong></span> <span class='ocrx_word' id='word_1_4' title='bbox 849 345 1094 397; x_wconf 79' lang='lat' dir='ltr'><strong>nrusmcnusc</strong></span> 
     </span>
    </p>
   </div>
   <div class='ocr_carea' id='block_1_2' title="bbox 48 531 1533 4463">
    <p class='ocr_par' dir='ltr' id='par_1_2' title="bbox 48 531 1533 4463">
     <span class='ocr_line' id='line_1_2' title="bbox 113 531 1502 615; baseline 0.008 -28"><span class='ocrx_word' id='word_1_5' title='bbox 113 534 357 596; x_wconf 67' lang='lat' dir='ltr'><strong>amenumeri.</strong></span> <span class='ocrx_word' id='word_1_6' title='bbox 400 532 486 593; x_wconf 85' lang='lat' dir='ltr'><strong>llodo</strong></span> <span class='ocrx_word' id='word_1_7' title='bbox 517 532 604 601; x_wconf 84' lang='lat' dir='ltr'><strong>dicit,</strong></span> <span class='ocrx_word' id='word_1_8' title='bbox 634 532 742 610; x_wconf 84' lang='lat' dir='ltr'><strong>quibus</strong></span> <span class='ocrx_word' id='word_1_9' title='bbox 771 531 889 593; x_wconf 84' lang='lat' dir='ltr'><strong>casibus</strong></span> <span class='ocrx_word' id='word_1_10' title='bbox 918 534 1082 612; x_wconf 88' lang='lat' dir='ltr'><strong>iunguntur</strong></span> <span class='ocrx_word' id='word_1_11' title='bbox 1109 532 1227 613; x_wconf 90' lang='lat' dir='ltr'><strong>gradus.</strong></span> <span class='ocrx_word' id='word_1_12' title='bbox 1272 534 1410 597; x_wconf 79' lang='lat' dir='ltr'><strong>Alieno</strong></span> <span class='ocrx_word' id='word_1_13' title='bbox 1437 553 1502 615; x_wconf 87' lang='lat' dir='ltr'><strong>ge·</strong></span> 
     </span>
     <span class='ocr_line' id='line_1_3' title="bbox 202 632 1499 716; baseline 0.004 -21"><span class='ocrx_word' id='word_1_14' title='bbox 202 637 275 704; x_wconf 92' lang='lat' dir='ltr'><strong>neri,</strong></span> <span class='ocrx_word' id='word_1_15' title='bbox 298 643 344 695; x_wconf 87' lang='lat' dir='ltr'><strong>ut:</strong></span> <span class='ocrx_word' id='word_1_16' title='bbox 375 634 482 694; x_wconf 80' lang='lat' dir='ltr'><strong>‘homo</strong></span> <span class='ocrx_word' id='word_1_17' title='bbox 505 635 609 695; x_wconf 84' lang='lat' dir='ltr'><strong>tortior</strong></span> <span class='ocrx_word' id='word_1_18' title='bbox 637 632 788 701; x_wconf 86' lang='lat' dir='ltr'><strong>leonibus,</strong></span> <span class='ocrx_word' id='word_1_19' title='bbox 823 632 955 695; x_wconf 91' lang='lat' dir='ltr'><strong>uelocior</strong></span> <span class='ocrx_word' id='word_1_20' title='bbox 982 634 1109 715; x_wconf 86' lang='lat' dir='ltr'><strong>aquilis&#39;.</strong></span> <span class='ocrx_word' id='word_1_21' title='bbox 1154 634 1216 695; x_wconf 85' lang='lat' dir='ltr'><strong>Vel</strong></span> <span class='ocrx_word' id='word_1_22' title='bbox 1250 653 1315 697; x_wconf 89' lang='lat' dir='ltr'><strong>suo</strong></span> <span class='ocrx_word' id='word_1_23' title='bbox 1347 640 1499 716; x_wconf 88' lang='lat' dir='ltr'><strong>generi.</strong></span> 
     </span>
     <span class='ocr_line' id='line_1_4' title="bbox 112 735 1498 814; baseline 0.006 -23"><span class='ocrx_word' id='word_1_24' title='bbox 112 745 235 799; x_wconf 65' lang='lat' dir='ltr'><strong>ament</strong></span> <span class='ocrx_word' id='word_1_25' title='bbox 262 736 351 796; x_wconf 85' lang='lat' dir='ltr'><strong>homo</strong></span> <span class='ocrx_word' id='word_1_26' title='bbox 379 735 549 795; x_wconf 82' lang='lat' dir='ltr'><strong>hominibus</strong></span> <span class='ocrx_word' id='word_1_27' title='bbox 576 743 774 814; x_wconf 88' lang='lat' dir='ltr'><strong>comparatur.</strong></span> <span class='ocrx_word' id='word_1_28' title='bbox 820 737 860 795; x_wconf 87' lang='lat' dir='ltr'><strong>Vt</strong></span> <span class='ocrx_word' id='word_1_29' title='bbox 888 736 1023 797; x_wconf 86' lang='lat' dir='ltr'><strong>lleclor</strong></span> <span class='ocrx_word' id='word_1_30' title='bbox 1055 736 1193 797; x_wconf 82' lang='lat' dir='ltr'><strong>fortior</strong></span> <span class='ocrx_word' id='word_1_31' title='bbox 1227 737 1283 798; x_wconf 85' lang='lat' dir='ltr'><strong>luit</strong></span> <span class='ocrx_word' id='word_1_32' title='bbox 1308 735 1498 800; x_wconf 77' lang='lat' dir='ltr'><strong>Diomede.</strong></span> 
     </span>
     <span class='ocr_line' id='line_1_5' title="bbox 202 830 1498 916; baseline 0.003 -18"><span class='ocrx_word' id='word_1_33' title='bbox 202 836 288 898; x_wconf 85' lang='lat' dir='ltr'><strong>Modo</strong></span> <span class='ocrx_word' id='word_1_34' title='bbox 317 836 413 897; x_wconf 92' lang='lat' dir='ltr'><strong>alieno</strong></span> <span class='ocrx_word' id='word_1_35' title='bbox 440 830 557 915; x_wconf 85' lang='lat' dir='ltr'><strong>generi,</strong></span> <span class='ocrx_word' id='word_1_36' title='bbox 585 838 653 916; x_wconf 84' lang='lat' dir='ltr'><strong>quia</strong></span> <span class='ocrx_word' id='word_1_37' title='bbox 676 836 787 897; x_wconf 87' lang='lat' dir='ltr'><strong>ilector</strong></span> <span class='ocrx_word' id='word_1_38' title='bbox 809 837 958 897; x_wconf 87' lang='lat' dir='ltr'><strong>Troianus</strong></span> <span class='ocrx_word' id='word_1_39' title='bbox 979 837 1049 906; x_wconf 83' lang='lat' dir='ltr'><strong>luit,</strong></span> <span class='ocrx_word' id='word_1_40' title='bbox 1079 837 1235 899; x_wconf 80' lang='lat' dir='ltr'><strong>Diomedes</strong></span> <span class='ocrx_word' id='word_1_41' title='bbox 1257 856 1331 900; x_wconf 89' lang='lat' dir='ltr'><strong>uero</strong></span> <span class='ocrx_word' id='word_1_42' title='bbox 1353 838 1498 902; x_wconf 76' lang='lat' dir='ltr'><strong>Graecus.</strong></span> 
     </span>
     <span class='ocr_line' id='line_1_6' title="bbox 202 922 1521 1023; baseline 0.004 -25"><span class='ocrx_word' id='word_1_43' title='bbox 202 938 385 999; x_wconf 78' lang='lat' dir='ltr'><strong>tenacior</strong></span> <span class='ocrx_word' id='word_1_44' title='bbox 415 938 604 1006; x_wconf 83' lang='lat' dir='ltr'><strong>Troianis,</strong></span> <span class='ocrx_word' id='word_1_45' title='bbox 634 937 721 998; x_wconf 89' lang='lat' dir='ltr'><strong>modo</strong></span> <span class='ocrx_word' id='word_1_46' title='bbox 748 957 804 999; x_wconf 89' lang='lat' dir='ltr'><strong>suo</strong></span> <span class='ocrx_word' id='word_1_47' title='bbox 825 940 938 1017; x_wconf 85' lang='lat' dir='ltr'><strong>generi.</strong></span> <span class='ocrx_word' id='word_1_48' title='bbox 982 938 1142 1000; x_wconf 83' lang='lat' dir='ltr'><strong>Sciendum</strong></span> <span class='ocrx_word' id='word_1_49' title='bbox 1165 922 1263 1001; x_wconf 84' lang='lat' dir='ltr'><strong>autem</strong></span> <span class='ocrx_word' id='word_1_50' title='bbox 1285 940 1353 1021; x_wconf 87' lang='lat' dir='ltr'><strong>quia</strong></span> <span class='ocrx_word' id='word_1_51' title='bbox 1372 959 1521 1023; x_wconf 76' lang='lat' dir='ltr'><strong>compa-s</strong></span> 
     </span>
     <span class='ocr_line' id='line_1_7' title="bbox 203 1038 1499 1120; baseline 0.003 -20"><span class='ocrx_word' id='word_1_52' title='bbox 203 1042 315 1101; x_wconf 84' lang='lat' dir='ltr'><strong>catinus</strong></span> <span class='ocrx_word' id='word_1_53' title='bbox 338 1058 396 1100; x_wconf 88' lang='lat' dir='ltr'><strong>non</strong></span> <span class='ocrx_word' id='word_1_54' title='bbox 420 1038 515 1099; x_wconf 88' lang='lat' dir='ltr'><strong>solum</strong></span> <span class='ocrx_word' id='word_1_55' title='bbox 539 1038 667 1099; x_wconf 90' lang='lat' dir='ltr'><strong>ablatiuo</strong></span> <span class='ocrx_word' id='word_1_56' title='bbox 690 1041 836 1116; x_wconf 88' lang='lat' dir='ltr'><strong>iungitur,</strong></span> <span class='ocrx_word' id='word_1_57' title='bbox 865 1040 917 1102; x_wconf 90' lang='lat' dir='ltr'><strong>sed</strong></span> <span class='ocrx_word' id='word_1_58' title='bbox 941 1042 1027 1100; x_wconf 84' lang='lat' dir='ltr'><strong>etiarn</strong></span> <span class='ocrx_word' id='word_1_59' title='bbox 1052 1041 1249 1108; x_wconf 77' lang='lat' dir='ltr'><strong>nominatim,</strong></span> <span class='ocrx_word' id='word_1_60' title='bbox 1278 1058 1347 1103; x_wconf 89' lang='lat' dir='ltr'><strong>cum</strong></span> <span class='ocrx_word' id='word_1_61' title='bbox 1369 1044 1499 1120; x_wconf 78' lang='lat' dir='ltr'><strong>‘quam’</strong></span> 
     </span>
     <span class='ocr_line' id='line_1_8' title="bbox 202 1140 1496 1222; baseline 0.003 -21"><span class='ocrx_word' id='word_1_62' title='bbox 202 1140 361 1221; x_wconf 89' lang='lat' dir='ltr'><strong>particula:</strong></span> <span class='ocrx_word' id='word_1_63' title='bbox 384 1143 448 1202; x_wconf 91' lang='lat' dir='ltr'><strong>sine</strong></span> <span class='ocrx_word' id='word_1_64' title='bbox 471 1143 548 1202; x_wconf 91' lang='lat' dir='ltr'><strong>enim</strong></span> <span class='ocrx_word' id='word_1_65' title='bbox 571 1140 620 1201; x_wconf 91' lang='lat' dir='ltr'><strong>illa</strong></span> <span class='ocrx_word' id='word_1_66' title='bbox 644 1159 703 1200; x_wconf 94' lang='lat' dir='ltr'><strong>non</strong></span> <span class='ocrx_word' id='word_1_67' title='bbox 726 1148 832 1221; x_wconf 90' lang='lat' dir='ltr'><strong>potest.</strong></span> <span class='ocrx_word' id='word_1_68' title='bbox 876 1140 964 1202; x_wconf 86' lang='lat' dir='ltr'><strong>Verbi</strong></span> <span class='ocrx_word' id='word_1_69' title='bbox 987 1143 1081 1220; x_wconf 87' lang='lat' dir='ltr'><strong>gratia</strong></span> <span class='ocrx_word' id='word_1_70' title='bbox 1104 1140 1248 1202; x_wconf 70' lang='lat' dir='ltr'><strong>‘uelocior</strong></span> <span class='ocrx_word' id='word_1_71' title='bbox 1269 1150 1314 1203; x_wconf 81' lang='lat' dir='ltr'><strong>eet</strong></span> <span class='ocrx_word' id='word_1_72' title='bbox 1335 1142 1384 1203; x_wconf 86' lang='lat' dir='ltr'><strong>tric</strong></span> <span class='ocrx_word' id='word_1_73' title='bbox 1405 1160 1496 1222; x_wconf 84' lang='lat' dir='ltr'><strong>quam</strong></span> 
     </span>
     <span class='ocr_line' id='line_1_9' title="bbox 152 1240 1495 1324; baseline 0.002 -22"><span class='ocrx_word' id='word_1_74' title='bbox 152 1315 157 1324; x_wconf 34' lang='grc' dir='ltr'>Ι</span> <span class='ocrx_word' id='word_1_75' title='bbox 201 1242 275 1303; x_wconf 83' lang='lat' dir='ltr'><strong>ille’.</strong></span> <span class='ocrx_word' id='word_1_76' title='bbox 321 1242 356 1302; x_wconf 81' lang='lat' dir='ltr'><strong>Et</strong></span> <span class='ocrx_word' id='word_1_77' title='bbox 378 1242 531 1304; x_wconf 86' lang='lat' dir='ltr'><strong>sciendum</strong></span> <span class='ocrx_word' id='word_1_78' title='bbox 556 1240 678 1323; x_wconf 58' lang='lat' dir='ltr'>”155ss</span> <span class='ocrx_word' id='word_1_79' title='bbox 702 1244 768 1321; x_wconf 85' lang='lat' dir='ltr'><strong>quia</strong></span> <span class='ocrx_word' id='word_1_80' title='bbox 798 1245 931 1321; x_wconf 89' lang='lat' dir='ltr'><strong>iungitur</strong></span> <span class='ocrx_word' id='word_1_81' title='bbox 959 1243 1159 1323; x_wconf 88' lang='lat' dir='ltr'><strong>superlatinus</strong></span> <span class='ocrx_word' id='word_1_82' title='bbox 1186 1243 1367 1305; x_wconf 83' lang='lat' dir='ltr'><strong>nominatiuo</strong></span> <span class='ocrx_word' id='word_1_83' title='bbox 1394 1244 1495 1323; x_wconf 83' lang='lat' dir='ltr'><strong>singu·</strong></span> 
     </span>
     <span class='ocr_line' id='line_1_10' title="bbox 200 1342 1497 1423; baseline 0.003 -20"><span class='ocrx_word' id='word_1_84' title='bbox 200 1344 253 1404; x_wconf 86' lang='lat' dir='ltr'><strong>lari</strong></span> <span class='ocrx_word' id='word_1_85' title='bbox 283 1345 450 1411; x_wconf 85' lang='lat' dir='ltr'><strong>rroruinum.</strong></span> <span class='ocrx_word' id='word_1_86' title='bbox 480 1345 547 1421; x_wconf 89' lang='lat' dir='ltr'><strong>quia</strong></span> <span class='ocrx_word' id='word_1_87' title='bbox 576 1345 606 1403; x_wconf 88' lang='lat' dir='ltr'><strong>in</strong></span> <span class='ocrx_word' id='word_1_88' title='bbox 635 1344 839 1420; x_wconf 69' lang='lat' dir='ltr'><strong>singularitate</strong></span> <span class='ocrx_word' id='word_1_89' title='bbox 868 1342 1064 1423; x_wconf 86' lang='lat' dir='ltr'><strong>pluralitatem</strong></span> <span class='ocrx_word' id='word_1_90' title='bbox 1088 1344 1211 1415; x_wconf 85' lang='lat' dir='ltr'><strong>lrabeat,</strong></span> <span class='ocrx_word' id='word_1_91' title='bbox 1241 1354 1273 1406; x_wconf 90' lang='lat' dir='ltr'><strong>ut</strong></span> <span class='ocrx_word' id='word_1_92' title='bbox 1294 1343 1497 1407; x_wconf 79' lang='lat' dir='ltr'><strong>‘doctissimus</strong></span> 
     </span>
     <span class='ocr_line' id='line_1_11' title="bbox 168 1443 1533 1526; baseline 0.001 -20"><span class='ocrx_word' id='word_1_93' title='bbox 168 1446 313 1526; x_wconf 71' lang='lat' dir='ltr'><strong>‚populi’</strong></span> <span class='ocrx_word' id='word_1_94' title='bbox 329 1455 358 1506; x_wconf 91' lang='lat' dir='ltr'><strong>et</strong></span> <span class='ocrx_word' id='word_1_95' title='bbox 373 1446 623 1525; x_wconf 84' lang='lat' dir='ltr'><strong>‘sapientissimus</strong></span> <span class='ocrx_word' id='word_1_96' title='bbox 645 1447 816 1505; x_wconf 87' lang='lat' dir='ltr'><strong>contionis&#39;.</strong></span> <span class='ocrx_word' id='word_1_97' title='bbox 855 1445 958 1507; x_wconf 82' lang='lat' dir='ltr'><strong>Contio</strong></span> <span class='ocrx_word' id='word_1_98' title='bbox 982 1443 1090 1505; x_wconf 88' lang='lat' dir='ltr'><strong>dicitur</strong></span> <span class='ocrx_word' id='word_1_99' title='bbox 1112 1448 1305 1525; x_wconf 90' lang='lat' dir='ltr'><strong>congregatio</strong></span> <span class='ocrx_word' id='word_1_100' title='bbox 1327 1444 1494 1507; x_wconf 87' lang='lat' dir='ltr'><strong>hominnm.</strong></span> <span class='ocrx_word' id='word_1_101' title='bbox 1509 1460 1533 1500; x_wconf 77' lang='grc' dir='ltr'><strong>ιο</strong></span> 
     </span>
     <span class='ocr_line' id='line_1_12' title="bbox 110 1545 1495 1624; baseline 0.004 -19"><span class='ocrx_word' id='word_1_102' title='bbox 110 1548 446 1608; x_wconf 73' lang='lat' dir='ltr'><strong>sra.nl&#39;ortissimus</strong></span> <span class='ocrx_word' id='word_1_103' title='bbox 479 1547 736 1607; x_wconf 76' lang='lat' dir='ltr'><strong>Troianorum.</strong></span> <span class='ocrx_word' id='word_1_104' title='bbox 779 1545 866 1607; x_wconf 84' lang='lat' dir='ltr'><strong>llodo</strong></span> <span class='ocrx_word' id='word_1_105' title='bbox 899 1564 953 1607; x_wconf 89' lang='lat' dir='ltr'><strong>suo</strong></span> <span class='ocrx_word' id='word_1_106' title='bbox 984 1548 1102 1624; x_wconf 87' lang='lat' dir='ltr'><strong>generi,</strong></span> <span class='ocrx_word' id='word_1_107' title='bbox 1136 1546 1284 1610; x_wconf 82' lang='lat' dir='ltr'><strong>Troianus</strong></span> <span class='ocrx_word' id='word_1_108' title='bbox 1315 1548 1395 1609; x_wconf 88' lang='lat' dir='ltr'><strong>enim</strong></span> <span class='ocrx_word' id='word_1_109' title='bbox 1428 1548 1495 1610; x_wconf 87' lang='lat' dir='ltr'><strong>luit.</strong></span> 
     </span>
     <span class='ocr_line' id='line_1_13' title="bbox 97 1645 1496 1727; baseline 0.003 -21"><span class='ocrx_word' id='word_1_110' title='bbox 97 1669 147 1716; x_wconf 77' lang='lat' dir='ltr'><strong>ars,</strong></span> <span class='ocrx_word' id='word_1_111' title='bbox 163 1672 186 1707; x_wconf 83' lang='lat' dir='ltr'><strong>ro</strong></span> <span class='ocrx_word' id='word_1_112' title='bbox 200 1647 301 1709; x_wconf 88' lang='lat' dir='ltr'><strong>Nulli</strong></span> <span class='ocrx_word' id='word_1_113' title='bbox 325 1658 577 1726; x_wconf 86' lang='lat' dir='ltr'><strong>comparatur,</strong></span> <span class='ocrx_word' id='word_1_114' title='bbox 601 1650 670 1727; x_wconf 87' lang='lat' dir='ltr'><strong>quia</strong></span> <span class='ocrx_word' id='word_1_115' title='bbox 693 1665 751 1707; x_wconf 89' lang='lat' dir='ltr'><strong>non</strong></span> <span class='ocrx_word' id='word_1_116' title='bbox 776 1646 865 1708; x_wconf 88' lang='lat' dir='ltr'><strong>habet</strong></span> <span class='ocrx_word' id='word_1_117' title='bbox 887 1645 1008 1708; x_wconf 87' lang='lat' dir='ltr'><strong>alteram</strong></span> <span class='ocrx_word' id='word_1_118' title='bbox 1026 1664 1183 1725; x_wconf 85' lang='lat' dir='ltr'><strong>personam</strong></span> <span class='ocrx_word' id='word_1_119' title='bbox 1199 1648 1247 1708; x_wconf 91' lang='lat' dir='ltr'><strong>cui</strong></span> <span class='ocrx_word' id='word_1_120' title='bbox 1263 1646 1431 1727; x_wconf 86' lang='lat' dir='ltr'><strong>copuletur.</strong></span> <span class='ocrx_word' id='word_1_121' title='bbox 1456 1657 1496 1710; x_wconf 88' lang='lat' dir='ltr'><strong>ul</strong></span> 
     </span>
     <span class='ocr_line' id='line_1_14' title="bbox 200 1749 1092 1829; baseline -0.002 -19"><span class='ocrx_word' id='word_1_122' title='bbox 200 1751 348 1829; x_wconf 88' lang='lat' dir='ltr'><strong>iupiter·</strong></span> <span class='ocrx_word' id='word_1_123' title='bbox 370 1752 533 1828; x_wconf 74' lang='lat' dir='ltr'><strong>oprtinrus</strong></span> <span class='ocrx_word' id='word_1_124' title='bbox 557 1750 753 1818; x_wconf 79' lang='lat' dir='ltr'><strong>maximus,</strong></span> <span class='ocrx_word' id='word_1_125' title='bbox 777 1751 796 1809; x_wconf 92' lang='lat' dir='ltr'><strong>i·</strong></span> <span class='ocrx_word' id='word_1_126' title='bbox 820 1767 947 1828; x_wconf 87' lang='lat' dir='ltr'><strong>magnus</strong></span> <span class='ocrx_word' id='word_1_127' title='bbox 970 1749 1092 1828; x_wconf 86' lang='lat' dir='ltr'><strong>iupiter.</strong></span> 
     </span>
     <span class='ocr_line' id='line_1_15' title="bbox 97 1850 1496 1928; baseline 0.001 -18"><span class='ocrx_word' id='word_1_128' title='bbox 97 1871 185 1917; x_wconf 68' lang='lat' dir='ltr'><strong>arsos</strong></span> <span class='ocrx_word' id='word_1_129' title='bbox 269 1850 499 1928; x_wconf 85' lang='lat' dir='ltr'><strong>Degenerihus.</strong></span> <span class='ocrx_word' id='word_1_130' title='bbox 543 1850 688 1912; x_wconf 87' lang='lat' dir='ltr'><strong>Genera</strong></span> <span class='ocrx_word' id='word_1_131' title='bbox 713 1853 896 1911; x_wconf 89' lang='lat' dir='ltr'><strong>nominum</strong></span> <span class='ocrx_word' id='word_1_132' title='bbox 919 1859 1004 1911; x_wconf 91' lang='lat' dir='ltr'><strong>sunt</strong></span> <span class='ocrx_word' id='word_1_133' title='bbox 1027 1857 1213 1927; x_wconf 90' lang='lat' dir='ltr'><strong>quattuor.</strong></span> <span class='ocrx_word' id='word_1_134' title='bbox 1258 1850 1361 1913; x_wconf 85' lang='lat' dir='ltr'><strong>Genus</strong></span> <span class='ocrx_word' id='word_1_135' title='bbox 1383 1851 1496 1913; x_wconf 91' lang='lat' dir='ltr'><strong>dicitur</strong></span> 
     </span>
     <span class='ocr_line' id='line_1_16' title="bbox 200 1951 1531 2033; baseline 0.002 -21"><span class='ocrx_word' id='word_1_136' title='bbox 200 1972 214 2012; x_wconf 93' lang='lat' dir='ltr'><strong>a</strong></span> <span class='ocrx_word' id='word_1_137' title='bbox 238 1951 425 2030; x_wconf 86' lang='lat' dir='ltr'><strong>generando,</strong></span> <span class='ocrx_word' id='word_1_138' title='bbox 456 1971 491 2010; x_wconf 86' lang='lat' dir='ltr'><strong>eo</strong></span> <span class='ocrx_word' id='word_1_139' title='bbox 514 1953 594 2030; x_wconf 83' lang='lat' dir='ltr'><strong>quod</strong></span> <span class='ocrx_word' id='word_1_140' title='bbox 622 1961 745 2030; x_wconf 84' lang='lat' dir='ltr'><strong>generet</strong></span> <span class='ocrx_word' id='word_1_141' title='bbox 768 1961 798 2010; x_wconf 89' lang='lat' dir='ltr'><strong>et</strong></span> <span class='ocrx_word' id='word_1_142' title='bbox 819 1962 986 2030; x_wconf 72' lang='lat' dir='ltr'><strong>generetur.</strong></span> <span class='ocrx_word' id='word_1_143' title='bbox 1031 1953 1091 2012; x_wconf 88' lang='lat' dir='ltr'><strong>llas</strong></span> <span class='ocrx_word' id='word_1_144' title='bbox 1115 1954 1207 2012; x_wconf 87' lang='lat' dir='ltr'><strong>maris</strong></span> <span class='ocrx_word' id='word_1_145' title='bbox 1229 1960 1274 2013; x_wconf 90' lang='lat' dir='ltr'><strong>est</strong></span> <span class='ocrx_word' id='word_1_146' title='bbox 1294 1954 1531 2033; x_wconf 75' lang='lat' dir='ltr'><strong>primitiuum,1⁵</strong></span> 
     </span>
     <span class='ocr_line' id='line_1_17' title="bbox 199 2051 1494 2131; baseline 0.002 -18"><span class='ocrx_word' id='word_1_147' title='bbox 199 2053 268 2113; x_wconf 89' lang='lat' dir='ltr'><strong>inde</strong></span> <span class='ocrx_word' id='word_1_148' title='bbox 284 2053 494 2114; x_wconf 90' lang='lat' dir='ltr'><strong>diminutinum</strong></span> <span class='ocrx_word' id='word_1_149' title='bbox 511 2052 658 2115; x_wconf 90' lang='lat' dir='ltr'><strong>masculus</strong></span> <span class='ocrx_word' id='word_1_150' title='bbox 673 2052 701 2113; x_wconf 92' lang='lat' dir='ltr'><strong>la</strong></span> <span class='ocrx_word' id='word_1_151' title='bbox 716 2052 785 2124; x_wconf 90' lang='lat' dir='ltr'><strong>lum,</strong></span> <span class='ocrx_word' id='word_1_152' title='bbox 802 2053 880 2114; x_wconf 90' lang='lat' dir='ltr'><strong>unde</strong></span> <span class='ocrx_word' id='word_1_153' title='bbox 897 2061 926 2112; x_wconf 91' lang='lat' dir='ltr'><strong>et</strong></span> <span class='ocrx_word' id='word_1_154' title='bbox 941 2051 1153 2113; x_wconf 84' lang='lat' dir='ltr'><strong>‘masculum</strong></span> <span class='ocrx_word' id='word_1_155' title='bbox 1170 2057 1239 2113; x_wconf 90' lang='lat' dir='ltr'><strong>tus’</strong></span> <span class='ocrx_word' id='word_1_156' title='bbox 1255 2052 1392 2131; x_wconf 86' lang='lat' dir='ltr'><strong>legimus.</strong></span> <span class='ocrx_word' id='word_1_157' title='bbox 1419 2054 1494 2117; x_wconf 82' lang='lat' dir='ltr'><strong>ilinc</strong></span> 
     </span>
     <span class='ocr_line' id='line_1_18' title="bbox 200 2154 1496 2235; baseline 0.005 -22"><span class='ocrx_word' id='word_1_158' title='bbox 200 2157 285 2215; x_wconf 83' lang='lat' dir='ltr'><strong>etiam</strong></span> <span class='ocrx_word' id='word_1_159' title='bbox 302 2154 498 2216; x_wconf 89' lang='lat' dir='ltr'><strong>masculinum</strong></span> <span class='ocrx_word' id='word_1_160' title='bbox 511 2154 667 2216; x_wconf 88' lang='lat' dir='ltr'><strong>diriuatur·.</strong></span> <span class='ocrx_word' id='word_1_161' title='bbox 693 2155 804 2216; x_wconf 87' lang='lat' dir='ltr'><strong>Fernen</strong></span> <span class='ocrx_word' id='word_1_162' title='bbox 817 2156 935 2215; x_wconf 86' lang='lat' dir='ltr'><strong>leminis</strong></span> <span class='ocrx_word' id='word_1_163' title='bbox 948 2163 977 2213; x_wconf 89' lang='lat' dir='ltr'><strong>et</strong></span> <span class='ocrx_word' id='word_1_164' title='bbox 989 2156 1086 2215; x_wconf 89' lang='lat' dir='ltr'><strong>lemur</strong></span> <span class='ocrx_word' id='word_1_165' title='bbox 1102 2156 1227 2216; x_wconf 77' lang='lat' dir='ltr'><strong>femoris</strong></span> <span class='ocrx_word' id='word_1_166' title='bbox 1240 2164 1342 2235; x_wconf 91' lang='lat' dir='ltr'><strong>partes</strong></span> <span class='ocrx_word' id='word_1_167' title='bbox 1353 2155 1496 2219; x_wconf 88' lang='lat' dir='ltr'><strong>uidelicet</strong></span> 
     </span>
     <span class='ocr_line' id='line_1_19' title="bbox 199 2254 1494 2336; baseline 0.002 -19"><span class='ocrx_word' id='word_1_168' title='bbox 199 2259 332 2336; x_wconf 83' lang='lat' dir='ltr'><strong>corporis</strong></span> <span class='ocrx_word' id='word_1_169' title='bbox 355 2259 380 2317; x_wconf 91' lang='lat' dir='ltr'><strong>i·</strong></span> <span class='ocrx_word' id='word_1_170' title='bbox 404 2257 482 2317; x_wconf 89' lang='lat' dir='ltr'><strong>inter</strong></span> <span class='ocrx_word' id='word_1_171' title='bbox 510 2255 621 2318; x_wconf 85' lang='lat' dir='ltr'><strong>coxalia</strong></span> <span class='ocrx_word' id='word_1_172' title='bbox 651 2255 757 2335; x_wconf 88' lang='lat' dir='ltr'><strong>quibus</strong></span> <span class='ocrx_word' id='word_1_173' title='bbox 785 2258 870 2336; x_wconf 79' lang='lat' dir='ltr'><strong>equis</strong></span> <span class='ocrx_word' id='word_1_174' title='bbox 898 2256 1074 2325; x_wconf 86' lang='lat' dir='ltr'><strong>insidemus,</strong></span> <span class='ocrx_word' id='word_1_175' title='bbox 1103 2254 1172 2316; x_wconf 93' lang='lat' dir='ltr'><strong>inde</strong></span> <span class='ocrx_word' id='word_1_176' title='bbox 1201 2254 1344 2319; x_wconf 88' lang='lat' dir='ltr'><strong>diriuatur</strong></span> <span class='ocrx_word' id='word_1_177' title='bbox 1372 2258 1494 2320; x_wconf 89' lang='lat' dir='ltr'><strong>lemini-</strong></span> 
     </span>
     <span class='ocr_line' id='line_1_20' title="bbox 199 2356 1496 2442; baseline 0.001 -22"><span class='ocrx_word' id='word_1_178' title='bbox 199 2378 279 2420; x_wconf 84' lang='lat' dir='ltr'><strong>nunr.</strong></span> <span class='ocrx_word' id='word_1_179' title='bbox 325 2359 469 2419; x_wconf 87' lang='lat' dir='ltr'><strong>Neutrum</strong></span> <span class='ocrx_word' id='word_1_180' title='bbox 492 2377 586 2437; x_wconf 88' lang='lat' dir='ltr'><strong>genus</strong></span> <span class='ocrx_word' id='word_1_181' title='bbox 609 2359 718 2419; x_wconf 91' lang='lat' dir='ltr'><strong>dicitur</strong></span> <span class='ocrx_word' id='word_1_182' title='bbox 741 2377 795 2438; x_wconf 90' lang='lat' dir='ltr'><strong>per</strong></span> <span class='ocrx_word' id='word_1_183' title='bbox 817 2358 1041 2442; x_wconf 86' lang='lat' dir='ltr'><strong>abnegationem</strong></span> <span class='ocrx_word' id='word_1_184' title='bbox 1065 2356 1222 2428; x_wconf 70' lang='lat' dir='ltr'><strong>duorum·</strong></span> <span class='ocrx_word' id='word_1_185' title='bbox 1238 2360 1329 2419; x_wconf 89' lang='lat' dir='ltr'><strong>maris</strong></span> <span class='ocrx_word' id='word_1_186' title='bbox 1351 2358 1496 2421; x_wconf 86' lang='lat' dir='ltr'><strong>uidelicet</strong></span> 
     </span>
     <span class='ocr_line' id='line_1_21' title="bbox 198 2458 1532 2539; baseline -0.002 -19"><span class='ocrx_word' id='word_1_187' title='bbox 198 2471 227 2521; x_wconf 90' lang='lat' dir='ltr'><strong>et</strong></span> <span class='ocrx_word' id='word_1_188' title='bbox 257 2462 393 2521; x_wconf 78' lang='lat' dir='ltr'><strong>feminae.</strong></span> <span class='ocrx_word' id='word_1_189' title='bbox 438 2461 601 2521; x_wconf 87' lang='lat' dir='ltr'><strong>Commune</strong></span> <span class='ocrx_word' id='word_1_190' title='bbox 634 2479 729 2539; x_wconf 89' lang='lat' dir='ltr'><strong>genus</strong></span> <span class='ocrx_word' id='word_1_191' title='bbox 761 2479 814 2538; x_wconf 95' lang='lat' dir='ltr'><strong>per</strong></span> <span class='ocrx_word' id='word_1_192' title='bbox 848 2458 1145 2538; x_wconf 83' lang='lat' dir='ltr'><strong>comprehensionem</strong></span> <span class='ocrx_word' id='word_1_193' title='bbox 1175 2462 1266 2520; x_wconf 88' lang='lat' dir='ltr'><strong>maris</strong></span> <span class='ocrx_word' id='word_1_194' title='bbox 1293 2466 1323 2522; x_wconf 89' lang='lat' dir='ltr'><strong>et</strong></span> <span class='ocrx_word' id='word_1_195' title='bbox 1352 2461 1532 2533; x_wconf 62' lang='lat' dir='ltr'><strong>feminae»</strong></span> 
     </span>
     <span class='ocr_line' id='line_1_22' title="bbox 198 2559 1494 2640; baseline 0.002 -19"><span class='ocrx_word' id='word_1_196' title='bbox 198 2564 264 2640; x_wconf 86' lang='lat' dir='ltr'><strong>quia</strong></span> <span class='ocrx_word' id='word_1_197' title='bbox 295 2562 350 2623; x_wconf 89' lang='lat' dir='ltr'><strong>sub</strong></span> <span class='ocrx_word' id='word_1_198' title='bbox 381 2581 437 2623; x_wconf 90' lang='lat' dir='ltr'><strong>una</strong></span> <span class='ocrx_word' id='word_1_199' title='bbox 466 2561 630 2623; x_wconf 85' lang='lat' dir='ltr'><strong>litteratura</strong></span> <span class='ocrx_word' id='word_1_200' title='bbox 659 2562 718 2622; x_wconf 84' lang='lat' dir='ltr'><strong>dun</strong></span> <span class='ocrx_word' id='word_1_201' title='bbox 746 2579 854 2639; x_wconf 91' lang='lat' dir='ltr'><strong>genera</strong></span> <span class='ocrx_word' id='word_1_202' title='bbox 883 2559 1119 2638; x_wconf 88' lang='lat' dir='ltr'><strong>comprehendit.</strong></span> <span class='ocrx_word' id='word_1_203' title='bbox 1165 2561 1200 2622; x_wconf 85' lang='lat' dir='ltr'><strong>Et</strong></span> <span class='ocrx_word' id='word_1_204' title='bbox 1222 2581 1257 2622; x_wconf 82' lang='lat' dir='ltr'><strong>ex</strong></span> <span class='ocrx_word' id='word_1_205' title='bbox 1282 2561 1329 2622; x_wconf 89' lang='lat' dir='ltr'><strong>his</strong></span> <span class='ocrx_word' id='word_1_206' title='bbox 1351 2569 1494 2639; x_wconf 86' lang='lat' dir='ltr'><strong>quattuor</strong></span> 
     </span>
     <span class='ocr_line' id='line_1_23' title="bbox 196 2661 1494 2744; baseline 0.001 -21"><span class='ocrx_word' id='word_1_207' title='bbox 196 2664 356 2740; x_wconf 84' lang='lat' dir='ltr'><strong>generibus</strong></span> <span class='ocrx_word' id='word_1_208' title='bbox 378 2664 438 2723; x_wconf 88' lang='lat' dir='ltr'><strong>duo</strong></span> <span class='ocrx_word' id='word_1_209' title='bbox 460 2672 530 2723; x_wconf 88' lang='lat' dir='ltr'><strong>sunt</strong></span> <span class='ocrx_word' id='word_1_210' title='bbox 550 2661 725 2742; x_wconf 85' lang='lat' dir='ltr'><strong>principalia</strong></span> <span class='ocrx_word' id='word_1_211' title='bbox 749 2681 874 2741; x_wconf 87' lang='lat' dir='ltr'><strong>genera,</strong></span> <span class='ocrx_word' id='word_1_212' title='bbox 899 2661 1093 2722; x_wconf 89' lang='lat' dir='ltr'><strong>masculinum</strong></span> <span class='ocrx_word' id='word_1_213' title='bbox 1117 2672 1146 2722; x_wconf 90' lang='lat' dir='ltr'><strong>et</strong></span> <span class='ocrx_word' id='word_1_214' title='bbox 1168 2664 1355 2732; x_wconf 74' lang='lat' dir='ltr'><strong>semilaicum,</strong></span> <span class='ocrx_word' id='word_1_215' title='bbox 1376 2664 1494 2744; x_wconf 85' lang='lat' dir='ltr'><strong>reliqua</strong></span> 
     </span>
     <span class='ocr_line' id='line_1_24' title="bbox 95 2761 1494 2843; baseline 0.001 -19"><span class='ocrx_word' id='word_1_216' title='bbox 95 2763 445 2833; x_wconf 78' lang='lat' dir='ltr'><strong>aas.1suer0artilicalia</strong></span> <span class='ocrx_word' id='word_1_217' title='bbox 469 2765 488 2821; x_wconf 92' lang='lat' dir='ltr'><strong>i·</strong></span> <span class='ocrx_word' id='word_1_218' title='bbox 513 2783 546 2824; x_wconf 84' lang='lat' dir='ltr'><strong>ex</strong></span> <span class='ocrx_word' id='word_1_219' title='bbox 570 2772 633 2825; x_wconf 81' lang='lat' dir='ltr'><strong>erte</strong></span> <span class='ocrx_word' id='word_1_220' title='bbox 657 2763 876 2824; x_wconf 86' lang='lat' dir='ltr'><strong>descendentia.</strong></span> <span class='ocrx_word' id='word_1_221' title='bbox 900 2799 939 2807; x_wconf 91' lang='lat'>-</span> <span class='ocrx_word' id='word_1_222' title='bbox 963 2764 1044 2823; x_wconf 78' lang='lat' dir='ltr'><strong>‘llic’</strong></span> <span class='ocrx_word' id='word_1_223' title='bbox 1067 2761 1224 2843; x_wconf 87' lang='lat' dir='ltr'><strong>aliquando</strong></span> <span class='ocrx_word' id='word_1_224' title='bbox 1246 2782 1412 2843; x_wconf 91' lang='lat' dir='ltr'><strong>pronomen</strong></span> <span class='ocrx_word' id='word_1_225' title='bbox 1435 2773 1494 2833; x_wconf 87' lang='lat' dir='ltr'><strong>est,</strong></span> 
     </span>
     <span class='ocr_line' id='line_1_25' title="bbox 197 2864 1495 2946; baseline -0.001 -19"><span class='ocrx_word' id='word_1_226' title='bbox 197 2867 354 2946; x_wconf 86' lang='lat' dir='ltr'><strong>aliquando</strong></span> <span class='ocrx_word' id='word_1_227' title='bbox 377 2864 528 2925; x_wconf 77' lang='lat' dir='ltr'><strong>articulus</strong></span> <span class='ocrx_word' id='word_1_228' title='bbox 575 2865 742 2926; x_wconf 84' lang='lat' dir='ltr'><strong>Pronomen</strong></span> <span class='ocrx_word' id='word_1_229' title='bbox 766 2867 863 2925; x_wconf 85' lang='lat' dir='ltr'><strong>estin</strong></span> <span class='ocrx_word' id='word_1_230' title='bbox 887 2865 1148 2933; x_wconf 87' lang='lat' dir='ltr'><strong>demonstratione.</strong></span> <span class='ocrx_word' id='word_1_231' title='bbox 1173 2884 1240 2927; x_wconf 90' lang='lat' dir='ltr'><strong>cum</strong></span> <span class='ocrx_word' id='word_1_232' title='bbox 1264 2864 1407 2926; x_wconf 85' lang='lat' dir='ltr'><strong>dicimus:</strong></span> <span class='ocrx_word' id='word_1_233' title='bbox 1432 2865 1495 2927; x_wconf 81' lang='lat' dir='ltr'><strong>‘lric</strong></span> 
     </span>
     <span class='ocr_line' id='line_1_26' title="bbox 197 2965 1532 3036; baseline -0.003 -9"><span class='ocrx_word' id='word_1_234' title='bbox 197 2970 288 3036; x_wconf 86' lang='lat' dir='ltr'><strong>lecit&#39;,</strong></span> <span class='ocrx_word' id='word_1_235' title='bbox 318 2966 565 3034; x_wconf 88' lang='lat' dir='ltr'><strong>demonstrando,</strong></span> <span class='ocrx_word' id='word_1_236' title='bbox 588 2965 731 3026; x_wconf 92' lang='lat' dir='ltr'><strong>articulus</strong></span> <span class='ocrx_word' id='word_1_237' title='bbox 753 2974 851 3025; x_wconf 74' lang='lat' dir='ltr'><strong>alitem</strong></span> <span class='ocrx_word' id='word_1_238' title='bbox 874 2967 904 3024; x_wconf 92' lang='lat' dir='ltr'><strong>in</strong></span> <span class='ocrx_word' id='word_1_239' title='bbox 928 2965 1139 3035; x_wconf 85' lang='lat' dir='ltr'><strong>declinatione,</strong></span> <span class='ocrx_word' id='word_1_240' title='bbox 1167 2965 1307 3027; x_wconf 88' lang='lat' dir='ltr'><strong>uidelicet</strong></span> <span class='ocrx_word' id='word_1_241' title='bbox 1327 2984 1396 3027; x_wconf 91' lang='lat' dir='ltr'><strong>cum</strong></span> <span class='ocrx_word' id='word_1_242' title='bbox 1420 2966 1493 3028; x_wconf 86' lang='lat' dir='ltr'><strong>dici-</strong></span> <span class='ocrx_word' id='word_1_243' title='bbox 1507 2982 1532 3023; x_wconf 78' lang='lat' dir='ltr'><strong>aa</strong></span> 
     </span>
     <span class='ocr_line' id='line_1_27' title="bbox 197 3067 1495 3146; baseline 0.002 -19"><span class='ocrx_word' id='word_1_244' title='bbox 197 3087 277 3128; x_wconf 87' lang='lat' dir='ltr'><strong>rnrrs:</strong></span> <span class='ocrx_word' id='word_1_245' title='bbox 302 3067 363 3145; x_wconf 76' lang='lat' dir='ltr'><strong>‘liic</strong></span> <span class='ocrx_word' id='word_1_246' title='bbox 376 3069 516 3144; x_wconf 88' lang='lat' dir='ltr'><strong>magister</strong></span> <span class='ocrx_word' id='word_1_247' title='bbox 539 3067 626 3127; x_wconf 77' lang='lat' dir='ltr'><strong>liuius</strong></span> <span class='ocrx_word' id='word_1_248' title='bbox 649 3068 803 3145; x_wconf 84' lang='lat' dir='ltr'><strong>nragistri’.</strong></span> <span class='ocrx_word' id='word_1_249' title='bbox 849 3067 1014 3145; x_wconf 73' lang='lat' dir='ltr'><strong>‘Magister’</strong></span> <span class='ocrx_word' id='word_1_250' title='bbox 1037 3076 1135 3129; x_wconf 89' lang='lat' dir='ltr'><strong>autem</strong></span> <span class='ocrx_word' id='word_1_251' title='bbox 1158 3067 1268 3129; x_wconf 91' lang='lat' dir='ltr'><strong>dicitur</strong></span> <span class='ocrx_word' id='word_1_252' title='bbox 1290 3070 1375 3146; x_wconf 86' lang='lat' dir='ltr'><strong>quasi</strong></span> <span class='ocrx_word' id='word_1_253' title='bbox 1397 3069 1495 3129; x_wconf 88' lang='lat' dir='ltr'><strong>maior</strong></span> 
     </span>
     <span class='ocr_line' id='line_1_28' title="bbox 197 3168 1492 3246; baseline 0.002 -18"><span class='ocrx_word' id='word_1_254' title='bbox 197 3171 227 3229; x_wconf 91' lang='lat' dir='ltr'><strong>in</strong></span> <span class='ocrx_word' id='word_1_255' title='bbox 249 3169 384 3230; x_wconf 88' lang='lat' dir='ltr'><strong>statione.</strong></span> <span class='ocrx_word' id='word_1_256' title='bbox 431 3168 679 3235; x_wconf 83' lang='lat' dir='ltr'><strong>l&#39;eminirrnm,</strong></span> <span class='ocrx_word' id='word_1_257' title='bbox 703 3186 726 3225; x_wconf 91' lang='lat' dir='ltr'><strong>s·</strong></span> <span class='ocrx_word' id='word_1_258' title='bbox 750 3186 853 3246; x_wconf 85' lang='lat' dir='ltr'><strong>genus.</strong></span> <span class='ocrx_word' id='word_1_259' title='bbox 899 3168 963 3228; x_wconf 86' lang='lat' dir='ltr'><strong>Est</strong></span> <span class='ocrx_word' id='word_1_260' title='bbox 990 3176 1025 3228; x_wconf 91' lang='lat' dir='ltr'><strong>et</strong></span> <span class='ocrx_word' id='word_1_261' title='bbox 1050 3177 1178 3230; x_wconf 88' lang='lat' dir='ltr'><strong>cetera</strong></span> <span class='ocrx_word' id='word_1_262' title='bbox 1206 3178 1243 3230; x_wconf 87' lang='lat' dir='ltr'><strong>ut</strong></span> <span class='ocrx_word' id='word_1_263' title='bbox 1265 3168 1356 3231; x_wconf 76' lang='lat' dir='ltr'><strong>haec</strong></span> <span class='ocrx_word' id='word_1_264' title='bbox 1378 3168 1492 3231; x_wconf 85' lang='lat' dir='ltr'><strong>Musa.</strong></span> 
     </span>
     <span class='ocr_line' id='line_1_29' title="bbox 198 3268 1494 3351; baseline 0.002 -21"><span class='ocrx_word' id='word_1_265' title='bbox 198 3270 302 3330; x_wconf 83' lang='lat' dir='ltr'><strong>‘illusa’</strong></span> <span class='ocrx_word' id='word_1_266' title='bbox 326 3268 434 3330; x_wconf 91' lang='lat' dir='ltr'><strong>dicitnr</strong></span> <span class='ocrx_word' id='word_1_267' title='bbox 457 3270 541 3346; x_wconf 88' lang='lat' dir='ltr'><strong>quasi</strong></span> <span class='ocrx_word' id='word_1_268' title='bbox 564 3288 670 3348; x_wconf 80' lang='lat' dir='ltr'><strong>moysa.</strong></span> <span class='ocrx_word' id='word_1_269' title='bbox 705 3269 786 3349; x_wconf 81' lang='lat' dir='ltr'><strong>Moys</strong></span> <span class='ocrx_word' id='word_1_270' title='bbox 808 3271 887 3329; x_wconf 87' lang='lat' dir='ltr'><strong>enirn</strong></span> <span class='ocrx_word' id='word_1_271' title='bbox 903 3270 1016 3330; x_wconf 87' lang='lat' dir='ltr'><strong>Graece</strong></span> <span class='ocrx_word' id='word_1_272' title='bbox 1039 3269 1147 3331; x_wconf 91' lang='lat' dir='ltr'><strong>dicitur</strong></span> <span class='ocrx_word' id='word_1_273' title='bbox 1169 3289 1259 3351; x_wconf 88' lang='lat' dir='ltr'><strong>aqua,</strong></span> <span class='ocrx_word' id='word_1_274' title='bbox 1283 3269 1352 3331; x_wconf 88' lang='lat' dir='ltr'><strong>inde</strong></span> <span class='ocrx_word' id='word_1_275' title='bbox 1375 3272 1494 3351; x_wconf 77' lang='lat' dir='ltr'><strong>Moyses</strong></span> 
     </span>
     <span class='ocr_line' id='line_1_30' title="bbox 197 3370 1492 3452; baseline 0 -21"><span class='ocrx_word' id='word_1_276' title='bbox 197 3370 321 3440; x_wconf 85' lang='lat' dir='ltr'><strong>dicitur,</strong></span> <span class='ocrx_word' id='word_1_277' title='bbox 345 3373 411 3452; x_wconf 91' lang='lat' dir='ltr'><strong>quia</strong></span> <span class='ocrx_word' id='word_1_278' title='bbox 428 3370 465 3430; x_wconf 89' lang='lat' dir='ltr'><strong>de</strong></span> <span class='ocrx_word' id='word_1_279' title='bbox 481 3390 556 3451; x_wconf 90' lang='lat' dir='ltr'><strong>aqua</strong></span> <span class='ocrx_word' id='word_1_280' title='bbox 576 3370 710 3432; x_wconf 90' lang='lat' dir='ltr'><strong>sublatus</strong></span> <span class='ocrx_word' id='word_1_281' title='bbox 725 3379 779 3431; x_wconf 92' lang='lat' dir='ltr'><strong>est.</strong></span> <span class='ocrx_word' id='word_1_282' title='bbox 816 3375 896 3450; x_wconf 74' lang='lat' dir='ltr'><strong>Aqua</strong></span> <span class='ocrx_word' id='word_1_283' title='bbox 920 3387 1047 3448; x_wconf 85' lang='lat' dir='ltr'><strong>namque</strong></span> <span class='ocrx_word' id='word_1_284' title='bbox 1069 3370 1194 3432; x_wconf 88' lang='lat' dir='ltr'><strong>multum</strong></span> <span class='ocrx_word' id='word_1_285' title='bbox 1216 3373 1300 3434; x_wconf 85' lang='lat' dir='ltr'><strong>iuuat</strong></span> <span class='ocrx_word' id='word_1_286' title='bbox 1320 3373 1351 3431; x_wconf 89' lang='lat' dir='ltr'><strong>in</strong></span> <span class='ocrx_word' id='word_1_287' title='bbox 1367 3388 1492 3450; x_wconf 86' lang='lat' dir='ltr'><strong>organo,</strong></span> 
     </span>
     <span class='ocr_line' id='line_1_31' title="bbox 196 3466 1532 3553; baseline -0.001 -20"><span class='ocrx_word' id='word_1_288' title='bbox 196 3472 275 3553; x_wconf 86' lang='lat' dir='ltr'><strong>quod</strong></span> <span class='ocrx_word' id='word_1_289' title='bbox 303 3474 332 3533; x_wconf 93' lang='lat' dir='ltr'><strong>in</strong></span> <span class='ocrx_word' id='word_1_290' title='bbox 363 3472 493 3553; x_wconf 80' lang='lat' dir='ltr'><strong>ydraulia</strong></span> <span class='ocrx_word' id='word_1_291' title='bbox 525 3480 624 3552; x_wconf 90' lang='lat' dir='ltr'><strong>potest</strong></span> <span class='ocrx_word' id='word_1_292' title='bbox 653 3473 758 3533; x_wconf 86' lang='lat' dir='ltr'><strong>uideri.</strong></span> <span class='ocrx_word' id='word_1_293' title='bbox 809 3472 947 3533; x_wconf 87' lang='lat' dir='ltr'><strong>Ydraulia</strong></span> <span class='ocrx_word' id='word_1_294' title='bbox 979 3482 1025 3533; x_wconf 86' lang='lat' dir='ltr'><strong>est</strong></span> <span class='ocrx_word' id='word_1_295' title='bbox 1056 3491 1214 3551; x_wconf 90' lang='lat' dir='ltr'><strong>organum:</strong></span> <span class='ocrx_word' id='word_1_296' title='bbox 1252 3466 1348 3551; x_wconf 78' lang='grc' dir='ltr'><strong>ὕδωρ</strong></span> <span class='ocrx_word' id='word_1_297' title='bbox 1375 3472 1532 3535; x_wconf 82' lang='lat' dir='ltr'><strong>Graeceac</strong></span> 
     </span>
     <span class='ocr_line' id='line_1_32' title="bbox 196 3568 1492 3652; baseline -0.001 -17"><span class='ocrx_word' id='word_1_298' title='bbox 196 3592 285 3652; x_wconf 86' lang='lat' dir='ltr'><strong>aqua,</strong></span> <span class='ocrx_word' id='word_1_299' title='bbox 309 3568 411 3634; x_wconf 78' lang='grc' dir='ltr'><strong><em>αὐλοί</em></strong></span> <span class='ocrx_word' id='word_1_300' title='bbox 430 3575 573 3635; x_wconf 89' lang='lat' dir='ltr'><strong>cannulae</strong></span> <span class='ocrx_word' id='word_1_301' title='bbox 596 3574 737 3634; x_wconf 87' lang='lat' dir='ltr'><strong>dicuntur</strong></span> <span class='ocrx_word' id='word_1_302' title='bbox 759 3576 777 3633; x_wconf 91' lang='lat' dir='ltr'><strong>i.</strong></span> <span class='ocrx_word' id='word_1_303' title='bbox 801 3574 924 3636; x_wconf 82' lang='lat' dir='ltr'><strong>fistulae.</strong></span> <span class='ocrx_word' id='word_1_304' title='bbox 970 3574 1041 3634; x_wconf 88' lang='lat' dir='ltr'><strong>lnde</strong></span> <span class='ocrx_word' id='word_1_305' title='bbox 1061 3574 1216 3647; x_wconf 82' lang='lat' dir='ltr'><strong>auloedus,</strong></span> <span class='ocrx_word' id='word_1_306' title='bbox 1240 3576 1291 3651; x_wconf 91' lang='lat' dir='ltr'><strong>qui</strong></span> <span class='ocrx_word' id='word_1_307' title='bbox 1311 3573 1383 3634; x_wconf 87' lang='lat' dir='ltr'><strong>tibia</strong></span> <span class='ocrx_word' id='word_1_308' title='bbox 1398 3577 1492 3635; x_wconf 90' lang='lat' dir='ltr'><strong>canit.</strong></span> 
     </span>
     <span class='ocr_line' id='line_1_33' title="bbox 196 3673 1492 3753; baseline -0.002 -17"><span class='ocrx_word' id='word_1_309' title='bbox 196 3677 345 3736; x_wconf 82' lang='lat' dir='ltr'><strong>Feruntur</strong></span> <span class='ocrx_word' id='word_1_310' title='bbox 368 3683 464 3735; x_wconf 88' lang='lat' dir='ltr'><strong>autem</strong></span> <span class='ocrx_word' id='word_1_311' title='bbox 494 3675 583 3735; x_wconf 86' lang='lat' dir='ltr'><strong>luisse</strong></span> <span class='ocrx_word' id='word_1_312' title='bbox 616 3693 725 3736; x_wconf 89' lang='lat' dir='ltr'><strong>nouem</strong></span> <span class='ocrx_word' id='word_1_313' title='bbox 756 3676 856 3737; x_wconf 86' lang='lat' dir='ltr'><strong>llusae</strong></span> <span class='ocrx_word' id='word_1_314' title='bbox 884 3675 961 3736; x_wconf 90' lang='lat' dir='ltr'><strong>tiliae</strong></span> <span class='ocrx_word' id='word_1_315' title='bbox 989 3675 1065 3735; x_wconf 90' lang='lat' dir='ltr'><strong>louis</strong></span> <span class='ocrx_word' id='word_1_316' title='bbox 1092 3683 1122 3734; x_wconf 92' lang='lat' dir='ltr'><strong>et</strong></span> <span class='ocrx_word' id='word_1_317' title='bbox 1151 3674 1285 3745; x_wconf 90' lang='lat' dir='ltr'><strong>lunonis,</strong></span> <span class='ocrx_word' id='word_1_318' title='bbox 1319 3692 1395 3753; x_wconf 86' lang='lat' dir='ltr'><strong>quae</strong></span> <span class='ocrx_word' id='word_1_319' title='bbox 1424 3673 1492 3734; x_wconf 86' lang='lat' dir='ltr'><strong>iden</strong></span> 
     </span>
     <span class='ocr_line' id='line_1_34' title="bbox 197 3771 1511 3863; baseline 0.003 -29"><span class='ocrx_word' id='word_1_320' title='bbox 197 3771 322 3855; x_wconf 72' lang='lat' dir='ltr'><strong>p159it</strong></span> <span class='ocrx_word' id='word_1_321' title='bbox 344 3777 495 3852; x_wconf 84' lang='lat' dir='ltr'><strong>tinguntur</strong></span> <span class='ocrx_word' id='word_1_322' title='bbox 523 3778 615 3837; x_wconf 88' lang='lat' dir='ltr'><strong>luisse</strong></span> <span class='ocrx_word' id='word_1_323' title='bbox 643 3775 719 3836; x_wconf 84' lang='lat' dir='ltr'><strong>filiae</strong></span> <span class='ocrx_word' id='word_1_324' title='bbox 747 3778 825 3837; x_wconf 90' lang='lat' dir='ltr'><strong>louis</strong></span> <span class='ocrx_word' id='word_1_325' title='bbox 853 3787 883 3838; x_wconf 91' lang='lat' dir='ltr'><strong>et</strong></span> <span class='ocrx_word' id='word_1_326' title='bbox 910 3777 1043 3845; x_wconf 85' lang='lat' dir='ltr'><strong>lunonis,</strong></span> <span class='ocrx_word' id='word_1_327' title='bbox 1072 3778 1140 3855; x_wconf 89' lang='lat' dir='ltr'><strong>quia</strong></span> <span class='ocrx_word' id='word_1_328' title='bbox 1170 3776 1248 3836; x_wconf 89' lang='lat' dir='ltr'><strong>louis</strong></span> <span class='ocrx_word' id='word_1_329' title='bbox 1274 3777 1337 3855; x_wconf 88' lang='lat' dir='ltr'><strong>ipse</strong></span> <span class='ocrx_word' id='word_1_330' title='bbox 1366 3782 1413 3835; x_wconf 89' lang='lat' dir='ltr'><strong>est</strong></span> <span class='ocrx_word' id='word_1_331' title='bbox 1439 3794 1511 3863; x_wconf 81' lang='lat' dir='ltr'><strong>aer¹</strong></span> 
     </span>
     <span class='ocr_line' id='line_1_35' title="bbox 195 3876 1490 3957; baseline 0.001 -21"><span class='ocrx_word' id='word_1_332' title='bbox 195 3879 332 3955; x_wconf 90' lang='lat' dir='ltr'><strong>superior</strong></span> <span class='ocrx_word' id='word_1_333' title='bbox 356 3885 385 3935; x_wconf 89' lang='lat' dir='ltr'><strong>et</strong></span> <span class='ocrx_word' id='word_1_334' title='bbox 407 3878 610 3945; x_wconf 87' lang='lat' dir='ltr'><strong>tenuissimus,</strong></span> <span class='ocrx_word' id='word_1_335' title='bbox 640 3878 712 3939; x_wconf 93' lang='lat' dir='ltr'><strong>luno</strong></span> <span class='ocrx_word' id='word_1_336' title='bbox 742 3880 805 3956; x_wconf 90' lang='lat' dir='ltr'><strong>ipsa</strong></span> <span class='ocrx_word' id='word_1_337' title='bbox 829 3887 873 3938; x_wconf 90' lang='lat' dir='ltr'><strong>est</strong></span> <span class='ocrx_word' id='word_1_338' title='bbox 895 3896 945 3938; x_wconf 92' lang='lat' dir='ltr'><strong>aer</strong></span> <span class='ocrx_word' id='word_1_339' title='bbox 967 3876 1159 3957; x_wconf 91' lang='lat' dir='ltr'><strong>corpulentus</strong></span> <span class='ocrx_word' id='word_1_340' title='bbox 1182 3887 1212 3938; x_wconf 92' lang='lat' dir='ltr'><strong>et</strong></span> <span class='ocrx_word' id='word_1_341' title='bbox 1234 3878 1360 3937; x_wconf 92' lang='lat' dir='ltr'><strong>uicinior</strong></span> <span class='ocrx_word' id='word_1_342' title='bbox 1381 3884 1490 3938; x_wconf 87' lang='lat' dir='ltr'><strong>terrae.</strong></span> 
     </span>
     <span class='ocr_line' id='line_1_36' title="bbox 197 3976 1528 4060; baseline -0.002 -24"><span class='ocrx_word' id='word_1_343' title='bbox 197 3978 237 4037; x_wconf 82' lang='lat' dir='ltr'><strong>Ex</strong></span> <span class='ocrx_word' id='word_1_344' title='bbox 260 3976 311 4037; x_wconf 91' lang='lat' dir='ltr'><strong>illo</strong></span> <span class='ocrx_word' id='word_1_345' title='bbox 334 3979 411 4038; x_wconf 85' lang='lat' dir='ltr'><strong>eninr</strong></span> <span class='ocrx_word' id='word_1_346' title='bbox 435 3980 582 4058; x_wconf 88' lang='lat' dir='ltr'><strong>superiori</strong></span> <span class='ocrx_word' id='word_1_347' title='bbox 605 3989 634 4040; x_wconf 90' lang='lat' dir='ltr'><strong>et</strong></span> <span class='ocrx_word' id='word_1_348' title='bbox 656 3978 705 4040; x_wconf 88' lang='lat' dir='ltr'><strong>illc</strong></span> <span class='ocrx_word' id='word_1_349' title='bbox 721 3980 857 4040; x_wconf 84' lang='lat' dir='ltr'><strong>interiori</strong></span> <span class='ocrx_word' id='word_1_350' title='bbox 873 3988 902 4039; x_wconf 92' lang='lat' dir='ltr'><strong>et</strong></span> <span class='ocrx_word' id='word_1_351' title='bbox 917 3979 1091 4060; x_wconf 86' lang='lat' dir='ltr'><strong>corpulento</strong></span> <span class='ocrx_word' id='word_1_352' title='bbox 1108 3980 1258 4059; x_wconf 85' lang='lat' dir='ltr'><strong>perficitur</strong></span> <span class='ocrx_word' id='word_1_353' title='bbox 1273 3997 1340 4039; x_wconf 85' lang='lat' dir='ltr'><strong>uox.</strong></span> <span class='ocrx_word' id='word_1_354' title='bbox 1375 3978 1490 4040; x_wconf 86' lang='lat' dir='ltr'><strong>Nouem</strong></span> <span class='ocrx_word' id='word_1_355' title='bbox 1503 3992 1528 4033; x_wconf 83' lang='lat' dir='ltr'><strong>ss</strong></span> 
     </span>
     <span class='ocr_line' id='line_1_37' title="bbox 197 4079 1490 4159; baseline 0.002 -21"><span class='ocrx_word' id='word_1_356' title='bbox 197 4086 294 4139; x_wconf 88' lang='lat' dir='ltr'><strong>autern</strong></span> <span class='ocrx_word' id='word_1_357' title='bbox 318 4079 384 4139; x_wconf 90' lang='lat' dir='ltr'><strong>ideo</strong></span> <span class='ocrx_word' id='word_1_358' title='bbox 406 4080 545 4141; x_wconf 85' lang='lat' dir='ltr'><strong>dicuntur</strong></span> <span class='ocrx_word' id='word_1_359' title='bbox 568 4081 658 4141; x_wconf 87' lang='lat' dir='ltr'><strong>luisse</strong></span> <span class='ocrx_word' id='word_1_360' title='bbox 681 4082 747 4158; x_wconf 90' lang='lat' dir='ltr'><strong>quia</strong></span> <span class='ocrx_word' id='word_1_361' title='bbox 771 4098 879 4140; x_wconf 91' lang='lat' dir='ltr'><strong>nouem</strong></span> <span class='ocrx_word' id='word_1_362' title='bbox 904 4090 973 4141; x_wconf 91' lang='lat' dir='ltr'><strong>sunt</strong></span> <span class='ocrx_word' id='word_1_363' title='bbox 999 4082 1110 4150; x_wconf 84' lang='lat' dir='ltr'><strong>cilicia,</strong></span> <span class='ocrx_word' id='word_1_364' title='bbox 1139 4080 1246 4159; x_wconf 87' lang='lat' dir='ltr'><strong>quibus</strong></span> <span class='ocrx_word' id='word_1_365' title='bbox 1275 4098 1331 4140; x_wconf 83' lang='lat' dir='ltr'><strong>uox</strong></span> <span class='ocrx_word' id='word_1_366' title='bbox 1360 4080 1490 4141; x_wconf 87' lang='lat' dir='ltr'><strong>humana</strong></span> 
     </span>
     <span class='ocr_line' id='line_1_38' title="bbox 196 4180 1490 4262; baseline 0.002 -22"><span class='ocrx_word' id='word_1_367' title='bbox 196 4184 357 4259; x_wconf 86' lang='lat' dir='ltr'><strong>peragitur,</strong></span> <span class='ocrx_word' id='word_1_368' title='bbox 380 4180 519 4243; x_wconf 90' lang='lat' dir='ltr'><strong>uidelicet</strong></span> <span class='ocrx_word' id='word_1_369' title='bbox 541 4181 655 4262; x_wconf 86' lang='lat' dir='ltr'><strong>plectro</strong></span> <span class='ocrx_word' id='word_1_370' title='bbox 678 4181 809 4259; x_wconf 87' lang='lat' dir='ltr'><strong>linguae,</strong></span> <span class='ocrx_word' id='word_1_371' title='bbox 838 4180 965 4261; x_wconf 91' lang='lat' dir='ltr'><strong>appulsu</strong></span> <span class='ocrx_word' id='word_1_372' title='bbox 993 4190 1131 4259; x_wconf 88' lang='lat' dir='ltr'><strong>quattuor</strong></span> <span class='ocrx_word' id='word_1_373' title='bbox 1153 4182 1301 4251; x_wconf 86' lang='lat' dir='ltr'><strong>dentium,</strong></span> <span class='ocrx_word' id='word_1_374' title='bbox 1330 4199 1490 4260; x_wconf 88' lang='lat' dir='ltr'><strong>repercus-</strong></span> 
     </span>
     <span class='ocr_line' id='line_1_39' title="bbox 196 4281 1490 4363; baseline 0.002 -22"><span class='ocrx_word' id='word_1_375' title='bbox 196 4283 280 4342; x_wconf 88' lang='lat' dir='ltr'><strong>sione</strong></span> <span class='ocrx_word' id='word_1_376' title='bbox 302 4282 430 4343; x_wconf 88' lang='lat' dir='ltr'><strong>duornm</strong></span> <span class='ocrx_word' id='word_1_377' title='bbox 453 4281 613 4352; x_wconf 82' lang='lat' dir='ltr'><strong>labrorum,</strong></span> <span class='ocrx_word' id='word_1_378' title='bbox 637 4284 764 4363; x_wconf 84' lang='lat' dir='ltr'><strong>quaein</strong></span> <span class='ocrx_word' id='word_1_379' title='bbox 787 4282 906 4343; x_wconf 92' lang='lat' dir='ltr'><strong>modum</strong></span> <span class='ocrx_word' id='word_1_380' title='bbox 924 4282 1125 4361; x_wconf 71' lang='lat' dir='ltr'><strong>cymbalorum</strong></span> <span class='ocrx_word' id='word_1_381' title='bbox 1149 4285 1393 4363; x_wconf 87' lang='lat' dir='ltr'><strong>repercutiuntur</strong></span> <span class='ocrx_word' id='word_1_382' title='bbox 1415 4301 1490 4343; x_wconf 92' lang='lat' dir='ltr'><strong>cauo</strong></span> 
     </span>
     <span class='ocr_line' id='line_1_40' title="bbox 48 4383 1491 4463; baseline 0.001 -19"><span class='ocrx_word' id='word_1_383' title='bbox 48 4410 53 4419; x_wconf 91' lang='lat'><em>·</em></span> <span class='ocrx_word' id='word_1_384' title='bbox 94 4395 143 4444; x_wconf 77' lang='lat'><strong>³⁷⁵,</strong></span> <span class='ocrx_word' id='word_1_385' title='bbox 158 4398 181 4436; x_wconf 78' lang='lat'><strong>1⁷</strong></span> <span class='ocrx_word' id='word_1_386' title='bbox 195 4385 322 4461; x_wconf 88' lang='lat' dir='ltr'><strong>gutturis</strong></span> <span class='ocrx_word' id='word_1_387' title='bbox 345 4391 374 4444; x_wconf 91' lang='lat' dir='ltr'><strong>et</strong></span> <span class='ocrx_word' id='word_1_388' title='bbox 395 4384 540 4445; x_wconf 88' lang='lat' dir='ltr'><strong>adiutorio</strong></span> <span class='ocrx_word' id='word_1_389' title='bbox 563 4383 721 4463; x_wconf 89' lang='lat' dir='ltr'><strong>pulmonis.</strong></span> <span class='ocrx_word' id='word_1_390' title='bbox 767 4383 944 4444; x_wconf 88' lang='lat' dir='ltr'><strong>Neutrum</strong></span> <span class='ocrx_word' id='word_1_391' title='bbox 966 4405 989 4445; x_wconf 87' lang='lat' dir='ltr'><strong>s.</strong></span> <span class='ocrx_word' id='word_1_392' title='bbox 1013 4402 1121 4463; x_wconf 90' lang='lat' dir='ltr'><strong>genus,</strong></span> <span class='ocrx_word' id='word_1_393' title='bbox 1153 4394 1207 4445; x_wconf 91' lang='lat' dir='ltr'><strong>est</strong></span> <span class='ocrx_word' id='word_1_394' title='bbox 1235 4392 1271 4444; x_wconf 90' lang='lat' dir='ltr'><strong>et</strong></span> <span class='ocrx_word' id='word_1_395' title='bbox 1299 4390 1429 4445; x_wconf 90' lang='lat' dir='ltr'><strong>cetera</strong></span> <span class='ocrx_word' id='word_1_396' title='bbox 1453 4393 1491 4445; x_wconf 93' lang='lat' dir='ltr'><strong>ut</strong></span> 
     </span>
    </p>
   </div>
   <div class='ocr_carea' id='block_1_3' title="bbox 201 4554 422 4563">
    <p class='ocr_par' dir='ltr' id='par_1_3' title="bbox 201 4554 422 4563">
     <span class='ocr_line' id='line_1_41' title="bbox 201 4554 422 4563; baseline -0.005 -1"><span class='ocrx_word' id='word_1_397' title='bbox 201 4554 422 4563; x_wconf 81' lang='lat'><em>-—-—-—-—-——</em></span> 
     </span>
    </p>
   </div>
   <div class='ocr_carea' id='block_1_4' title="bbox 193 4656 1490 4855">
    <p class='ocr_par' dir='ltr' id='par_1_4' title="bbox 193 4656 1490 4855">
     <span class='ocr_line' id='line_1_42' title="bbox 262 4656 1490 4736; baseline 0.002 -17"><span class='ocrx_word' id='word_1_398' title='bbox 262 4672 278 4719; x_wconf 77' lang='lat'>4</span> <span class='ocrx_word' id='word_1_399' title='bbox 297 4686 388 4735; x_wconf 86' lang='lat' dir='ltr'><strong>grecus</strong></span> <span class='ocrx_word' id='word_1_400' title='bbox 442 4670 632 4720; x_wconf 69' lang='lat' dir='ltr'><strong>ramusculum</strong></span> <span class='ocrx_word' id='word_1_401' title='bbox 652 4669 703 4735; x_wconf 87' lang='lat' dir='ltr'><strong>tus]</strong></span> <span class='ocrx_word' id='word_1_402' title='bbox 722 4671 835 4720; x_wconf 86' lang='lat' dir='ltr'><strong>muscula</strong></span> <span class='ocrx_word' id='word_1_403' title='bbox 854 4682 910 4720; x_wconf 85' lang='lat' dir='ltr'><strong>tura</strong></span> <span class='ocrx_word' id='word_1_404' title='bbox 932 4672 1010 4736; x_wconf 77' lang='lat' dir='ltr'><strong>Verg.</strong></span> <span class='ocrx_word' id='word_1_405' title='bbox 1024 4672 1081 4722; x_wconf 71' lang='lat' dir='ltr'><strong>eet.</strong></span> <span class='ocrx_word' id='word_1_406' title='bbox 1098 4671 1176 4721; x_wconf 89' lang='lat' dir='ltr'><em>VIII</em></span> <span class='ocrx_word' id='word_1_407' title='bbox 1194 4674 1226 4722; x_wconf 76' lang='lat'><strong>05</strong></span> <span class='ocrx_word' id='word_1_408' title='bbox 1288 4673 1319 4722; x_wconf 84' lang='grc'><strong>18</strong></span> <span class='ocrx_word' id='word_1_409' title='bbox 1337 4656 1490 4735; x_wconf 85' lang='lat' dir='ltr'><strong>insedimus,</strong></span> 
     </span>
     <span class='ocr_line' id='line_1_43' title="bbox 193 4738 1456 4855; baseline 0.002 -68"><span class='ocrx_word' id='word_1_410' title='bbox 193 4738 423 4855; x_wconf 43' lang='grc' dir='ltr'><strong>ἓιένὶὶηὶὶιέἱιιιὶοεΐιὲιὲε</strong></span> <span class='ocrx_word' id='word_1_411' title='bbox 492 4740 525 4788; x_wconf 84' lang='grc'><strong>30</strong></span> <span class='ocrx_word' id='word_1_412' title='bbox 543 4738 607 4801; x_wconf 71' lang='lat' dir='ltr'><strong>ydor</strong></span> <span class='ocrx_word' id='word_1_413' title='bbox 625 4753 699 4803; x_wconf 87' lang='lat' dir='ltr'><strong>grece</strong></span> <span class='ocrx_word' id='word_1_414' title='bbox 767 4741 798 4847; x_wconf 80' lang='lat' dir='ltr'><strong>3i</strong></span> <span class='ocrx_word' id='word_1_415' title='bbox 818 4738 878 4806; x_wconf 64' lang='lat' dir='ltr'><strong>aule</strong></span> <span class='ocrx_word' id='word_1_416' title='bbox 946 4740 970 4788; x_wconf 89' lang='lat' dir='ltr'><strong>·i·</strong></span> <span class='ocrx_word' id='word_1_417' title='bbox 989 4738 1089 4789; x_wconf 85' lang='lat' dir='ltr'><strong>fistulae</strong></span> <span class='ocrx_word' id='word_1_418' title='bbox 1105 4755 1186 4804; x_wconf 84' lang='lat' dir='ltr'><strong>supra</strong></span> <span class='ocrx_word' id='word_1_419' title='bbox 1203 4741 1295 4789; x_wconf 79' lang='lat' dir='ltr'><strong>lineam</strong></span> <span class='ocrx_word' id='word_1_420' title='bbox 1347 4738 1456 4789; x_wconf 85' lang='lat' dir='ltr'><strong>auledus</strong></span> 
     </span>
    </p>
   </div>
   <div class='ocr_carea' id='block_1_5' title="bbox 0 0 1696 5476">
    <p class='ocr_par' dir='ltr' id='par_1_5' title="bbox 0 0 1696 5476">
     <span class='ocr_line' id='line_1_44' title="bbox 0 0 1696 5476; baseline 0 1"><span class='ocrx_word' id='word_1_421' title='bbox 0 0 1696 5476; x_wconf 95' lang='lat' dir='ltr'><strong> </strong></span> 
     </span>
    </p>
   </div>
  </div>
 </body>
</html>
