3382 5476
536 404 585 453 DE
603 403 742 456 DONA'l'l
762 405 993 458 GRAMMATICI
1013 408 1109 459 vtro.
1365 424 1468 475 CCLIX

174 595 252 667 artri.
269 589 410 668 Ercnrnla
433 591 469 651 de
493 593 697 653 circumcirca.
737 595 768 655 lu
792 614 904 656 canone
919 595 1095 659 laodicensi
1111 617 1179 659 aero
1196 598 1262 659 Xll:
1288 610 1319 661 ut
1335 605 1467 681 episcopi

173 691 286 752 iudicio
310 691 605 771 metropolitanorum
624 704 653 756 et
668 698 875 776 episcoporum
899 700 949 778 qui
972 702 1167 761 circumcirca
1192 711 1313 763 nrarreut
1328 703 1467 780 pro(mol·

172 800 298 853 ueaatur
320 793 355 853 ad
380 792 610 857 ecclesiasticam
638 796 823 874 dignitatem.
868 799 1014 861 lohannes
1037 802 1381 883 constantinopolitanus
1404 807 1465 882 epi·

172 913 281 974 scopus
308 914 397 974 stipor
427 895 566 975 epistolas
594 898 675 960 Petili
705 899 742 959 ael
773 900 946 981 llelrrialeos
974 901 1074 963 nmilia
1103 904 1198 964 XXX:
1236 924 1337 966 rrerrrm
1368 917 1465 967 tamen

172 996 444 1077 adpropinquomus
466 999 525 1060 idio
548 999 595 1060 dei
619 1009 648 1060 et
670 1019 728 1062 non
744 1004 821 1063 sicut
835 1003 951 1083 Moyses
969 1005 1093 1073 erinrus;
1118 1003 1178 1066 illic
1194 1009 1272 1066 cuim
1289 1016 1353 1068 erat
1366 1010 1465 1083 (cod.:

173 1097 233 1159 illic
256 1101 335 1160 enim
357 1101 470 1161 erimus
493 1101 565 1181 erat)
587 1110 616 1163 et
631 1105 825 1165 circumcirca
842 1104 980 1173 desertio,
1004 1105 1053 1168 hic
1069 1117 1167 1168 autem
1184 1111 1290 1169 ciuitas
1306 1118 1333 1170 et
1351 1108 1464 1170 milium

172 1199 330 1264 celebritas
364 1202 547 1279 angelorum.
598 1204 670 1266 item
699 1206 843 1267 lohannes
872 1209 1028 1287 episcopus
1055 1211 1085 1270 iu
1113 1228 1250 1270 sermone
1281 1210 1318 1271 de
1347 1213 1463 1271 miseri·

172 1302 287 1363 eordia:
312 1323 420 1365 auarus
442 1303 636 1367 calumniatur
652 1307 780 1386 (calam-l
798 1310 921 1388 parmeri
942 1318 972 1368 et
995 1310 1173 1372 mediocrem
1190 1314 1308 1390 premit,
1333 1312 1463 1373 uicinum

174 1404 303 1465 excludit
324 1414 354 1466 et
376 1424 479 1468 omnes
501 1408 694 1469 circumcirca
717 1412 830 1488 positos
853 1412 1019 1472 infestando
1042 1412 1172 1493 depellit.

725 2127 904 2212 XIII.

461 2341 537 2422 DE
559 2341 777 2427 DONATl
799 2342 1168 2427 GRAMMATICI

309 2492 443 2575 VITA
467 2496 506 2575 A
529 2494 745 2577 FLACCO
767 2496 937 2578 REBIO
960 2495 1318 2579 CONSORIPTA.

731 2737 897 2745 ——u

253 2943 319 3001 Iam
342 2946 402 3002 iam
433 2951 574 3017 cernente
595 2944 639 3001 ad
656 2946 746 3015 finem
769 2946 973 3018 arraestionam
1000 2939 1270 3017 qrammaticarum
1304 2946 1382 3001 serie
1408 2961 1460 3002 rarr-

170 3046 286 3103 nissimo
308 3047 436 3119 nominis
457 3045 632 3106 scholastici
649 3047 717 3105 loca
739 3046 860 3106 incedat
882 3047 994 3105 Donati
1013 3047 1077 3104 nita
1099 3061 1118 3102 a
1142 3045 1285 3103 Fabricio
1306 3045 1377 3103 olim'
1391 3045 1459 3103 bibl.

169 3146 234 3205 Lat.
257 3149 278 3206 l.
296 3147 315 3206 I
321 3149 346 3205 t’
360 3163 430 3222 erip.
450 3154 466 3204 7
489 3149 549 3207 nol.
569 3146 622 3207 ΙΙΙ
639 3165 671 3223 p.
691 3155 853 3207 liti-712
876 3148 950 3218 (nol.
967 3146 1029 3220 III,
1049 3164 1084 3222 ρ.
1102 3153 1161 3204 itia
1183 3149 1231 3206 ed.
1249 3147 1343 3221 Era.)
1366 3148 1460 3219 edita,
1500 3138 1505 3150 ’

169 3265 257 3323 qrram
287 3247 320 3307 in
348 3248 452 3309 codice
482 3247 625 3311 Parisino
651 3257 727 3309 7730
752 3266 832 3310 saec.
855 3250 889 3309 X
914 3251 1028 3324 scripto
1054 3254 1164 3308 extare
1193 3249 1308 3307 Kailios
1336 3256 1463 3308 testatur

166 3368 294 3425 aramm.
319 3352 388 3410 Lat.
411 3352 462 3410 IV
477 3351 583 3428 praef.
603 3368 637 3426 p.
662 3351 726 3412 XL.
772 3353 839 3426 Eoo
860 3367 1040 3425 quamquam
1061 3350 1174 3409 audias
1193 3349 1328 3408 Parisini
1347 3352 1461 3409 irratam

168 3456 305 3513 notitiam
342 3455 435 3513 habiri
470 3471 567 3528 rrcqne
607 3457 695 3529 potui
736 3454 883 3513 mehercle
926 3452 1038 3511 inirem
1080 3451 1137 3511 hoc
1177 3453 1357 3525 praesertim
1393 3453 1465 3511 helii

169 3563 315 3631 tempore,
352 3557 542 3616 nihilominus
578 3557 827 3631 scriptiunculam
864 3556 952 3613 istam
985 3560 1018 3613 nt
1050 3554 1263 3627 ineptissimam
1300 3561 1382 3613 certe
1417 3556 1461 3612 ita

163 3665 294 3733 propter
316 3659 440 3717 dicendi
456 3676 554 3732 neniis
575 3674 724 3733 pereiram
750 3659 925 3717 inusitatam
955 3657 1076 3729 aliaque
1104 3671 1183 3729 quae
1211 3657 1312 3714 insunt
1340 3657 1462 3715 ciaiosn

167 3777 207 3819 ea
238 3762 393 3821 doctorum
420 3763 555 3820 uirorum
582 3761 725 3819 memoria
754 3758 839 3818 harad
866 3774 996 3833 prorsas
1023 3758 1211 3816 eximendam
1239 3759 1345 3816 iterum
1372 3758 1462 3816 edere

168 3866 262 3921 statui
281 3870 411 3922 nanetus
434 3863 518 3921 Petri
538 3863 674 3922 Danielis
696 3862 905 3937 apoqrapirnm
932 3862 963 3920 in
985 3862 1049 3919 eins
1071 3861 1280 3935 optandarum
1301 3857 1461 3934 pir-italoqi-

167 3980 269 4024 conam
290 3965 394 4024 codiee
417 3969 507 4024 Bern.
523 3972 575 4023 139
596 3970 759 4037 seruatum,
784 3966 866 4038 quod
887 3979 927 4022 ea
948 3963 1052 4022 codice
1076 3961 1214 4021 Parisino
1231 3957 1360 4035 fluaisse
1381 3964 1461 4020 arari·
1509 3962 1513 3968 '

167 4068 346 4127 simillimam
369 4072 421 4126 est.
469 4068 556 4137 Orroei
576 4067 713 4127 Danielis
728 4066 949 4141 apamaenum,
973 4080 1154 4139 quamquam
1169 4063 1329 4123 Fabricios
1350 4080 1390 4122 erae
1404 4062 1461 4122 lroc

167 4171 231 4244 ipso
252 4171 340 4228 utam
364 4171 455 4227 tritam
478 4186 540 4227 sese
561 4169 689 4228 edidisse
710 4173 848 4240 testatur,
873 4175 972 4227 tamen
994 4183 1061 4225 mem
1082 4167 1182 4225 miritis
1202 4167 1277 4225 locis
1295 4180 1460 4240 perperam

167 4273 406 4346 transcripserit,
429 4278 489 4329 tum
518 4272 630 4330 nullam
651 4266 791 4330 Danielis
818 4269 1045 4329 adnotationum
1074 4284 1169 4343 snpra
1194 4269 1291 4325 lineas
1319 4274 1409 4341 atque
1431 4269 1460 4324 in

167 4373 356 4447 marainidus
377 4371 584 4449 dispersarum
606 4375 754 4432 rationem
776 4371 892 4444 habuit,
921 4368 1028 4443 qrribns
1053 4373 1193 4445 nasaniam
1216 4369 1325 4428 Daniel
1345 4366 1464 4427 I'itiraei

168 4489 283 4547 qnoque
305 4476 528 4534 obseruationes
550 4476 663 4548 attqoar
690 4475 813 4534 criticas
835 4475 976 4546 inseruit,
1008 4490 1043 4532 en
1062 4473 1272 4548 pulcherrima
1294 4470 1378 4530 nabis
1398 4486 1461 4529 sese

168 4576 236 4634 arsa
257 4583 301 4634 est
322 4579 441 4636 occasio
461 4574 574 4648 offerre
595 4576 670 4636 naec
692 4591 810 4650 qnoque
831 4572 894 4634 ariri
915 4571 1082 4635 doctissimi
1098 4576 1200 4634 studia
1216 4580 1338 4633 nostrae
1352 4573 1462 4630 aetatis

167 4678 335 4739 namirriirus
349 4678 550 4755 propinandi.

684 4865 918 4875 —-—-——-———
