3382 5476
617 358 667 408 Du
686 357 870 409 sitantum
888 358 994 408 ARTE.

389 546 609 625 Expliciunt
631 545 812 626 capitula.
858 545 998 624 Incipit
1018 544 1218 625 praelatio.

378 666 518 746 Corporis
540 671 584 726 est
607 665 737 745 species,
761 666 877 742 species
899 673 945 726 est
967 663 1059 724 altera
1081 681 1196 724 rerum:

420 751 476 813 ista
500 768 583 811 suam
606 750 731 811 lormam
755 751 900 819 continet,
927 748 976 809 illa
999 768 1092 810 suam.

377 835 541 916 conspicua
565 844 611 895 cst
634 836 713 899 uisu.
738 833 875 895 manibus
896 833 1053 915 palpabilis
1075 833 1139 895 illa:

421 921 548 1000 Excepta
574 923 683 981 nostris
706 920 819 981 nisibus
841 922 895 980 ista
919 929 1018 981 manet

378 1007 510 1066 Nominis
531 1004 581 1065 hic
604 1006 721 1085 speeies
743 1004 867 1085 pulchre
890 1004 1078 1083 distinguitur
1101 1007 1214 1073 omnis,

420 1091 502 1162 Quae
524 1088 664 1170 bipertito
686 1092 804 1168 gurgite
826 1099 886 1152 tota
909 1098 1019 1151 manat.

377 1175 502 1236 Nomina
526 1174 689 1253 grandaeui
712 1175 913 1254 complectens
936 1177 1035 1236 omnia
1058 1175 1158 1236 mundi

420 1260 542 1322 Scilicet
564 1261 695 1322 aetherei
718 1258 813 1321 lucida
835 1261 925 1339 pinna
947 1258 1022 1340 poli,

377 1345 448 1408 Post
471 1345 586 1407 telluris
608 1363 702 1424 aquae
725 1347 876 1421 coniungit
899 1354 929 1407 et
950 1347 1049 1407 omnia
1071 1363 1173 1407 rerum

420 1430 531 1491 Diuidit
554 1433 585 1492 iu
606 1433 717 1491 lormas
740 1431 857 1491 nomina
881 1433 946 1493 iure
969 1430 1051 1492 duas

377 1516 521 1577 Omnibus
543 1525 657 1596 aptatas
679 1515 783 1576 tribuit
806 1515 947 1576 discretio
969 1516 1096 1579 formas.

419 1603 454 1661 vt
477 1610 598 1661 teneant
620 1608 726 1663 cuncta
748 1601 867 1662 nomina
889 1601 956 1661 iura
978 1619 1041 1661 sua.

378 1685 413 1746 Et
435 1685 547 1746 calamo
571 1694 670 1747 rectos
693 1686 800 1765 satagit
821 1685 1003 1763 distinguere
1026 1684 1115 1746 ealles

421 1772 478 1832 Per
500 1789 574 1850 quos
596 1767 784 1851 doctiloquus
805 1788 929 1832 currere
952 1773 1045 1851 possit
1066 1770 1164 1832 homo.

377 1856 520 1918 Concedit
542 1856 671 1937 propriis
693 1856 862 1937 proprium,
887 1855 1023 1917 concedit
1044 1864 1073 1917 et
1095 1854 1153 1916 illis

418 1940 611 2020 Appellatiuis
633 1959 741 2003 nomen
764 1938 876 2002 babere
898 1960 993 2003 suum.

216 2127 382 2208 ilxpiicit
410 2127 609 2208 praefatio.
655 2128 792 2208 incipit
819 2129 861 2189 de
884 2129 1067 2209 qualitate
1090 2136 1266 2190 tractare.
1313 2128 1384 2189 Cur

609 2231 759 2293 dicatur
781 2229 948 2311 qualitas
972 2230 991 2290 l.

111 2364 140 2403 20
241 2348 372 2422 Qualitas
395 2350 510 2421 dicitur,
534 2354 601 2428 quia
624 2353 754 2428 propriis
776 2348 946 2409 nominibus
956 2351 1118 2447 propriam
1141 2357 1171 2409 et
1187 2349 1372 2429 appellatiuis
1395 2369 1446 2430 ap·

150 2434 321 2514 pellatiuam
345 2434 451 2496 tribuit
478 2434 664 2515 qualitatem,
698 2453 774 2516 quae
804 2436 832 2493 in
861 2434 1015 2514 proprium
1045 2452 1154 2495 nomen
1183 2443 1212 2495 et
1234 2434 1444 2566 appellatiuum

150 2520 356 2601 principaliter
379 2522 569 2598 cognoscitur
593 2539 656 2580 esse
679 2519 786 2581 diuisa.

302 2708 349 2768 lle
372 2708 515 2789 proprii
538 2716 574 2768 et
596 2705 821 2786 appellatiui
852 2707 1013 2768 nominis
1035 2706 1228 2768 diuisione
1252 2706 1292 2767 ll.

237 2828 355 2906 Proprii
377 2837 407 2888 et
429 2824 599 2906 appellatiui
622 2827 750 2887 nominis
773 2826 846 2888 baec
868 2836 913 2886 est
935 2828 1028 2907 prima
1053 2844 1183 2906 ueraque
1207 2825 1323 2886 diuisio
1369 2827 1442 2888 Pro·

109 2913 248 2991 opetum
276 2931 385 2973 nomen
413 2923 459 2973 est
487 2913 644 2982 ‘creatora
676 2911 754 2991 quod
785 2914 834 2973 uni
862 2921 976 2974 tautum
1005 2910 1121 2990 solique
1144 2912 1291 2972 ueraciter
1314 2912 1443 2991 pertinet

150 2997 293 3066 Creatori,
316 3000 384 3077 quia
408 2999 482 3078 ‘ipsc
505 2996 592 3058 dixit:
622 3005 650 3058 et
678 2998 753 3058 lacta
776 3005 861 3066 sunt3
890 2999 953 3076 ipse
977 2996 1142 3058 mandauit:
1171 3006 1199 3057 et
1228 3005 1327 3058 creata
1350 3001 1443 3058 sunt'.

149 3081 373 3182 Appellatiuum
393 3101 465 3143 uero
494 3100 602 3143 nomeu
632 3089 678 3143 est
699 3085 869 3152 creatura',
893 3083 971 3163 quod
1001 3077 1141 3143 omnibus
1169 3082 1349 3160 generaliter
1371 3101 1445 3143 eon·

150 3168 224 3246 petit
245 3170 400 3239 creaturis,
423 3169 491 3245 quia
514 3169 614 3229 omnia
636 3168 665 3228 iu
687 3168 820 3247 pondere
842 3176 872 3228 et
895 3187 1021 3230 numero
1044 3176 1072 3229 et
1094 3185 1232 3228 mensura
1248 3166 1445 3229 dinoscuntur

150 3270 216 3313 csse
238 3263 346 3313 creata.
393 3254 423 3313 lu
447 3254 494 3314 bis
516 3252 632 3314 duobus
654 3253 825 3314 nominibus
847 3263 877 3315 et
899 3255 987 3314 nnius
1010 3254 1162 3313 creatoris
1189 3262 1219 3312 et
1241 3254 1333 3313 totius
1354 3272 1445 3330 geno·

109 3347 136 3386 ³⁰
150 3337 250 3419 raliter
272 3337 397 3416 qualitas
419 3337 674 3417 conprehenditur
697 3347 859 3399 creaturae.

308 3525 355 3584 [le
383 3532 542 3604 quatuor
570 3524 840 3604 principalium
870 3524 1062 3586 diuisione
1090 3524 1283 3586 nominum

585 3625 916 3707 appeliatiuorum.
946 3625 1007 3692 lli.

233 3744 265 3805 ln
294 3746 440 3806 creaturis
469 3755 566 3806 atttem
590 3754 717 3825 quatuor
745 3745 925 3826 principales
953 3747 1147 3809 inueniuntur
1177 3764 1242 3808 esse
1270 3746 1441 3815 diuisiones,

151 3829 316 3909 exquibus
339 3829 518 3910 multiplices
544 3830 730 3910 prutmodum
759 3831 937 3892 diuisionem
966 3833 1082 3911 species
1110 3841 1300 3910 generantur.
1347 3829 1443 3893 Prima

110 3916 303 3976 ³⁶uominum
331 3915 439 3976 diuisio
467 3925 511 3975 ost
539 3915 740 3996 corporalium
768 3926 798 3977 et
825 3916 1056 3997 incorporalium
1083 3936 1200 3986 rerum,
1229 3916 1357 3978 seeundo
1381 3919 1444 3978 ani·

150 3999 267 4061 molium
292 4009 321 4060 et
343 3999 555 4069 inanimalium,
581 4004 665 4062 tertia
686 4003 876 4082 propriorum
895 4013 925 4063 ct
947 4002 1202 4082 appeliatiuorum,
1227 4010 1329 4082 quarta
1353 4021 1442 4080 gonc-

149 4084 255 4146 raliom
279 4096 308 4146 ct
330 4085 512 4166 specialium.
558 4086 591 4146 ln
615 4087 660 4146 iris
682 4097 810 4167 quatuor
833 4086 1027 4148 diuisiouibus
1042 4089 1171 4149 omnium
1195 4085 1442 4167 appeliatiuorum

149 4172 301 4231 nominum
325 4171 452 4251 qualitas
474 4172 651 4233 continetur.
697 4172 769 4233 Nam
794 4171 831 4232 de
853 4174 918 4233 istis
939 4174 1090 4253 primitiua
1113 4181 1143 4233 et
1164 4172 1332 4237 diriuatiua,
1356 4172 1441 4232 dimi·

149 4256 250 4318 uutiua
274 4265 303 4318 et
326 4258 410 4333 quasi
433 4256 609 4317 diminutiua
632 4265 688 4318 etc.
715 4293 752 4301 —
778 4257 950 4338 temporalia
966 4266 996 4318 et
1010 4257 1115 4319 localia
1132 4266 1294 4318 naseuntur
1310 4258 1439 4318 nomina.

106 4352 136 4391 ⁴0
149 4340 235 4402 Prius
256 4341 293 4402 de
315 4343 378 4402 istis
400 4349 527 4419 quatuor
549 4343 729 4404 diuisiouum
751 4343 969 4422 speciebus...

233 4462 300 4522 not.
324 4463 392 4522 IV⁰
420 4470 571 4523 tractatus
597 4464 635 4522 de
662 4461 848 4540 ltomonymis
874 4471 903 4522 et
924 4466 1094 4539 synonymis
1116 4464 1197 4538 (IX)
1220 4461 1342 4524 mutilus
1363 4464 1444 4523 bisce

148 4566 248 4624 uerbis
263 4563 385 4640 perpet:

146 4852 289 4903 doctiiocua
357 4856 389 4905 29
408 4855 457 4903 biis
526 4856 559 4904 36
577 4854 752 4904 inanimalium
780 4871 872 4920 perium.
891 4854 976 4905 Tertia
1043 4856 1076 4905 at
1094 4855 1145 4904 biis

171 4943 268 4986 (iun.
283 4955 336 4985 un.
349 4945 432 4987 suren
1224 4955 1240 5005 q
