3382 5476
581 390 631 443 un
650 390 788 458 nouam
807 390 1013 444 emortuus.
1278 381 1284 391 '
1385 384 1447 451 145

233 582 449 661 Conparatiuus
477 584 525 641 cui
555 582 635 641 casui
663 581 775 641 seruit?
817 579 954 641 Ablatiuo
991 579 1055 638 sine
1091 578 1322 657 praepositione.
1367 577 1445 638 Raro
1512 649 1514 652 ι

148 684 198 744 lric
215 684 385 744 Donatus
409 684 553 742 tractauit.
598 682 676 743 llicit
698 684 776 742 euim
800 682 1026 761 conparatiuum
1049 687 1111 740 tres
1132 698 1219 741 casus
1243 678 1367 740 habere:
1396 688 1447 740 aut

148 783 310 846 ablatiuum
334 793 385 844 aut
406 786 564 863 septimum
581 803 681 845 casum
698 794 748 844 aut
764 783 994 848 nominatiuum;
1019 788 1068 841 aut
1087 781 1261 850 ablatiuum,
1285 788 1318 841 ut
1333 781 1447 841 doctior

149 887 186 946 ab
208 885 274 954 illo;
299 895 352 946 unt
374 888 551 964 septimum,
574 895 607 947 ut
629 885 746 946 doctior
767 884 827 946 illo.
873 883 953 944 luter
975 882 1136 944 ablatiuum
1160 891 1189 943 et
1210 885 1368 962 septimum
1391 882 1448 944 hoc

123 990 288 1057 sinterest,
317 986 397 1066 quod
425 986 571 1048 ablatiuus
600 987 690 1047 habet
718 987 983 1066 praepositionem,
1019 986 1163 1062 septimus
1191 1003 1250 1046 non
1278 984 1385 1055 habet,
1415 995 1447 1045 ut

150 1089 266 1150 ‘melior
282 1108 297 1149 a
315 1091 356 1149 te'
372 1088 534 1158 ablatiuus,
552 1088 673 1149 ‘melior
687 1091 728 1149 te'
744 1089 896 1168 septimus.
925 1089 983 1148 dut
997 1087 1211 1147 nominatiuum
1235 1087 1282 1146 cui
1304 1105 1447 1166 conpara·

150 1193 229 1251 tinus
252 1208 310 1250 non
334 1191 475 1269 iungitur,
500 1181 754 1269 nisi‘interposita
778 1192 891 1267 ‘quam’
914 1187 1067 1268 particula,
1090 1197 1123 1250 ut
1138 1190 1267 1249 ‘doctior
1289 1189 1337 1249 hic
1359 1207 1447 1268 quam

149 1291 220 1362 ille’,
236 1292 363 1353 ‘doctior
379 1293 483 1354 Cicero
506 1311 593 1372 quam
617 1292 785 1370 Vergilius’.
817 1290 875 1352 Sed
893 1292 949 1351 nisi
964 1293 1134 1370 interponas
1149 1292 1272 1370 ‘quam',
1289 1309 1349 1351 non
1365 1299 1449 1369 potes

149 1396 272 1471 iungere
302 1396 495 1455 nominatiuo.
547 1395 626 1454 llaec
655 1401 700 1453 est
727 1394 801 1453 mira
830 1392 978 1469 loquutio,
1009 1399 1041 1451 ut
1068 1392 1292 1470 conparatiuurn
1321 1395 1449 1472 septimo

113 1509 221 1556 ¹⁰casu
243 1514 403 1575 ponamus,
428 1505 459 1555 ut
482 1496 597 1555 doctior
619 1493 679 1555 illo.

235 1593 504 1679 Superlatiuuslll.
525 1592 695 1677 ldllllcui
717 1595 869 1672 iungitur?
914 1595 1058 1655 Genetiuo
1086 1602 1199 1654 tantum
1228 1593 1345 1673 plurali.
1389 1595 1448 1656 Sed

151 1698 177 1757 si
199 1701 290 1776 possit
312 1700 451 1776 genetiuo
475 1697 617 1776 singulari
644 1699 741 1775 iungi,
766 1715 803 1757 an
827 1715 901 1765 non,
926 1697 964 1756 in
986 1694 1153 1756 secunda
1177 1703 1256 1756 arte
1278 1695 1449 1758 considera·

154 1797 257 1859 bimus.

237 1902 351 1962 Genera
375 1903 527 1963 nominum
551 1911 624 1981 quot
645 1901 732 1962 suut?
777 1898 936 1970 Quattuor,
961 1896 1155 1959 masculinum
1178 1899 1354 1960 femininum
1378 1918 1450 1960 neu·

116 2016 142 2055 ru
157 2009 232 2062 trum
256 2020 426 2071 commune,
451 2011 483 2064 ut
505 2004 552 2063 iric
574 2004 715 2081 magister
737 2000 816 2062 haec
834 2001 916 2061 illusa
940 1999 996 2059 lroc
1018 2017 1181 2060 scamnum.
1216 2001 1379 2062 Commune
1395 2010 1449 2072 est,

156 2104 270 2178 quoties
292 2103 487 2165 masculinum
510 2113 539 2164 ct
563 2104 739 2165 lemininum
756 2121 848 2163 eruum
866 2119 967 2162 casum
983 2098 1108 2170 habent,
1133 2102 1209 2162 idest
1224 2104 1449 2170 nominatiuum,

157 2204 291 2265 similem.
336 2204 429 2266 Omne
452 2224 546 2284 genus
569 2215 628 2275 est,
657 2207 779 2281 quondo
808 2204 1009 2264 nominatiuus
1036 2221 1122 2264 casus
1144 2205 1200 2264 tria
1224 2221 1333 2282 genera
1357 2206 1450 2266 susci·

156 2305 213 2381 pit,
241 2313 274 2364 ut
300 2305 347 2366 hic
371 2317 400 2368 et
422 2308 494 2367 haec
517 2315 547 2367 et
568 2306 625 2367 hoc
654 2306 732 2367 ielis.
777 2305 949 2384 Epicoenon
978 2314 1037 2375 est,
1067 2306 1143 2366 idest
1171 2307 1388 2384 promiscuum,
1417 2315 1451 2367 ut

157 2406 252 2482 aquila
274 2425 396 2478 coruus,
421 2408 499 2486 quod
523 2407 650 2468 duorum
665 2425 810 2486 generum
826 2414 880 2466 est.
918 2405 1055 2466 ‘Canem'
1071 2423 1189 2486 quoque
1205 2407 1229 2466 si
1245 2406 1368 2468 dixerim
1386 2427 1450 2468 esso

115 2521 144 2560 ao
157 2505 281 2567 duorum
305 2526 462 2586 generum,
486 2512 605 2588 generis
628 2518 726 2571 tamen
742 2510 909 2569 communis
924 2517 983 2577 est,
1008 2507 1086 2587 quod
1102 2506 1219 2569 articuli
1235 2507 1449 2570 demonstrant.

157 2606 232 2678 Quid
256 2627 326 2687 ergo
349 2612 487 2672 intererit
507 2614 584 2672 inter
607 2628 765 2673 commune
789 2617 818 2669 et
840 2611 1023 2688 epicoenon?
1046 2610 1108 2669 Hoc
1122 2612 1267 2671 interest:
1292 2628 1450 2672 commune

156 2707 185 2766 id
209 2709 277 2778 erit,
302 2710 351 2770 ubi
375 2713 440 2773 uisu
463 2712 676 2775 discernuntur
704 2730 807 2781 sexus,
837 2720 869 2771 ut
890 2710 939 2771 hic
962 2718 991 2770 et
1013 2709 1088 2771 haec
1115 2713 1209 2772 canis:
1234 2729 1289 2790 pro
1311 2711 1451 2791 qualitate

158 2813 274 2885 generis
303 2812 429 2891 adiungo
457 2813 506 2876 illa
534 2816 724 2893 pronomina,
755 2830 843 2893 quam
872 2815 937 2873 uisu
966 2811 1112 2873 discerno.
1158 2811 1330 2890 Epicoenon
1353 2823 1450 2876 autem

159 2910 228 2980 erit,
261 2912 340 2990 quod
372 2915 438 2974 uisu
473 2915 604 2977 discerni
634 2933 693 2977 nou
723 2923 829 2995 potest.
875 2914 948 2975 Nam
971 2915 996 2973 si
1018 2914 1136 2975 uideam
1166 2923 1217 2974 aut
1244 2915 1373 2992 aquilam
1402 2927 1453 2977 aut

117 3004 281 3072 rs‘coruum
309 3023 358 3074 aut
386 3017 497 3094 piscem
527 3025 576 3076 aut
603 3017 776 3086 mustelam,
801 2996 980 3076 discernere
1010 3034 1069 3077 non
1098 3033 1235 3094 possum:
1266 3017 1379 3079 idcirco
1402 3017 1452 3079 ubi

157 3113 225 3172 uisu
246 3133 304 3174 non
327 3115 522 3178 discernimus
544 3137 662 3188 sexum,
687 3120 851 3198 epicoenon
873 3117 1007 3179 dicimus.
1282 3101 1287 3112 ,

242 3214 396 3277 Praeterea
421 3226 449 3277 et
471 3217 541 3279 illud
566 3227 612 3280 est
632 3220 835 3289 discretionis,
859 3219 953 3300 quod,
977 3220 1002 3279 si
1019 3218 1129 3279 luerint
1143 3220 1262 3280 nomina
1286 3225 1453 3283 communis

158 3316 289 3389 generis.
318 3316 453 3379 diuersos
481 3320 593 3381 habent
620 3321 773 3388 articulos;
806 3324 832 3381 si
855 3322 990 3400 epicoeni
1012 3321 1144 3399 generis,
1175 3337 1266 3381 unum
1295 3321 1452 3383 articulum

159 3421 279 3486 tantum,
304 3426 335 3478 ut
357 3418 404 3479 iric
428 3420 551 3482 ethaeo
574 3423 670 3483 canis:
701 3424 865 3502 epicoenon
888 3440 945 3482 non
969 3438 1090 3501 possum
1113 3420 1224 3490 dicere,
1248 3422 1405 3498 quomodo,
1428 3426 1452 3483 si

117 3532 147 3571 eo
160 3512 282 3594 ‘aquila’
305 3526 355 3578 aut
377 3520 531 3582 masculini
554 3531 605 3583 aut
626 3524 762 3584 feminini
777 3523 866 3584 luerit
880 3525 1009 3602 generis,
1033 3531 1145 3583 tantum
1162 3522 1259 3583 ‘haec’
1275 3524 1371 3603 aquila
1387 3525 1454 3585 dico

159 3623 189 3675 ct
222 3634 280 3677 non
313 3617 380 3680 licet
414 3622 486 3682 mihi
517 3634 633 3685 mutare
671 3623 837 3685 articulum.
892 3623 964 3684 liam
996 3626 1022 3683 si
1053 3632 1222 3696 mutauero,
1252 3627 1359 3706 incipit
1387 3645 1453 3687 esse

158 3733 323 3778 commune.

212 3987 241 4064 Ι1
261 3985 327 4035 liaro
345 3988 385 4037 lric
404 3990 529 4058 Douruus]
552 3997 601 4045 Hir
619 3997 703 4047 uerbis
721 4004 812 4047 unctor
828 3999 974 4061 significare
987 4001 1047 4056 uuit,
1060 3995 1186 4046 Donatum
1203 3998 1277 4046 multo
1288 3997 1365 4060 plura
1375 4012 1453 4059 prae·

158 4066 270 4132 reptare,
289 4071 359 4118 quarn
378 4075 441 4122 quae
459 4062 522 4123 ipris
540 4065 591 4113 iiiia
609 4064 693 4114 uerbis
711 4064 749 4128 (p.
770 4068 834 4125 355,
856 4067 898 4127 12)
917 4066 1043 4115 contineri
1064 4065 1214 4118 uideantur:
1239 4066 1320 4126 primo
1339 4065 1403 4112 enirn
1420 4066 1453 4113 de

81 4140 86 4147 ·
157 4117 271 4169 adiatruo
283 4124 344 4200 'ipro
361 4130 415 4174 eine
431 4132 632 4192 praepositione,
651 4133 699 4183 noc
716 4139 755 4182 ert
772 4135 805 4183 de
822 4135 937 4197 neptuno,
956 4148 1010 4182 eum
1027 4132 1161 4194 cogitasse,
1179 4147 1206 4193 p.
1221 4133 1282 4191 355,
1297 4132 1342 4184 12,·
1360 4132 1453 4180 deinde

158 4187 192 4234 de
210 4185 319 4268 ablativo
337 4206 389 4239 curn
405 4199 599 4258 praepositione
617 4202 710 4265 iuncto,
729 4201 777 4250 doe
795 4209 834 4251 ert
851 4203 883 4250 de
901 4215 931 4249 eo
949 4214 1018 4260 earu,
1033 4204 1077 4264 qut
1085 4200 1193 4261 proprie
1206 4199 1307 4246 dicutur
1318 4197 1452 4256 obmittit&

158 4267 213 4301 enm
231 4268 320 4318 epure,
339 4274 365 4320 p.
380 4261 440 4320 375,
454 4266 484 4317 1,·
502 4267 610 4331 denique
628 4269 660 4316 de
679 4271 840 4331 nominatum,
858 4285 885 4332 p.
899 4270 959 4327 375,
974 4270 1012 4316 11.
1082 4267 1098 4315 3
1115 4265 1202 4314 docior
1269 4261 1346 4313 tam
1363 4266 1454 4314 addidi

228 4325 361 4401 irreddidi
426 4330 571 4382 dablatiuo
641 4347 685 4384 nur
703 4333 899 4397 nominatiuum]
917 4343 961 4381 urit
979 4332 1021 4382 ur'u
1082 4331 1239 4382 illluecest
1257 4331 1452 4394 nriraloqnutio

157 4389 219 4445 eta]
238 4389 349 4439 ituatur
367 4401 464 4458 unctor,
483 4401 510 4447 ni
524 4400 613 4463 failor,
641 4403 767 4453 Donatum
784 4407 811 4454 in
828 4410 885 4453 arte
903 4400 921 4449 I
938 4403 971 4450 de
988 4402 1107 4466 reptirno,
1135 4404 1179 4466 pai
1194 4401 1296 4461 dieitem
1319 4402 1452 4449 cerosolo

155 4468 250 4534 apere,
269 4471 321 4505 cum
338 4461 362 4536 in
380 4470 437 4511 urte
455 4464 490 4513 II
507 4467 613 4518 adlatiui
629 4472 734 4534 insuper
751 4477 776 4520 et
794 4469 941 4520 nominatiui
956 4471 1048 4519 mentio
1062 4470 1120 4530 fiat.
1207 4470 1237 4517 11
1254 4461 1344 4532 gutluri
1422 4469 1453 4516 12

156 4533 305 4586 genetruum
323 4528 477 4591 singularem
548 4537 768 4586 considerauimus
850 4539 882 4586 15
899 4548 1020 4593 comune,
1038 4536 1151 4594 riesere
1168 4546 1286 4599 semper·
1337 4534 1368 4582 16
1386 4532 1454 4582 idest

156 4590 250 4639 addidi
334 4595 363 4642 l'l
382 4599 485 4655 quaudo
504 4603 595 4653 addidi
656 4606 837 4654 uominatlnus
855 4598 942 4666 casus]
962 4616 1056 4652 nomen
1074 4601 1162 4652 ideni
1248 4604 1279 4652 18
1296 4614 1451 4666 epoeeenon,

154 4721 258 4770 emper
326 4709 390 4758 idest
408 4715 498 4766 addidi
567 4722 599 4770 19
617 4717 712 4784 tamen]
734 4719 767 4769 uir
845 4668 976 4784 tssddngo
1029 4716 1116 4783 qinom]
1136 4735 1201 4781 quoe
1285 4718 1318 4768 27
1336 4728 1454 4781 pretereo

156 4775 328 4904 simfortmmi
412 4781 445 4830 28
463 4787 611 4840 arartioulos
665 4788 781 4836 crisenon
837 4788 861 4836 id
882 4802 959 4837 uuum
1029 4782 1223 4852 ecquomodo]
1243 4782 1284 4846 qrir
1345 4787 1379 4834 30
1397 4797 1452 4836 tan-

168 4857 175 4888 ι
246 4857 261 4888 u
413 4857 414 4860 ¹

179 4938 278 4981 tium.
291 4950 342 4980 ur.
356 4942 437 4987 suren.
1220 4939 1252 4986 10
