<?xml version="1.0" encoding="UTF-8"?>
<!DOCTYPE html PUBLIC "-//W3C//DTD XHTML 1.0 Transitional//EN"
    "http://www.w3.org/TR/xhtml1/DTD/xhtml1-transitional.dtd">
<html xmlns="http://www.w3.org/1999/xhtml" xml:lang="en" lang="en">
 <head>
  <title>
</title>
<meta http-equiv="Content-Type" content="text/html;charset=utf-8" />
  <meta name='ocr-system' content='tesseract 3.04.00' />
  <meta name='ocr-capabilities' content='ocr_page ocr_carea ocr_par ocr_line ocrx_word'/>
</head>
<body>
  <div class='ocr_page' id='page_1' title='image "./grammaticilatin06keilgoog_0551.png"; bbox 0 0 3382 5476; ppageno 0'>
   <div class='ocr_carea' id='block_1_1' title="bbox 207 385 1098 450">
    <p class='ocr_par' dir='ltr' id='par_1_1' title="bbox 207 385 1098 450">
     <span class='ocr_line' id='line_1_1' title="bbox 207 385 1098 450; baseline -0.013 -1"><span class='ocrx_word' id='word_1_1' title='bbox 207 385 270 450; x_wconf 89' lang='grc'><strong>276</strong></span> <span class='ocrx_word' id='word_1_2' title='bbox 593 386 870 439; x_wconf 79' lang='lat' dir='ltr'><strong>nmrnnnnrmn</strong></span> <span class='ocrx_word' id='word_1_3' title='bbox 889 385 1098 438; x_wconf 80' lang='lat' dir='ltr'><strong>sennouvn.</strong></span> 
     </span>
    </p>
   </div>
   <div class='ocr_carea' id='block_1_2' title="bbox 203 572 1523 1252">
    <p class='ocr_par' dir='ltr' id='par_1_2' title="bbox 203 572 1523 1252">
     <span class='ocr_line' id='line_1_2' title="bbox 293 572 1504 653; baseline -0.002 -19"><span class='ocrx_word' id='word_1_4' title='bbox 293 574 374 635; x_wconf 87' lang='lat' dir='ltr'><strong>luter</strong></span> <span class='ocrx_word' id='word_1_5' title='bbox 395 574 513 635; x_wconf 89' lang='lat' dir='ltr'><strong>initium</strong></span> <span class='ocrx_word' id='word_1_6' title='bbox 535 583 564 635; x_wconf 88' lang='lat' dir='ltr'><strong>et</strong></span> <span class='ocrx_word' id='word_1_7' title='bbox 583 575 765 653; x_wconf 87' lang='lat' dir='ltr'><strong>principium</strong></span> <span class='ocrx_word' id='word_1_8' title='bbox 781 572 838 634; x_wconf 89' lang='lat' dir='ltr'><strong>hoc</strong></span> <span class='ocrx_word' id='word_1_9' title='bbox 853 575 988 642; x_wconf 88' lang='lat' dir='ltr'><strong>interest,</strong></span> <span class='ocrx_word' id='word_1_10' title='bbox 1004 572 1083 652; x_wconf 75' lang='lat' dir='ltr'><strong>quotl</strong></span> <span class='ocrx_word' id='word_1_11' title='bbox 1100 572 1282 651; x_wconf 90' lang='lat' dir='ltr'><strong>principium</strong></span> <span class='ocrx_word' id='word_1_12' title='bbox 1295 616 1393 632; x_wconf 92' lang='grc'><strong>.....</strong></span> <span class='ocrx_word' id='word_1_13' title='bbox 1405 573 1504 651; x_wconf 85' lang='lat' dir='ltr'><strong>operis</strong></span> 
     </span>
     <span class='ocr_line' id='line_1_3' title="bbox 209 671 1502 755; baseline -0.002 -20"><span class='ocrx_word' id='word_1_14' title='bbox 209 682 312 755; x_wconf 82' lang='lat' dir='ltr'><strong>ceput,</strong></span> <span class='ocrx_word' id='word_1_15' title='bbox 346 674 463 735; x_wconf 93' lang='lat' dir='ltr'><strong>initium</strong></span> <span class='ocrx_word' id='word_1_16' title='bbox 496 683 555 743; x_wconf 88' lang='lat' dir='ltr'><strong>est,</strong></span> <span class='ocrx_word' id='word_1_17' title='bbox 589 673 668 754; x_wconf 76' lang='lat' dir='ltr'><strong>qnotl</strong></span> <span class='ocrx_word' id='word_1_18' title='bbox 699 672 884 753; x_wconf 78' lang='lat' dir='ltr'><strong>frequentius</strong></span> <span class='ocrx_word' id='word_1_19' title='bbox 915 671 1116 751; x_wconf 74' lang='lat' dir='ltr'><strong>intellegimus</strong></span> <span class='ocrx_word' id='word_1_20' title='bbox 1144 680 1174 733; x_wconf 88' lang='lat' dir='ltr'><strong>et</strong></span> <span class='ocrx_word' id='word_1_21' title='bbox 1200 674 1292 733; x_wconf 87' lang='lat' dir='ltr'><strong>toties</strong></span> <span class='ocrx_word' id='word_1_22' title='bbox 1325 674 1502 751; x_wconf 76' lang='lat' dir='ltr'><strong>accipimus,</strong></span> 
     </span>
     <span class='ocr_line' id='line_1_4' title="bbox 207 773 1502 855; baseline -0.002 -19"><span class='ocrx_word' id='word_1_23' title='bbox 207 778 324 855; x_wconf 86' lang='lat' dir='ltr'><strong>quoties</strong></span> <span class='ocrx_word' id='word_1_24' title='bbox 346 784 397 836; x_wconf 80' lang='lat' dir='ltr'><strong>aut</strong></span> <span class='ocrx_word' id='word_1_25' title='bbox 417 784 513 837; x_wconf 85' lang='lat' dir='ltr'><strong>mutet</strong></span> <span class='ocrx_word' id='word_1_26' title='bbox 534 793 691 855; x_wconf 83' lang='lat' dir='ltr'>personam</span> <span class='ocrx_word' id='word_1_27' title='bbox 715 822 807 838; x_wconf 91' lang='grc'><strong>.....</strong></span> <span class='ocrx_word' id='word_1_28' title='bbox 828 777 858 835; x_wconf 87' lang='lat' dir='ltr'><strong>in</strong></span> <span class='ocrx_word' id='word_1_29' title='bbox 881 773 1002 836; x_wconf 83' lang='lat' dir='ltr'><strong>alteram</strong></span> <span class='ocrx_word' id='word_1_30' title='bbox 1030 792 1111 844; x_wconf 83' lang='lat' dir='ltr'><strong>rem,</strong></span> <span class='ocrx_word' id='word_1_31' title='bbox 1140 782 1170 834; x_wconf 90' lang='lat' dir='ltr'><strong>et</strong></span> <span class='ocrx_word' id='word_1_32' title='bbox 1190 774 1378 854; x_wconf 83' lang='lat' dir='ltr'><strong>principium</strong></span> <span class='ocrx_word' id='word_1_33' title='bbox 1399 774 1502 841; x_wconf 81' lang='lat' dir='ltr'><strong>semel</strong></span> 
     </span>
     <span class='ocr_line' id='line_1_5' title="bbox 204 874 1501 956; baseline -0.001 -20"><span class='ocrx_word' id='word_1_34' title='bbox 204 878 321 938; x_wconf 89' lang='lat' dir='ltr'><strong>initium</strong></span> <span class='ocrx_word' id='word_1_35' title='bbox 337 878 465 955; x_wconf 84' lang='lat' dir='ltr'><strong>saepius.</strong></span> <span class='ocrx_word' id='word_1_36' title='bbox 495 875 680 956; x_wconf 85' lang='lat' dir='ltr'><strong>Principium</strong></span> <span class='ocrx_word' id='word_1_37' title='bbox 704 885 764 946; x_wconf 84' lang='lat' dir='ltr'><strong>est,</strong></span> <span class='ocrx_word' id='word_1_38' title='bbox 788 886 833 937; x_wconf 89' lang='lat' dir='ltr'><strong>ut:</strong></span> <span class='ocrx_word' id='word_1_39' title='bbox 856 875 974 936; x_wconf 78' lang='lat' dir='ltr'><strong>‘ornis</strong></span> <span class='ocrx_word' id='word_1_40' title='bbox 998 876 1192 952; x_wconf 88' lang='lat' dir='ltr'><strong>uirumque</strong></span> <span class='ocrx_word' id='word_1_41' title='bbox 1215 874 1359 935; x_wconf 81' lang='lat' dir='ltr'><strong>Troiae</strong></span> <span class='ocrx_word' id='word_1_42' title='bbox 1380 878 1501 947; x_wconf 63' lang='grc' dir='ltr'><strong>απαξ</strong></span> 
     </span>
     <span class='ocr_line' id='line_1_6' title="bbox 204 975 1523 1056; baseline 0.001 -20"><span class='ocrx_word' id='word_1_43' title='bbox 204 978 337 1038; x_wconf 85' lang='lat' dir='ltr'><strong>initium:</strong></span> <span class='ocrx_word' id='word_1_44' title='bbox 376 978 494 1039; x_wconf 78' lang='lat' dir='ltr'><strong>‘Musa</strong></span> <span class='ocrx_word' id='word_1_45' title='bbox 517 975 604 1038; x_wconf 85' lang='lat' dir='ltr'><strong>milri</strong></span> <span class='ocrx_word' id='word_1_46' title='bbox 628 995 785 1038; x_wconf 86' lang='lat' dir='ltr'><strong>memora</strong></span> <span class='ocrx_word' id='word_1_47' title='bbox 808 979 961 1041; x_wconf 63' lang='lat' dir='ltr'><strong>causas?</strong></span> <span class='ocrx_word' id='word_1_48' title='bbox 1006 977 1201 1037; x_wconf 82' lang='lat' dir='ltr'><strong>Sunttumen</strong></span> <span class='ocrx_word' id='word_1_49' title='bbox 1224 976 1392 1056; x_wconf 82' lang='lat' dir='ltr'><strong>principis,</strong></span> <span class='ocrx_word' id='word_1_50' title='bbox 1426 988 1523 1056; x_wconf 69' lang='lat' dir='ltr'><strong>mmet</strong></span> 
     </span>
     <span class='ocr_line' id='line_1_7' title="bbox 205 1076 1500 1158; baseline -0.003 -18"><span class='ocrx_word' id='word_1_51' title='bbox 205 1090 308 1140; x_wconf 78' lang='lat' dir='ltr'><strong>nutura</strong></span> <span class='ocrx_word' id='word_1_52' title='bbox 331 1080 377 1141; x_wconf 93' lang='lat' dir='ltr'><strong>sui</strong></span> <span class='ocrx_word' id='word_1_53' title='bbox 399 1086 502 1139; x_wconf 84' lang='lat' dir='ltr'><strong>curent</strong></span> <span class='ocrx_word' id='word_1_54' title='bbox 523 1086 552 1139; x_wconf 91' lang='lat' dir='ltr'><strong>et</strong></span> <span class='ocrx_word' id='word_1_55' title='bbox 574 1081 705 1158; x_wconf 87' lang='lat' dir='ltr'><strong>speciem</strong></span> <span class='ocrx_word' id='word_1_56' title='bbox 727 1079 804 1138; x_wconf 90' lang='lat' dir='ltr'><strong>initii</strong></span> <span class='ocrx_word' id='word_1_57' title='bbox 826 1076 951 1147; x_wconf 84' lang='lat' dir='ltr'><strong>trahent,</strong></span> <span class='ocrx_word' id='word_1_58' title='bbox 976 1085 1021 1137; x_wconf 91' lang='lat' dir='ltr'><strong>ut:</strong></span> <span class='ocrx_word' id='word_1_59' title='bbox 1058 1077 1115 1138; x_wconf 77' lang='lat' dir='ltr'><strong>‘At</strong></span> <span class='ocrx_word' id='word_1_60' title='bbox 1142 1078 1274 1152; x_wconf 82' lang='lat' dir='ltr'><strong>regine</strong></span> <span class='ocrx_word' id='word_1_61' title='bbox 1297 1078 1409 1154; x_wconf 82' lang='lat' dir='ltr'><strong>grnui</strong></span> <span class='ocrx_word' id='word_1_62' title='bbox 1430 1080 1500 1137; x_wconf 77' lang='lat' dir='ltr'><strong>inor</strong></span> 
     </span>
     <span class='ocr_line' id='line_1_8' title="bbox 203 1177 1499 1252; baseline -0.002 -11"><span class='ocrx_word' id='word_1_63' title='bbox 203 1182 340 1241; x_wconf 83' lang='lat' dir='ltr'><strong>dudum</strong></span> <span class='ocrx_word' id='word_1_64' title='bbox 368 1182 502 1241; x_wconf 79' lang='lat' dir='ltr'><strong>sencio</strong></span> <span class='ocrx_word' id='word_1_65' title='bbox 527 1181 632 1239; x_wconf 84' lang='lat' dir='ltr'><strong>ourn’</strong></span> <span class='ocrx_word' id='word_1_66' title='bbox 662 1186 704 1239; x_wconf 88' lang='lat' dir='ltr'><strong>et:</strong></span> <span class='ocrx_word' id='word_1_67' title='bbox 741 1177 819 1238; x_wconf 82' lang='lat' dir='ltr'><strong>‘Sic</strong></span> <span class='ocrx_word' id='word_1_68' title='bbox 844 1179 957 1251; x_wconf 84' lang='lat' dir='ltr'><strong>fatur</strong></span> <span class='ocrx_word' id='word_1_69' title='bbox 984 1182 1194 1240; x_wconf 80' lang='lat' dir='ltr'><strong>lacrimans</strong></span> <span class='ocrx_word' id='word_1_70' title='bbox 1220 1180 1424 1252; x_wconf 75' lang='lat' dir='ltr'><strong>classique</strong></span> <span class='ocrx_word' id='word_1_71' title='bbox 1444 1181 1499 1238; x_wconf 86' lang='lat' dir='ltr'><strong>in·</strong></span> 
     </span>
    </p>
   </div>
   <div class='ocr_carea' id='block_1_3' title="bbox 202 1283 1497 1461">
    <p class='ocr_par' dir='ltr' id='par_1_3' title="bbox 202 1283 1497 1461">
     <span class='ocr_line' id='line_1_9' title="bbox 202 1283 530 1343; baseline -0.003 -1"><span class='ocrx_word' id='word_1_72' title='bbox 202 1285 319 1342; x_wconf 80' lang='lat' dir='ltr'><strong>mittit</strong></span> <span class='ocrx_word' id='word_1_73' title='bbox 339 1283 530 1343; x_wconf 64' lang='lat' dir='ltr'><strong>habenas?</strong></span> 
     </span>
     <span class='ocr_line' id='line_1_10' title="bbox 288 1378 1497 1461; baseline 0 -21"><span class='ocrx_word' id='word_1_74' title='bbox 288 1380 368 1442; x_wconf 90' lang='lat' dir='ltr'><strong>lnter</strong></span> <span class='ocrx_word' id='word_1_75' title='bbox 390 1381 529 1443; x_wconf 84' lang='lat' dir='ltr'><strong>simulare</strong></span> <span class='ocrx_word' id='word_1_76' title='bbox 552 1389 582 1441; x_wconf 89' lang='lat' dir='ltr'><strong>et</strong></span> <span class='ocrx_word' id='word_1_77' title='bbox 603 1380 791 1442; x_wconf 82' lang='lat' dir='ltr'><strong>dissimulare</strong></span> <span class='ocrx_word' id='word_1_78' title='bbox 813 1380 869 1440; x_wconf 83' lang='lat' dir='ltr'><strong>lroc</strong></span> <span class='ocrx_word' id='word_1_79' title='bbox 892 1384 1030 1450; x_wconf 87' lang='lat' dir='ltr'><strong>interest,</strong></span> <span class='ocrx_word' id='word_1_80' title='bbox 1054 1378 1132 1456; x_wconf 82' lang='lat' dir='ltr'><strong>quod</strong></span> <span class='ocrx_word' id='word_1_81' title='bbox 1154 1380 1298 1441; x_wconf 74' lang='lat' dir='ltr'><strong>simulare</strong></span> <span class='ocrx_word' id='word_1_82' title='bbox 1311 1383 1405 1450; x_wconf 89' lang='lat' dir='ltr'><strong>scire,</strong></span> <span class='ocrx_word' id='word_1_83' title='bbox 1422 1399 1497 1461; x_wconf 75' lang='lat' dir='ltr'><strong>quae</strong></span> 
     </span>
    </p>
   </div>
   <div class='ocr_carea' id='block_1_4' title="bbox 202 1482 1531 1663">
    <p class='ocr_par' dir='ltr' id='par_1_4' title="bbox 202 1482 1531 1663">
     <span class='ocr_line' id='line_1_11' title="bbox 202 1482 1531 1561; baseline -0.002 -17"><span class='ocrx_word' id='word_1_84' title='bbox 202 1485 369 1553; x_wconf 88' lang='lat' dir='ltr'><strong>nescimus,</strong></span> <span class='ocrx_word' id='word_1_85' title='bbox 392 1482 596 1554; x_wconf 82' lang='lat' dir='ltr'><strong>dissimulare,</strong></span> <span class='ocrx_word' id='word_1_86' title='bbox 619 1501 695 1561; x_wconf 80' lang='lat' dir='ltr'><strong>quse</strong></span> <span class='ocrx_word' id='word_1_87' title='bbox 716 1484 827 1542; x_wconf 87' lang='lat' dir='ltr'><strong>scimus</strong></span> <span class='ocrx_word' id='word_1_88' title='bbox 848 1488 879 1542; x_wconf 88' lang='lat' dir='ltr'><strong>et</strong></span> <span class='ocrx_word' id='word_1_89' title='bbox 900 1500 955 1541; x_wconf 91' lang='lat' dir='ltr'><strong>nos</strong></span> <span class='ocrx_word' id='word_1_90' title='bbox 977 1483 1056 1542; x_wconf 90' lang='lat' dir='ltr'><strong>scire</strong></span> <span class='ocrx_word' id='word_1_91' title='bbox 1079 1497 1231 1559; x_wconf 73' lang='lat' dir='ltr'><strong>negamus</strong></span> <span class='ocrx_word' id='word_1_92' title='bbox 1509 1498 1531 1536; x_wconf 87' lang='lat' dir='ltr'><strong>u</strong></span> 
     </span>
     <span class='ocr_line' id='line_1_12' title="bbox 286 1580 1499 1663; baseline -0.001 -19"><span class='ocrx_word' id='word_1_93' title='bbox 286 1584 367 1645; x_wconf 92' lang='lat' dir='ltr'><strong>lntor</strong></span> <span class='ocrx_word' id='word_1_94' title='bbox 389 1582 524 1663; x_wconf 76' lang='lat' dir='ltr'><strong>polliceri</strong></span> <span class='ocrx_word' id='word_1_95' title='bbox 546 1591 576 1644; x_wconf 85' lang='lat' dir='ltr'><strong>et</strong></span> <span class='ocrx_word' id='word_1_96' title='bbox 597 1585 772 1662; x_wconf 88' lang='lat' dir='ltr'><strong>promittere</strong></span> <span class='ocrx_word' id='word_1_97' title='bbox 795 1581 851 1643; x_wconf 89' lang='lat' dir='ltr'><strong>hoc</strong></span> <span class='ocrx_word' id='word_1_98' title='bbox 866 1585 1005 1651; x_wconf 86' lang='lat' dir='ltr'><strong>interest,</strong></span> <span class='ocrx_word' id='word_1_99' title='bbox 1029 1581 1108 1660; x_wconf 89' lang='lat' dir='ltr'><strong>quod</strong></span> <span class='ocrx_word' id='word_1_100' title='bbox 1125 1581 1302 1660; x_wconf 75' lang='lat' dir='ltr'><strong>pollicemur</strong></span> <span class='ocrx_word' id='word_1_101' title='bbox 1316 1580 1410 1651; x_wconf 91' lang='lat' dir='ltr'><strong>ultro,</strong></span> <span class='ocrx_word' id='word_1_102' title='bbox 1430 1600 1499 1661; x_wconf 91' lang='lat' dir='ltr'><strong>pro·</strong></span> 
     </span>
    </p>
   </div>
   <div class='ocr_carea' id='block_1_5' title="bbox 200 1686 1530 2877">
    <p class='ocr_par' dir='ltr' id='par_1_5' title="bbox 200 1686 1530 2877">
     <span class='ocr_line' id='line_1_13' title="bbox 203 1686 474 1763; baseline -0.011 -17"><span class='ocrx_word' id='word_1_103' title='bbox 203 1687 348 1746; x_wconf 78' lang='lat' dir='ltr'><strong>mittimus</strong></span> <span class='ocrx_word' id='word_1_104' title='bbox 369 1686 474 1763; x_wconf 80' lang='lat' dir='ltr'><strong>rogati.</strong></span> 
     </span>
     <span class='ocr_line' id='line_1_14' title="bbox 286 1783 1498 1865; baseline 0 -20"><span class='ocrx_word' id='word_1_105' title='bbox 286 1785 366 1845; x_wconf 87' lang='lat' dir='ltr'><strong>lnter</strong></span> <span class='ocrx_word' id='word_1_106' title='bbox 390 1783 502 1845; x_wconf 91' lang='lat' dir='ltr'><strong>nullum</strong></span> <span class='ocrx_word' id='word_1_107' title='bbox 525 1793 553 1845; x_wconf 90' lang='lat' dir='ltr'><strong>ot</strong></span> <span class='ocrx_word' id='word_1_108' title='bbox 576 1787 724 1845; x_wconf 89' lang='lat' dir='ltr'><strong>neminem</strong></span> <span class='ocrx_word' id='word_1_109' title='bbox 749 1783 805 1845; x_wconf 89' lang='lat' dir='ltr'><strong>hoc</strong></span> <span class='ocrx_word' id='word_1_110' title='bbox 827 1787 966 1852; x_wconf 87' lang='lat' dir='ltr'><strong>interest,</strong></span> <span class='ocrx_word' id='word_1_111' title='bbox 989 1784 1067 1864; x_wconf 84' lang='lat' dir='ltr'><strong>quod</strong></span> <span class='ocrx_word' id='word_1_112' title='bbox 1085 1784 1184 1845; x_wconf 91' lang='lat' dir='ltr'><strong>nullus</strong></span> <span class='ocrx_word' id='word_1_113' title='bbox 1207 1785 1242 1845; x_wconf 84' lang='lat' dir='ltr'><strong>ad</strong></span> <span class='ocrx_word' id='word_1_114' title='bbox 1267 1787 1410 1846; x_wconf 83' lang='lat' dir='ltr'><strong>uniuersa</strong></span> <span class='ocrx_word' id='word_1_115' title='bbox 1434 1794 1498 1865; x_wconf 89' lang='lat' dir='ltr'><strong>pot·</strong></span> 
     </span>
     <span class='ocr_line' id='line_1_15' title="bbox 202 1883 1269 1963; baseline -0.002 -16"><span class='ocrx_word' id='word_1_116' title='bbox 202 1887 392 1955; x_wconf 85' lang='lat' dir='ltr'><strong>estrelerri,</strong></span> <span class='ocrx_word' id='word_1_117' title='bbox 416 1904 504 1946; x_wconf 86' lang='lat' dir='ltr'><strong>nemo</strong></span> <span class='ocrx_word' id='word_1_118' title='bbox 526 1883 562 1945; x_wconf 78' lang='lat' dir='ltr'><strong>ml</strong></span> <span class='ocrx_word' id='word_1_119' title='bbox 583 1885 734 1946; x_wconf 87' lang='lat' dir='ltr'><strong>hominem</strong></span> <span class='ocrx_word' id='word_1_120' title='bbox 757 1894 787 1947; x_wconf 92' lang='lat' dir='ltr'><strong>et</strong></span> <span class='ocrx_word' id='word_1_121' title='bbox 809 1895 854 1948; x_wconf 88' lang='lat' dir='ltr'><strong>est</strong></span> <span class='ocrx_word' id='word_1_122' title='bbox 876 1904 963 1946; x_wconf 93' lang='lat' dir='ltr'><strong>nomo</strong></span> <span class='ocrx_word' id='word_1_123' title='bbox 986 1887 1071 1963; x_wconf 82' lang='lat' dir='ltr'><strong>quasi</strong></span> <span class='ocrx_word' id='word_1_124' title='bbox 1093 1903 1148 1947; x_wconf 88' lang='lat' dir='ltr'><strong>nec</strong></span> <span class='ocrx_word' id='word_1_125' title='bbox 1172 1884 1269 1946; x_wconf 82' lang='lat' dir='ltr'><strong>homo.</strong></span> 
     </span>
     <span class='ocr_line' id='line_1_16' title="bbox 287 1986 1530 2064; baseline -0.005 -16"><span class='ocrx_word' id='word_1_126' title='bbox 287 1987 367 2048; x_wconf 90' lang='lat' dir='ltr'><strong>lnter</strong></span> <span class='ocrx_word' id='word_1_127' title='bbox 390 1990 470 2047; x_wconf 91' lang='lat' dir='ltr'><strong>intus</strong></span> <span class='ocrx_word' id='word_1_128' title='bbox 493 1994 522 2047; x_wconf 88' lang='lat' dir='ltr'><strong>et</strong></span> <span class='ocrx_word' id='word_1_129' title='bbox 544 1988 622 2046; x_wconf 92' lang='lat' dir='ltr'><strong>intro</strong></span> <span class='ocrx_word' id='word_1_130' title='bbox 645 1986 701 2047; x_wconf 85' lang='lat' dir='ltr'><strong>hoc</strong></span> <span class='ocrx_word' id='word_1_131' title='bbox 723 1989 862 2056; x_wconf 87' lang='lat' dir='ltr'><strong>interest,</strong></span> <span class='ocrx_word' id='word_1_132' title='bbox 887 1987 963 2064; x_wconf 86' lang='lat' dir='ltr'><strong>quod</strong></span> <span class='ocrx_word' id='word_1_133' title='bbox 987 1989 1066 2047; x_wconf 92' lang='lat' dir='ltr'><strong>intro</strong></span> <span class='ocrx_word' id='word_1_134' title='bbox 1089 2006 1140 2056; x_wconf 87' lang='lat' dir='ltr'><strong>eo,</strong></span> <span class='ocrx_word' id='word_1_135' title='bbox 1163 1988 1243 2047; x_wconf 73' lang='lat' dir='ltr'><strong>initus</strong></span> <span class='ocrx_word' id='word_1_136' title='bbox 1265 2003 1343 2047; x_wconf 90' lang='lat' dir='ltr'><strong>sum.</strong></span> <span class='ocrx_word' id='word_1_137' title='bbox 1508 2004 1530 2043; x_wconf 81' lang='lat' dir='ltr'><strong>u</strong></span> 
     </span>
     <span class='ocr_line' id='line_1_17' title="bbox 286 2086 1371 2167; baseline 0.003 -19"><span class='ocrx_word' id='word_1_138' title='bbox 286 2089 365 2149; x_wconf 86' lang='lat' dir='ltr'><strong>luter</strong></span> <span class='ocrx_word' id='word_1_139' title='bbox 387 2090 467 2148; x_wconf 89' lang='lat' dir='ltr'><strong>intus</strong></span> <span class='ocrx_word' id='word_1_140' title='bbox 490 2087 621 2148; x_wconf 85' lang='lat' dir='ltr'><strong>otiores</strong></span> <span class='ocrx_word' id='word_1_141' title='bbox 643 2086 700 2146; x_wconf 89' lang='lat' dir='ltr'><strong>hoc</strong></span> <span class='ocrx_word' id='word_1_142' title='bbox 722 2090 862 2157; x_wconf 84' lang='lat' dir='ltr'><strong>interest,</strong></span> <span class='ocrx_word' id='word_1_143' title='bbox 885 2087 963 2167; x_wconf 86' lang='lat' dir='ltr'><strong>quod</strong></span> <span class='ocrx_word' id='word_1_144' title='bbox 988 2089 1067 2147; x_wconf 92' lang='lat' dir='ltr'><strong>intus</strong></span> <span class='ocrx_word' id='word_1_145' title='bbox 1089 2092 1194 2156; x_wconf 86' lang='lat' dir='ltr'><strong>uenio,</strong></span> <span class='ocrx_word' id='word_1_146' title='bbox 1218 2087 1300 2148; x_wconf 84' lang='lat' dir='ltr'><strong>loros</strong></span> <span class='ocrx_word' id='word_1_147' title='bbox 1322 2106 1371 2152; x_wconf 88' lang='lat' dir='ltr'><strong>eo.</strong></span> 
     </span>
     <span class='ocr_line' id='line_1_18' title="bbox 285 2187 1496 2269; baseline 0.001 -20"><span class='ocrx_word' id='word_1_148' title='bbox 285 2189 367 2250; x_wconf 89' lang='lat' dir='ltr'><strong>lnter</strong></span> <span class='ocrx_word' id='word_1_149' title='bbox 387 2190 480 2250; x_wconf 85' lang='lat' dir='ltr'><strong>lustro</strong></span> <span class='ocrx_word' id='word_1_150' title='bbox 502 2187 666 2268; x_wconf 72' lang='lat' dir='ltr'><strong>procinctae</strong></span> <span class='ocrx_word' id='word_1_151' title='bbox 689 2196 719 2248; x_wconf 89' lang='lat' dir='ltr'><strong>et</strong></span> <span class='ocrx_word' id='word_1_152' title='bbox 740 2188 831 2249; x_wconf 83' lang='lat' dir='ltr'><strong>lustra</strong></span> <span class='ocrx_word' id='word_1_153' title='bbox 855 2197 1012 2269; x_wconf 77' lang='lat' dir='ltr'><strong>correptae</strong></span> <span class='ocrx_word' id='word_1_154' title='bbox 1040 2190 1096 2248; x_wconf 83' lang='lat' dir='ltr'><strong>lroc</strong></span> <span class='ocrx_word' id='word_1_155' title='bbox 1123 2189 1261 2259; x_wconf 89' lang='lat' dir='ltr'><strong>interest,</strong></span> <span class='ocrx_word' id='word_1_156' title='bbox 1290 2189 1374 2268; x_wconf 84' lang='lat' dir='ltr'><strong>quod</strong></span> <span class='ocrx_word' id='word_1_157' title='bbox 1403 2189 1496 2252; x_wconf 78' lang='lat' dir='ltr'><strong>lustro</strong></span> 
     </span>
     <span class='ocr_line' id='line_1_19' title="bbox 201 2286 1434 2371; baseline 0 -19"><span class='ocrx_word' id='word_1_158' title='bbox 201 2300 270 2352; x_wconf 89' lang='lat' dir='ltr'><strong>sunt</strong></span> <span class='ocrx_word' id='word_1_159' title='bbox 292 2299 373 2352; x_wconf 85' lang='lat' dir='ltr'><strong>certo</strong></span> <span class='ocrx_word' id='word_1_160' title='bbox 395 2298 545 2371; x_wconf 84' lang='lat' dir='ltr'><strong>tempora,</strong></span> <span class='ocrx_word' id='word_1_161' title='bbox 569 2288 662 2351; x_wconf 86' lang='lat' dir='ltr'><strong>lustra</strong></span> <span class='ocrx_word' id='word_1_162' title='bbox 685 2286 806 2350; x_wconf 80' lang='lat' dir='ltr'><strong>latibula</strong></span> <span class='ocrx_word' id='word_1_163' title='bbox 829 2289 877 2350; x_wconf 90' lang='lat' dir='ltr'><strong>nel</strong></span> <span class='ocrx_word' id='word_1_164' title='bbox 901 2293 1032 2369; x_wconf 88' lang='lat' dir='ltr'><strong>turpium</strong></span> <span class='ocrx_word' id='word_1_165' title='bbox 1054 2290 1208 2350; x_wconf 85' lang='lat' dir='ltr'><strong>hominum</strong></span> <span class='ocrx_word' id='word_1_166' title='bbox 1230 2292 1434 2370; x_wconf 67' lang='lat' dir='ltr'><strong>receptaculo.</strong></span> 
     </span>
     <span class='ocr_line' id='line_1_20' title="bbox 285 2390 1497 2471; baseline 0.002 -18"><span class='ocrx_word' id='word_1_167' title='bbox 285 2393 366 2453; x_wconf 90' lang='lat' dir='ltr'><strong>lnter</strong></span> <span class='ocrx_word' id='word_1_168' title='bbox 389 2394 544 2453; x_wconf 87' lang='lat' dir='ltr'><strong>seruitium</strong></span> <span class='ocrx_word' id='word_1_169' title='bbox 569 2400 598 2452; x_wconf 91' lang='lat' dir='ltr'><strong>et</strong></span> <span class='ocrx_word' id='word_1_170' title='bbox 619 2392 794 2452; x_wconf 88' lang='lat' dir='ltr'><strong>seruitutem</strong></span> <span class='ocrx_word' id='word_1_171' title='bbox 817 2390 873 2450; x_wconf 88' lang='lat' dir='ltr'><strong>hoc</strong></span> <span class='ocrx_word' id='word_1_172' title='bbox 901 2393 1040 2461; x_wconf 91' lang='lat' dir='ltr'><strong>interest,</strong></span> <span class='ocrx_word' id='word_1_173' title='bbox 1069 2390 1148 2471; x_wconf 81' lang='lat' dir='ltr'><strong>quod</strong></span> <span class='ocrx_word' id='word_1_174' title='bbox 1176 2391 1307 2452; x_wconf 86' lang='lat' dir='ltr'><strong>seruitus</strong></span> <span class='ocrx_word' id='word_1_175' title='bbox 1335 2394 1497 2455; x_wconf 75' lang='lat' dir='ltr'><strong>necessitas</strong></span> 
     </span>
     <span class='ocr_line' id='line_1_21' title="bbox 201 2491 1529 2563; baseline -0.001 -8"><span class='ocrx_word' id='word_1_176' title='bbox 201 2494 368 2563; x_wconf 86' lang='lat' dir='ltr'><strong>seruiendi,</strong></span> <span class='ocrx_word' id='word_1_177' title='bbox 391 2495 547 2554; x_wconf 87' lang='lat' dir='ltr'><strong>seruitium</strong></span> <span class='ocrx_word' id='word_1_178' title='bbox 570 2492 695 2553; x_wconf 74' lang='lat' dir='ltr'><strong>elicimus</strong></span> <span class='ocrx_word' id='word_1_179' title='bbox 717 2510 874 2553; x_wconf 90' lang='lat' dir='ltr'><strong>nnmerum</strong></span> <span class='ocrx_word' id='word_1_180' title='bbox 897 2511 1053 2553; x_wconf 85' lang='lat' dir='ltr'><strong>seruorum</strong></span> <span class='ocrx_word' id='word_1_181' title='bbox 1076 2492 1154 2552; x_wconf 89' lang='lat' dir='ltr'><strong>idest</strong></span> <span class='ocrx_word' id='word_1_182' title='bbox 1174 2491 1409 2555; x_wconf 82' lang='lat' dir='ltr'><strong>multitudinem.</strong></span> <span class='ocrx_word' id='word_1_183' title='bbox 1505 2508 1529 2547; x_wconf 66' lang='grc' dir='ltr'><strong>ω</strong></span> 
     </span>
     <span class='ocr_line' id='line_1_22' title="bbox 286 2591 1495 2674; baseline -0.001 -18"><span class='ocrx_word' id='word_1_184' title='bbox 286 2596 368 2657; x_wconf 91' lang='lat' dir='ltr'><strong>lnter</strong></span> <span class='ocrx_word' id='word_1_185' title='bbox 390 2597 549 2656; x_wconf 91' lang='lat' dir='ltr'><strong>terminum</strong></span> <span class='ocrx_word' id='word_1_186' title='bbox 573 2601 603 2653; x_wconf 92' lang='lat' dir='ltr'><strong>ct</strong></span> <span class='ocrx_word' id='word_1_187' title='bbox 625 2596 713 2654; x_wconf 90' lang='lat' dir='ltr'><strong>linem</strong></span> <span class='ocrx_word' id='word_1_188' title='bbox 736 2594 793 2653; x_wconf 85' lang='lat' dir='ltr'><strong>lroc</strong></span> <span class='ocrx_word' id='word_1_189' title='bbox 809 2596 948 2662; x_wconf 87' lang='lat' dir='ltr'><strong>interest,</strong></span> <span class='ocrx_word' id='word_1_190' title='bbox 971 2591 1051 2674; x_wconf 87' lang='lat' dir='ltr'><strong>quod</strong></span> <span class='ocrx_word' id='word_1_191' title='bbox 1074 2594 1219 2654; x_wconf 87' lang='lat' dir='ltr'><strong>terminus</strong></span> <span class='ocrx_word' id='word_1_192' title='bbox 1241 2612 1301 2654; x_wconf 91' lang='lat' dir='ltr'><strong>non</strong></span> <span class='ocrx_word' id='word_1_193' title='bbox 1324 2595 1384 2656; x_wconf 89' lang='lat' dir='ltr'><strong>nisi</strong></span> <span class='ocrx_word' id='word_1_194' title='bbox 1406 2613 1495 2657; x_wconf 77' lang='lat' dir='ltr'><strong>manu</strong></span> 
     </span>
     <span class='ocr_line' id='line_1_23' title="bbox 200 2693 1495 2778; baseline 0.001 -21"><span class='ocrx_word' id='word_1_195' title='bbox 200 2698 329 2778; x_wconf 87' lang='lat' dir='ltr'><strong>ponitur,</strong></span> <span class='ocrx_word' id='word_1_196' title='bbox 346 2697 412 2757; x_wconf 84' lang='lat' dir='ltr'><strong>finis</strong></span> <span class='ocrx_word' id='word_1_197' title='bbox 428 2694 475 2755; x_wconf 87' lang='lat' dir='ltr'><strong>uel</strong></span> <span class='ocrx_word' id='word_1_198' title='bbox 491 2697 639 2756; x_wconf 88' lang='lat' dir='ltr'><strong>sermonis</strong></span> <span class='ocrx_word' id='word_1_199' title='bbox 654 2697 701 2756; x_wconf 90' lang='lat' dir='ltr'><strong>ucl</strong></span> <span class='ocrx_word' id='word_1_200' title='bbox 718 2694 875 2756; x_wconf 80' lang='lat' dir='ltr'><strong>uoluntatis</strong></span> <span class='ocrx_word' id='word_1_201' title='bbox 891 2693 937 2754; x_wconf 88' lang='lat' dir='ltr'><strong>uel</strong></span> <span class='ocrx_word' id='word_1_202' title='bbox 954 2697 1168 2774; x_wconf 86' lang='lat' dir='ltr'><strong>cuiuscumque</strong></span> <span class='ocrx_word' id='word_1_203' title='bbox 1183 2695 1227 2755; x_wconf 87' lang='lat' dir='ltr'><strong>rei</strong></span> <span class='ocrx_word' id='word_1_204' title='bbox 1242 2694 1376 2773; x_wconf 83' lang='lat' dir='ltr'><strong>intellegi</strong></span> <span class='ocrx_word' id='word_1_205' title='bbox 1387 2704 1495 2776; x_wconf 90' lang='lat' dir='ltr'><strong>potest.</strong></span> 
     </span>
     <span class='ocr_line' id='line_1_24' title="bbox 283 2795 1494 2877; baseline 0.001 -19"><span class='ocrx_word' id='word_1_206' title='bbox 283 2798 363 2858; x_wconf 91' lang='lat' dir='ltr'><strong>lnter</strong></span> <span class='ocrx_word' id='word_1_207' title='bbox 385 2816 525 2876; x_wconf 82' lang='lat' dir='ltr'><strong>asperum</strong></span> <span class='ocrx_word' id='word_1_208' title='bbox 549 2806 578 2857; x_wconf 91' lang='lat' dir='ltr'><strong>et</strong></span> <span class='ocrx_word' id='word_1_209' title='bbox 601 2798 729 2856; x_wconf 78' lang='lat' dir='ltr'><strong>ferocem</strong></span> <span class='ocrx_word' id='word_1_210' title='bbox 753 2796 809 2855; x_wconf 83' lang='lat' dir='ltr'><strong>lroc</strong></span> <span class='ocrx_word' id='word_1_211' title='bbox 830 2798 968 2865; x_wconf 86' lang='lat' dir='ltr'><strong>interest,</strong></span> <span class='ocrx_word' id='word_1_212' title='bbox 992 2795 1070 2872; x_wconf 77' lang='lat' dir='ltr'><strong>‹prrorl</strong></span> <span class='ocrx_word' id='word_1_213' title='bbox 1093 2796 1176 2856; x_wconf 86' lang='lat' dir='ltr'><strong>lerox</strong></span> <span class='ocrx_word' id='word_1_214' title='bbox 1201 2806 1323 2865; x_wconf 84' lang='lat' dir='ltr'><strong>nature,</strong></span> <span class='ocrx_word' id='word_1_215' title='bbox 1346 2815 1438 2877; x_wconf 77' lang='lat' dir='ltr'><strong>asper</strong></span> <span class='ocrx_word' id='word_1_216' title='bbox 1459 2798 1494 2858; x_wconf 79' lang='lat' dir='ltr'><strong>orl</strong></span> 
     </span>
    </p>
   </div>
   <div class='ocr_carea' id='block_1_6' title="bbox 200 2909 325 2979">
    <p class='ocr_par' dir='ltr' id='par_1_6' title="bbox 200 2909 325 2979">
     <span class='ocr_line' id='line_1_25' title="bbox 200 2909 325 2979; baseline 0 -20"><span class='ocrx_word' id='word_1_217' title='bbox 200 2909 325 2979; x_wconf 86' lang='lat' dir='ltr'><strong>tempus.</strong></span> 
     </span>
    </p>
   </div>
   <div class='ocr_carea' id='block_1_7' title="bbox 199 3036 426 3044">
    <p class='ocr_par' dir='ltr' id='par_1_7' title="bbox 199 3036 426 3044">
     <span class='ocr_line' id='line_1_26' title="bbox 199 3036 426 3044; baseline -0.013 0"><span class='ocrx_word' id='word_1_218' title='bbox 199 3036 426 3044; x_wconf 78' lang='lat'>——.—</span> 
     </span>
    </p>
   </div>
   <div class='ocr_carea' id='block_1_8' title="bbox 195 3115 1494 3791">
    <p class='ocr_par' dir='ltr' id='par_1_8' title="bbox 195 3115 1494 3791">
     <span class='ocr_line' id='line_1_27' title="bbox 267 3115 1494 3182; baseline 0.002 -16"><span class='ocrx_word' id='word_1_219' title='bbox 267 3118 358 3166; x_wconf 84' lang='lat' dir='ltr'><strong>linter</strong></span> <span class='ocrx_word' id='word_1_220' title='bbox 370 3117 521 3182; x_wconf 86' lang='lat' dir='ltr'><strong>principium</strong></span> <span class='ocrx_word' id='word_1_221' title='bbox 534 3127 559 3165; x_wconf 85' lang='lat' dir='ltr'><strong>et</strong></span> <span class='ocrx_word' id='word_1_222' title='bbox 570 3116 670 3165; x_wconf 84' lang='lat' dir='ltr'><strong>initium</strong></span> <span class='ocrx_word' id='word_1_223' title='bbox 679 3115 719 3165; x_wconf 94' lang='grc' dir='ltr'><strong>ΒΟ</strong></span> <span class='ocrx_word' id='word_1_224' title='bbox 754 3117 921 3181; x_wconf 79' lang='lat' dir='ltr'><strong>pricipiumli</strong></span> <span class='ocrx_word' id='word_1_225' title='bbox 956 3116 1110 3181; x_wconf 84' lang='lat' dir='ltr'><strong>principium</strong></span> <span class='ocrx_word' id='word_1_226' title='bbox 1119 3116 1203 3181; x_wconf 85' lang='lat' dir='ltr'><strong>operis</strong></span> <span class='ocrx_word' id='word_1_227' title='bbox 1214 3116 1300 3181; x_wconf 75' lang='lat' dir='ltr'><strong>capud</strong></span> <span class='ocrx_word' id='word_1_228' title='bbox 1310 3116 1413 3167; x_wconf 85' lang='lat' dir='ltr'><strong>initium</strong></span> <span class='ocrx_word' id='word_1_229' title='bbox 1423 3120 1494 3169; x_wconf 75' lang='lat' dir='ltr'><strong>estA</strong></span> 
     </span>
     <span class='ocr_line' id='line_1_28' title="bbox 197 3181 1493 3251; baseline 0.002 -16"><span class='ocrx_word' id='word_1_230' title='bbox 197 3186 351 3251; x_wconf 87' lang='lat' dir='ltr'><strong>principium</strong></span> <span class='ocrx_word' id='word_1_231' title='bbox 363 3186 441 3234; x_wconf 88' lang='lat' dir='ltr'><strong>totius</strong></span> <span class='ocrx_word' id='word_1_232' title='bbox 454 3185 570 3250; x_wconf 87' lang='lat' dir='ltr'><strong>corporis</strong></span> <span class='ocrx_word' id='word_1_233' title='bbox 582 3184 682 3233; x_wconf 85' lang='lat' dir='ltr'><strong>initium</strong></span> <span class='ocrx_word' id='word_1_234' title='bbox 695 3185 730 3232; x_wconf 91' lang='lat' dir='ltr'><strong>rei</strong></span> <span class='ocrx_word' id='word_1_235' title='bbox 744 3196 783 3233; x_wconf 85' lang='lat' dir='ltr'><strong>est</strong></span> <span class='ocrx_word' id='word_1_236' title='bbox 792 3184 811 3232; x_wconf 92' lang='lat' dir='ltr'>B</span> <span class='ocrx_word' id='word_1_237' title='bbox 821 3186 898 3245; x_wconf 84' lang='lat' dir='ltr'><strong>(idem</strong></span> <span class='ocrx_word' id='word_1_238' title='bbox 906 3200 952 3234; x_wconf 86' lang='lat' dir='ltr'><strong>om.</strong></span> <span class='ocrx_word' id='word_1_239' title='bbox 967 3195 1005 3231; x_wconf 81' lang='lat' dir='ltr'><strong>est</strong></span> <span class='ocrx_word' id='word_1_240' title='bbox 1015 3181 1046 3245; x_wconf 88' lang='grc' dir='ltr'><strong>Ο)</strong></span> <span class='ocrx_word' id='word_1_241' title='bbox 1056 3183 1210 3248; x_wconf 87' lang='lat' dir='ltr'><strong>principium</strong></span> <span class='ocrx_word' id='word_1_242' title='bbox 1222 3184 1302 3234; x_wconf 86' lang='lat' dir='ltr'><strong>totins</strong></span> <span class='ocrx_word' id='word_1_243' title='bbox 1313 3187 1436 3250; x_wconf 85' lang='lat' dir='ltr'><strong>eorporis</strong></span> <span class='ocrx_word' id='word_1_244' title='bbox 1445 3198 1493 3248; x_wconf 77' lang='lat' dir='ltr'><strong>ost,</strong></span> 
     </span>
     <span class='ocr_line' id='line_1_29' title="bbox 197 3250 1461 3317; baseline 0.002 -16"><span class='ocrx_word' id='word_1_245' title='bbox 197 3255 297 3304; x_wconf 85' lang='lat' dir='ltr'><strong>initium</strong></span> <span class='ocrx_word' id='word_1_246' title='bbox 316 3254 390 3316; x_wconf 87' lang='lat' dir='ltr'><strong>quusi</strong></span> <span class='ocrx_word' id='word_1_247' title='bbox 407 3253 518 3317; x_wconf 90' lang='lat' dir='ltr'><strong>primum</strong></span> <span class='ocrx_word' id='word_1_248' title='bbox 538 3252 709 3314; x_wconf 80' lang='lat' dir='ltr'><strong>Gotlrosredns</strong></span> <span class='ocrx_word' id='word_1_249' title='bbox 725 3268 752 3316; x_wconf 90' lang='lat' dir='ltr'><strong>p.</strong></span> <span class='ocrx_word' id='word_1_250' title='bbox 771 3255 807 3301; x_wconf 87' lang='grc'><strong>93</strong></span> <span class='ocrx_word' id='word_1_251' title='bbox 879 3254 895 3300; x_wconf 93' lang='grc'>2</span> <span class='ocrx_word' id='word_1_252' title='bbox 913 3251 983 3314; x_wconf 87' lang='lat' dir='ltr'><strong>quod</strong></span> <span class='ocrx_word' id='word_1_253' title='bbox 999 3251 1156 3315; x_wconf 82' lang='lat' dir='ltr'><strong>frequentius</strong></span> <span class='ocrx_word' id='word_1_254' title='bbox 1173 3277 1206 3286; x_wconf 91' lang='lat'>—</span> <span class='ocrx_word' id='word_1_255' title='bbox 1224 3250 1338 3301; x_wconf 76' lang='lat' dir='ltr'><strong>habenas</strong></span> <span class='ocrx_word' id='word_1_256' title='bbox 1356 3268 1406 3308; x_wconf 72' lang='lat' dir='ltr'><strong>on.</strong></span> <span class='ocrx_word' id='word_1_257' title='bbox 1419 3254 1461 3304; x_wconf 92' lang='grc' dir='ltr'><strong>ΒΟ</strong></span> 
     </span>
     <span class='ocr_line' id='line_1_30' title="bbox 196 3314 1492 3387; baseline 0.002 -18"><span class='ocrx_word' id='word_1_258' title='bbox 196 3322 338 3386; x_wconf 77' lang='lat' dir='ltr'><strong>accipiesA</strong></span> <span class='ocrx_word' id='word_1_259' title='bbox 391 3314 1052 3383; x_wconf 69' lang='lat' dir='ltr'><strong>3quotiesimomtpersouummatterentemn</strong></span> <span class='ocrx_word' id='word_1_260' title='bbox 1103 3320 1234 3369; x_wconf 74' lang='lat' dir='ltr'><strong>tinicium</strong></span> <span class='ocrx_word' id='word_1_261' title='bbox 1246 3320 1372 3384; x_wconf 77' lang='lat' dir='ltr'><strong>sepinsA</strong></span> <span class='ocrx_word' id='word_1_262' title='bbox 1408 3318 1492 3387; x_wconf 76' lang='lat' dir='ltr'><strong>annu]</strong></span> 
     </span>
     <span class='ocr_line' id='line_1_31' title="bbox 200 3383 1493 3454; baseline 0.001 -17"><span class='ocrx_word' id='word_1_263' title='bbox 200 3390 278 3454; x_wconf 85' lang='lat' dir='ltr'><strong>Verp.</strong></span> <span class='ocrx_word' id='word_1_264' title='bbox 297 3390 362 3438; x_wconf 82' lang='lat' dir='ltr'><strong>Aen.</strong></span> <span class='ocrx_word' id='word_1_265' title='bbox 381 3389 431 3438; x_wconf 89' lang='lat'><strong>11</strong></span> <span class='ocrx_word' id='word_1_266' title='bbox 500 3383 617 3451; x_wconf 77' lang='lat' dir='ltr'><strong>otiosa]</strong></span> <span class='ocrx_word' id='word_1_267' title='bbox 641 3387 718 3451; x_wconf 80' lang='lat' dir='ltr'><strong>Verp.</strong></span> <span class='ocrx_word' id='word_1_268' title='bbox 731 3388 799 3436; x_wconf 82' lang='lat' dir='ltr'><strong>Aen.</strong></span> <span class='ocrx_word' id='word_1_269' title='bbox 818 3387 868 3437; x_wconf 82' lang='grc'><strong>18</strong></span> <span class='ocrx_word' id='word_1_270' title='bbox 919 3398 1042 3449; x_wconf 78' lang='lat' dir='ltr'><strong>quantum</strong></span> <span class='ocrx_word' id='word_1_271' title='bbox 1060 3387 1141 3435; x_wconf 74' lang='lat' dir='ltr'><strong>ouili</strong></span> <span class='ocrx_word' id='word_1_272' title='bbox 1210 3388 1379 3453; x_wconf 78' lang='lat' dir='ltr'><strong>lintreginn</strong></span> <span class='ocrx_word' id='word_1_273' title='bbox 1397 3404 1493 3454; x_wconf 74' lang='lat' dir='ltr'><strong>grann-</strong></span> 
     </span>
     <span class='ocr_line' id='line_1_32' title="bbox 196 3450 1493 3522; baseline 0.001 -17"><span class='ocrx_word' id='word_1_274' title='bbox 196 3472 252 3507; x_wconf 91' lang='lat' dir='ltr'><strong>rum</strong></span> <span class='ocrx_word' id='word_1_275' title='bbox 270 3467 295 3506; x_wconf 89' lang='lat' dir='ltr'><strong>et</strong></span> <span class='ocrx_word' id='word_1_276' title='bbox 312 3457 350 3505; x_wconf 90' lang='lat' dir='ltr'><strong>sio</strong></span> <span class='ocrx_word' id='word_1_277' title='bbox 367 3460 389 3504; x_wconf 83' lang='grc' dir='ltr'>Α</span> <span class='ocrx_word' id='word_1_278' title='bbox 442 3460 476 3504; x_wconf 82' lang='lat' dir='ltr'><strong>At</strong></span> <span class='ocrx_word' id='word_1_279' title='bbox 492 3452 593 3520; x_wconf 83' lang='lat' dir='ltr'><strong>regino]</strong></span> <span class='ocrx_word' id='word_1_280' title='bbox 617 3454 695 3519; x_wconf 80' lang='lat' dir='ltr'><strong>Verp.</strong></span> <span class='ocrx_word' id='word_1_281' title='bbox 714 3456 781 3504; x_wconf 79' lang='lat' dir='ltr'><strong>Aen.</strong></span> <span class='ocrx_word' id='word_1_282' title='bbox 799 3454 845 3504; x_wconf 90' lang='lat' dir='ltr'><strong>IV</strong></span> <span class='ocrx_word' id='word_1_283' title='bbox 863 3456 877 3502; x_wconf 86' lang='lat'><em>1</em></span> <span class='ocrx_word' id='word_1_284' title='bbox 946 3456 961 3503; x_wconf 95' lang='grc'><em>7</em></span> <span class='ocrx_word' id='word_1_285' title='bbox 980 3454 1023 3503; x_wconf 86' lang='lat' dir='ltr'><strong>Sic</strong></span> <span class='ocrx_word' id='word_1_286' title='bbox 1040 3450 1119 3518; x_wconf 83' lang='lat' dir='ltr'><strong>intur]</strong></span> <span class='ocrx_word' id='word_1_287' title='bbox 1143 3454 1221 3519; x_wconf 81' lang='lat' dir='ltr'><strong>Verp,</strong></span> <span class='ocrx_word' id='word_1_288' title='bbox 1234 3454 1302 3509; x_wconf 86' lang='lat' dir='ltr'><strong>Aen.</strong></span> <span class='ocrx_word' id='word_1_289' title='bbox 1324 3454 1369 3504; x_wconf 85' lang='lat' dir='ltr'><strong>VI</strong></span> <span class='ocrx_word' id='word_1_290' title='bbox 1385 3459 1403 3504; x_wconf 88' lang='lat'><em>1</em></span> <span class='ocrx_word' id='word_1_291' title='bbox 1421 3459 1493 3522; x_wconf 87' lang='lat' dir='ltr'><strong>prin·</strong></span> 
     </span>
     <span class='ocr_line' id='line_1_33' title="bbox 195 3522 1491 3590; baseline 0.002 -18"><span class='ocrx_word' id='word_1_292' title='bbox 195 3526 291 3590; x_wconf 89' lang='lat' dir='ltr'><strong>cipium</strong></span> <span class='ocrx_word' id='word_1_293' title='bbox 308 3525 387 3573; x_wconf 87' lang='lat' dir='ltr'><strong>totius</strong></span> <span class='ocrx_word' id='word_1_294' title='bbox 406 3524 505 3588; x_wconf 82' lang='lat' dir='ltr'><strong>operis,</strong></span> <span class='ocrx_word' id='word_1_295' title='bbox 523 3527 697 3583; x_wconf 89' lang='lat' dir='ltr'><strong>cuiuscunque</strong></span> <span class='ocrx_word' id='word_1_296' title='bbox 716 3537 794 3571; x_wconf 91' lang='lat' dir='ltr'><strong>unum</strong></span> <span class='ocrx_word' id='word_1_297' title='bbox 812 3532 864 3583; x_wconf 83' lang='lat' dir='ltr'><strong>est,</strong></span> <span class='ocrx_word' id='word_1_298' title='bbox 883 3524 957 3583; x_wconf 81' lang='lat' dir='ltr'><strong>quasi</strong></span> <span class='ocrx_word' id='word_1_299' title='bbox 975 3523 1085 3587; x_wconf 92' lang='lat' dir='ltr'><strong>primum</strong></span> <span class='ocrx_word' id='word_1_300' title='bbox 1105 3523 1190 3586; x_wconf 86' lang='lat' dir='ltr'><strong>operis</strong></span> <span class='ocrx_word' id='word_1_301' title='bbox 1208 3532 1299 3587; x_wconf 75' lang='lat' dir='ltr'><strong>eaput,</strong></span> <span class='ocrx_word' id='word_1_302' title='bbox 1317 3522 1421 3572; x_wconf 81' lang='lat' dir='ltr'><strong>initium</strong></span> <span class='ocrx_word' id='word_1_303' title='bbox 1440 3535 1491 3579; x_wconf 85' lang='lat' dir='ltr'><strong>est.</strong></span> 
     </span>
     <span class='ocr_line' id='line_1_34' title="bbox 195 3590 1490 3657; baseline -0.001 -16"><span class='ocrx_word' id='word_1_304' title='bbox 195 3592 264 3654; x_wconf 85' lang='lat' dir='ltr'><strong>qnod</strong></span> <span class='ocrx_word' id='word_1_305' title='bbox 285 3591 443 3654; x_wconf 80' lang='lat' dir='ltr'><strong>frequentius</strong></span> <span class='ocrx_word' id='word_1_306' title='bbox 465 3590 630 3657; x_wconf 80' lang='lat' dir='ltr'><strong>intelligimus</strong></span> <span class='ocrx_word' id='word_1_307' title='bbox 649 3601 674 3639; x_wconf 82' lang='lat' dir='ltr'><strong>et</strong></span> <span class='ocrx_word' id='word_1_308' title='bbox 691 3591 765 3639; x_wconf 82' lang='lat' dir='ltr'><strong>toties</strong></span> <span class='ocrx_word' id='word_1_309' title='bbox 788 3590 942 3654; x_wconf 82' lang='lat' dir='ltr'><strong>accipimus,</strong></span> <span class='ocrx_word' id='word_1_310' title='bbox 965 3592 1066 3653; x_wconf 87' lang='lat' dir='ltr'><strong>quoties</strong></span> <span class='ocrx_word' id='word_1_311' title='bbox 1088 3600 1134 3639; x_wconf 82' lang='lat' dir='ltr'><strong>sut</strong></span> <span class='ocrx_word' id='word_1_312' title='bbox 1156 3603 1266 3654; x_wconf 81' lang='lat' dir='ltr'><strong>persone</strong></span> <span class='ocrx_word' id='word_1_313' title='bbox 1283 3599 1399 3639; x_wconf 75' lang='lat' dir='ltr'><strong>mutetur</strong></span> <span class='ocrx_word' id='word_1_314' title='bbox 1416 3594 1490 3654; x_wconf 79' lang='lat' dir='ltr'><strong>qussi</strong></span> 
     </span>
     <span class='ocr_line' id='line_1_35' title="bbox 195 3657 1491 3726; baseline 0.001 -18"><span class='ocrx_word' id='word_1_315' title='bbox 195 3661 267 3708; x_wconf 88' lang='lat' dir='ltr'><strong>intus</strong></span> <span class='ocrx_word' id='word_1_316' title='bbox 285 3661 311 3707; x_wconf 93' lang='lat' dir='ltr'><strong>in</strong></span> <span class='ocrx_word' id='word_1_317' title='bbox 328 3659 433 3707; x_wconf 84' lang='lat' dir='ltr'><strong>nitorem</strong></span> <span class='ocrx_word' id='word_1_318' title='bbox 450 3672 503 3707; x_wconf 87' lang='lat' dir='ltr'><strong>rem</strong></span> <span class='ocrx_word' id='word_1_319' title='bbox 521 3669 546 3707; x_wconf 82' lang='lat' dir='ltr'><strong>et</strong></span> <span class='ocrx_word' id='word_1_320' title='bbox 563 3657 716 3723; x_wconf 88' lang='lat' dir='ltr'><strong>principium</strong></span> <span class='ocrx_word' id='word_1_321' title='bbox 735 3658 858 3706; x_wconf 89' lang='lat' dir='ltr'><strong>semel-</strong></span> <span class='ocrx_word' id='word_1_322' title='bbox 870 3672 961 3706; x_wconf 84' lang='lat' dir='ltr'><strong>cousus</strong></span> <span class='ocrx_word' id='word_1_323' title='bbox 979 3672 1102 3711; x_wconf 77' lang='lat' dir='ltr'><strong>memore,</strong></span> <span class='ocrx_word' id='word_1_324' title='bbox 1130 3657 1297 3706; x_wconf 86' lang='lat' dir='ltr'><strong>Inueniuntur</strong></span> <span class='ocrx_word' id='word_1_325' title='bbox 1313 3667 1402 3708; x_wconf 80' lang='lat' dir='ltr'><strong>temen</strong></span> <span class='ocrx_word' id='word_1_326' title='bbox 1419 3662 1491 3726; x_wconf 89' lang='lat' dir='ltr'><strong>prin·</strong></span> 
     </span>
     <span class='ocr_line' id='line_1_36' title="bbox 195 3724 1489 3791; baseline 0.002 -16"><span class='ocrx_word' id='word_1_327' title='bbox 195 3728 263 3791; x_wconf 87' lang='lat' dir='ltr'><strong>cipio</strong></span> <span class='ocrx_word' id='word_1_328' title='bbox 279 3741 346 3788; x_wconf 79' lang='lat' dir='ltr'><strong>quoe</strong></span> <span class='ocrx_word' id='word_1_329' title='bbox 364 3738 454 3774; x_wconf 81' lang='lat' dir='ltr'><strong>nutura</strong></span> <span class='ocrx_word' id='word_1_330' title='bbox 472 3727 511 3774; x_wconf 86' lang='lat' dir='ltr'><strong>sui</strong></span> <span class='ocrx_word' id='word_1_331' title='bbox 530 3736 616 3774; x_wconf 77' lang='lat' dir='ltr'><strong>carent</strong></span> <span class='ocrx_word' id='word_1_332' title='bbox 633 3735 657 3774; x_wconf 90' lang='lat' dir='ltr'><strong>et</strong></span> <span class='ocrx_word' id='word_1_333' title='bbox 674 3726 760 3790; x_wconf 87' lang='lat' dir='ltr'><strong>specie</strong></span> <span class='ocrx_word' id='word_1_334' title='bbox 777 3726 849 3775; x_wconf 83' lang='lat' dir='ltr'><strong>initio</strong></span> <span class='ocrx_word' id='word_1_335' title='bbox 867 3724 960 3774; x_wconf 83' lang='lat' dir='ltr'><strong>hebent</strong></span> <span class='ocrx_word' id='word_1_336' title='bbox 977 3736 1049 3775; x_wconf 82' lang='lat' dir='ltr'><strong>ut-</strong></span> <span class='ocrx_word' id='word_1_337' title='bbox 1066 3725 1179 3775; x_wconf 81' lang='lat' dir='ltr'><strong>habenas</strong></span> <span class='ocrx_word' id='word_1_338' title='bbox 1199 3724 1373 3788; x_wconf 75' lang='lat' dir='ltr'><strong>Gotltesnedus</strong></span> <span class='ocrx_word' id='word_1_339' title='bbox 1387 3743 1418 3791; x_wconf 88' lang='lat' dir='ltr'><strong>p.</strong></span> <span class='ocrx_word' id='word_1_340' title='bbox 1431 3730 1489 3787; x_wconf 77' lang='grc'><strong>196,</strong></span> 
     </span>
    </p>
   </div>
   <div class='ocr_carea' id='block_1_9' title="bbox 191 3807 1491 4908">
    <p class='ocr_par' dir='ltr' id='par_1_9' title="bbox 191 3807 1491 4908">
     <span class='ocr_line' id='line_1_37' title="bbox 194 3807 1490 3891; baseline 0.002 -15"><span class='ocrx_word' id='word_1_341' title='bbox 194 3827 229 3890; x_wconf 79' lang='lat' dir='ltr'><strong>cs.</strong></span> <span class='ocrx_word' id='word_1_342' title='bbox 249 3826 325 3890; x_wconf 79' lang='lat' dir='ltr'><strong>Reiff.</strong></span> <span class='ocrx_word' id='word_1_343' title='bbox 342 3842 370 3891; x_wconf 87' lang='lat' dir='ltr'><strong>p.</strong></span> <span class='ocrx_word' id='word_1_344' title='bbox 389 3830 440 3876; x_wconf 84' lang='lat'><strong>275</strong></span> <span class='ocrx_word' id='word_1_345' title='bbox 525 3828 541 3876; x_wconf 89' lang='grc'><em>9</em></span> <span class='ocrx_word' id='word_1_346' title='bbox 559 3807 698 3875; x_wconf 73' lang='lat' dir='ltr'><strong>disimilnre</strong></span> <span class='ocrx_word' id='word_1_347' title='bbox 716 3829 739 3875; x_wconf 85' lang='grc' dir='ltr'><strong>Α</strong></span> <span class='ocrx_word' id='word_1_348' title='bbox 791 3826 941 3875; x_wconf 82' lang='lat' dir='ltr'><strong>simulamus</strong></span> <span class='ocrx_word' id='word_1_349' title='bbox 959 3842 1025 3889; x_wconf 85' lang='lat' dir='ltr'><strong>quae</strong></span> <span class='ocrx_word' id='word_1_350' title='bbox 1043 3823 1083 3875; x_wconf 97' lang='grc' dir='ltr'><strong>ΒΟ</strong></span> <span class='ocrx_word' id='word_1_351' title='bbox 1117 3827 1201 3888; x_wconf 67' lang='lat' dir='ltr'><strong>quen</strong></span> <span class='ocrx_word' id='word_1_352' title='bbox 1273 3827 1304 3876; x_wconf 89' lang='grc'><strong>19</strong></span> <span class='ocrx_word' id='word_1_353' title='bbox 1317 3827 1448 3878; x_wconf 76' lang='lat' dir='ltr'><strong>noscimus</strong></span> <span class='ocrx_word' id='word_1_354' title='bbox 1465 3842 1490 3879; x_wconf 84' lang='lat' dir='ltr'><strong>et</strong></span> 
     </span>
     <span class='ocr_line' id='line_1_38' title="bbox 195 3892 1491 3961; baseline 0.002 -18"><span class='ocrx_word' id='word_1_355' title='bbox 195 3909 319 3959; x_wconf 80' lang='lat' dir='ltr'><strong>negemus</strong></span> <span class='ocrx_word' id='word_1_356' title='bbox 332 3908 380 3943; x_wconf 90' lang='lat' dir='ltr'><strong>nos</strong></span> <span class='ocrx_word' id='word_1_357' title='bbox 393 3895 470 3954; x_wconf 85' lang='lat' dir='ltr'><strong>scire,</strong></span> <span class='ocrx_word' id='word_1_358' title='bbox 489 3892 683 3942; x_wconf 82' lang='lat' dir='ltr'><strong>dissimulamus</strong></span> <span class='ocrx_word' id='word_1_359' title='bbox 696 3907 761 3956; x_wconf 83' lang='lat' dir='ltr'><strong>quoe</strong></span> <span class='ocrx_word' id='word_1_360' title='bbox 773 3895 869 3942; x_wconf 90' lang='lat' dir='ltr'><strong>seimus</strong></span> <span class='ocrx_word' id='word_1_361' title='bbox 883 3892 922 3942; x_wconf 90' lang='grc' dir='ltr'><strong>ΒΟ</strong></span> <span class='ocrx_word' id='word_1_362' title='bbox 940 3901 966 3942; x_wconf 86' lang='lat' dir='ltr'><strong>ct</strong></span> <span class='ocrx_word' id='word_1_363' title='bbox 979 3894 1150 3956; x_wconf 75' lang='lat' dir='ltr'><strong>Gothosrcdus</strong></span> <span class='ocrx_word' id='word_1_364' title='bbox 1166 3910 1194 3958; x_wconf 85' lang='lat' dir='ltr'><strong>p.</strong></span> <span class='ocrx_word' id='word_1_365' title='bbox 1203 3896 1249 3958; x_wconf 84' lang='lat'><strong>93,</strong></span> <span class='ocrx_word' id='word_1_366' title='bbox 1266 3894 1302 3957; x_wconf 70' lang='lat' dir='ltr'><strong>cf.</strong></span> <span class='ocrx_word' id='word_1_367' title='bbox 1312 3895 1392 3960; x_wconf 76' lang='lat' dir='ltr'><strong>lieiff.</strong></span> <span class='ocrx_word' id='word_1_368' title='bbox 1399 3914 1430 3961; x_wconf 78' lang='lat' dir='ltr'><strong>p.</strong></span> <span class='ocrx_word' id='word_1_369' title='bbox 1439 3900 1491 3947; x_wconf 85' lang='grc'><strong>299</strong></span> 
     </span>
     <span class='ocr_line' id='line_1_39' title="bbox 196 3960 1489 4027; baseline -0.001 -14"><span class='ocrx_word' id='word_1_370' title='bbox 196 3965 225 4013; x_wconf 92' lang='grc'><strong>11</strong></span> <span class='ocrx_word' id='word_1_371' title='bbox 245 3961 365 4027; x_wconf 87' lang='lat' dir='ltr'><strong>pollicere</strong></span> <span class='ocrx_word' id='word_1_372' title='bbox 382 3963 407 4010; x_wconf 77' lang='lat' dir='ltr'><strong>A</strong></span> <span class='ocrx_word' id='word_1_373' title='bbox 423 3960 583 4026; x_wconf 71' lang='lat' dir='ltr'><strong>puniremus,</strong></span> <span class='ocrx_word' id='word_1_374' title='bbox 602 3978 671 4011; x_wconf 86' lang='lat' dir='ltr'><strong>corr.</strong></span> <span class='ocrx_word' id='word_1_375' title='bbox 689 3976 760 4010; x_wconf 91' lang='lat' dir='ltr'><strong>-mur</strong></span> <span class='ocrx_word' id='word_1_376' title='bbox 777 3964 800 4009; x_wconf 76' lang='grc' dir='ltr'><strong>Α</strong></span> <span class='ocrx_word' id='word_1_377' title='bbox 851 3961 921 4022; x_wconf 86' lang='lat' dir='ltr'><strong>quod</strong></span> <span class='ocrx_word' id='word_1_378' title='bbox 943 3963 1116 4026; x_wconf 80' lang='lat' dir='ltr'><strong>promittimus</strong></span> <span class='ocrx_word' id='word_1_379' title='bbox 1134 3962 1237 4027; x_wconf 78' lang='lat' dir='ltr'><strong>roganti</strong></span> <span class='ocrx_word' id='word_1_380' title='bbox 1254 3961 1406 4026; x_wconf 84' lang='lat' dir='ltr'><strong>pollicemur</strong></span> <span class='ocrx_word' id='word_1_381' title='bbox 1423 3966 1489 4013; x_wconf 86' lang='lat' dir='ltr'><strong>ultro</strong></span> 
     </span>
     <span class='ocr_line' id='line_1_40' title="bbox 194 4028 1489 4095; baseline 0.002 -15"><span class='ocrx_word' id='word_1_382' title='bbox 194 4031 214 4080; x_wconf 93' lang='lat' dir='ltr'>B</span> <span class='ocrx_word' id='word_1_383' title='bbox 266 4029 438 4095; x_wconf 85' lang='lat' dir='ltr'><strong>promittimus</strong></span> <span class='ocrx_word' id='word_1_384' title='bbox 457 4029 540 4094; x_wconf 81' lang='lat' dir='ltr'><strong>rogati</strong></span> <span class='ocrx_word' id='word_1_385' title='bbox 559 4028 708 4094; x_wconf 82' lang='lat' dir='ltr'><strong>pollicemur</strong></span> <span class='ocrx_word' id='word_1_386' title='bbox 727 4028 826 4077; x_wconf 83' lang='lat' dir='ltr'><strong>rrltroC</strong></span> <span class='ocrx_word' id='word_1_387' title='bbox 846 4030 1018 4092; x_wconf 78' lang='lat' dir='ltr'><strong>Gotlrofredes</strong></span> <span class='ocrx_word' id='word_1_388' title='bbox 1034 4046 1060 4094; x_wconf 87' lang='lat' dir='ltr'><strong>p.</strong></span> <span class='ocrx_word' id='word_1_389' title='bbox 1079 4032 1120 4091; x_wconf 84' lang='lat'><strong>79,</strong></span> <span class='ocrx_word' id='word_1_390' title='bbox 1139 4031 1174 4092; x_wconf 81' lang='lat' dir='ltr'><strong>cs.</strong></span> <span class='ocrx_word' id='word_1_391' title='bbox 1192 4029 1270 4093; x_wconf 80' lang='lat' dir='ltr'><strong>lleiff.</strong></span> <span class='ocrx_word' id='word_1_392' title='bbox 1287 4045 1315 4093; x_wconf 90' lang='lat' dir='ltr'><strong>p.</strong></span> <span class='ocrx_word' id='word_1_393' title='bbox 1334 4032 1387 4080; x_wconf 78' lang='lat'><strong>280</strong></span> <span class='ocrx_word' id='word_1_394' title='bbox 1457 4033 1489 4082; x_wconf 80' lang='lat'><strong>13</strong></span> 
     </span>
     <span class='ocr_line' id='line_1_41' title="bbox 194 4095 1489 4161; baseline 0 -13"><span class='ocrx_word' id='word_1_395' title='bbox 194 4097 264 4161; x_wconf 76' lang='lat' dir='ltr'><strong>quoel</strong></span> <span class='ocrx_word' id='word_1_396' title='bbox 276 4113 323 4153; x_wconf 81' lang='lat' dir='ltr'><strong>om.</strong></span> <span class='ocrx_word' id='word_1_397' title='bbox 334 4096 374 4146; x_wconf 93' lang='grc' dir='ltr'><strong>ΒΟ</strong></span> <span class='ocrx_word' id='word_1_398' title='bbox 392 4096 488 4145; x_wconf 91' lang='lat' dir='ltr'><strong>nullum</strong></span> <span class='ocrx_word' id='word_1_399' title='bbox 500 4099 575 4159; x_wconf 89' lang='lat' dir='ltr'><strong>qunsi</strong></span> <span class='ocrx_word' id='word_1_400' title='bbox 592 4097 623 4146; x_wconf 82' lang='lat' dir='ltr'><strong>ad</strong></span> <span class='ocrx_word' id='word_1_401' title='bbox 637 4097 762 4145; x_wconf 85' lang='lat' dir='ltr'><strong>neminem</strong></span> <span class='ocrx_word' id='word_1_402' title='bbox 775 4097 860 4145; x_wconf 89' lang='lat' dir='ltr'><strong>relerri</strong></span> <span class='ocrx_word' id='word_1_403' title='bbox 872 4096 1000 4146; x_wconf 84' lang='lat' dir='ltr'><strong>lrominem</strong></span> <span class='ocrx_word' id='word_1_404' title='bbox 1018 4111 1091 4145; x_wconf 87' lang='lat' dir='ltr'><strong>uerno</strong></span> <span class='ocrx_word' id='word_1_405' title='bbox 1109 4098 1184 4158; x_wconf 84' lang='lat' dir='ltr'><strong>quusi</strong></span> <span class='ocrx_word' id='word_1_406' title='bbox 1196 4110 1242 4145; x_wconf 89' lang='lat' dir='ltr'><strong>nce</strong></span> <span class='ocrx_word' id='word_1_407' title='bbox 1254 4095 1332 4147; x_wconf 89' lang='lat' dir='ltr'><strong>homo</strong></span> <span class='ocrx_word' id='word_1_408' title='bbox 1344 4096 1387 4147; x_wconf 93' lang='grc' dir='ltr'><strong>ΒΟ</strong></span> <span class='ocrx_word' id='word_1_409' title='bbox 1405 4098 1489 4148; x_wconf 86' lang='lat' dir='ltr'><strong>nullus</strong></span> 
     </span>
     <span class='ocr_line' id='line_1_42' title="bbox 194 4163 1489 4231; baseline 0.001 -16"><span class='ocrx_word' id='word_1_410' title='bbox 194 4175 280 4231; x_wconf 84' lang='lat' dir='ltr'><strong>potest</strong></span> <span class='ocrx_word' id='word_1_411' title='bbox 288 4164 376 4214; x_wconf 80' lang='lat' dir='ltr'><strong>referri</strong></span> <span class='ocrx_word' id='word_1_412' title='bbox 388 4192 418 4200; x_wconf 89' lang='lat'>—</span> <span class='ocrx_word' id='word_1_413' title='bbox 429 4179 475 4213; x_wconf 85' lang='lat' dir='ltr'><strong>nce</strong></span> <span class='ocrx_word' id='word_1_414' title='bbox 483 4164 560 4215; x_wconf 90' lang='lat' dir='ltr'><strong>homo</strong></span> <span class='ocrx_word' id='word_1_415' title='bbox 572 4165 744 4226; x_wconf 76' lang='lat' dir='ltr'><strong>Gotlrosredus</strong></span> <span class='ocrx_word' id='word_1_416' title='bbox 750 4182 779 4228; x_wconf 89' lang='lat' dir='ltr'><strong>p.</strong></span> <span class='ocrx_word' id='word_1_417' title='bbox 790 4166 831 4225; x_wconf 89' lang='grc'><strong>79,</strong></span> <span class='ocrx_word' id='word_1_418' title='bbox 842 4166 875 4227; x_wconf 78' lang='lat' dir='ltr'><strong>cf.</strong></span> <span class='ocrx_word' id='word_1_419' title='bbox 886 4165 960 4228; x_wconf 81' lang='lat' dir='ltr'><strong>lleiff.</strong></span> <span class='ocrx_word' id='word_1_420' title='bbox 972 4181 998 4229; x_wconf 86' lang='lat' dir='ltr'><strong>p.</strong></span> <span class='ocrx_word' id='word_1_421' title='bbox 1009 4167 1058 4215; x_wconf 83' lang='grc'><strong>281</strong></span> <span class='ocrx_word' id='word_1_422' title='bbox 1093 4167 1125 4214; x_wconf 83' lang='lat'><strong>15</strong></span> <span class='ocrx_word' id='word_1_423' title='bbox 1135 4166 1201 4213; x_wconf 86' lang='lat' dir='ltr'><strong>intro</strong></span> <span class='ocrx_word' id='word_1_424' title='bbox 1211 4177 1241 4213; x_wconf 86' lang='lat' dir='ltr'><strong>eo</strong></span> <span class='ocrx_word' id='word_1_425' title='bbox 1250 4165 1319 4214; x_wconf 88' lang='lat' dir='ltr'><strong>intus</strong></span> <span class='ocrx_word' id='word_1_426' title='bbox 1329 4163 1371 4229; x_wconf 91' lang='lat' dir='ltr'><strong>(in</strong></span> <span class='ocrx_word' id='word_1_427' title='bbox 1380 4164 1489 4229; x_wconf 80' lang='lat' dir='ltr'><strong>intnsG)</strong></span> 
     </span>
     <span class='ocr_line' id='line_1_43' title="bbox 193 4231 1490 4297; baseline 0.001 -15"><span class='ocrx_word' id='word_1_428' title='bbox 193 4249 251 4282; x_wconf 86' lang='lat' dir='ltr'><strong>sum</strong></span> <span class='ocrx_word' id='word_1_429' title='bbox 261 4235 329 4282; x_wconf 87' lang='lat' dir='ltr'><strong>intus</strong></span> <span class='ocrx_word' id='word_1_430' title='bbox 339 4234 413 4283; x_wconf 91' lang='lat' dir='ltr'><strong>uenio</strong></span> <span class='ocrx_word' id='word_1_431' title='bbox 422 4232 491 4282; x_wconf 82' lang='lat' dir='ltr'><strong>loros</strong></span> <span class='ocrx_word' id='word_1_432' title='bbox 502 4233 576 4282; x_wconf 90' lang='lat' dir='ltr'><strong>uenio</strong></span> <span class='ocrx_word' id='word_1_433' title='bbox 586 4231 628 4294; x_wconf 87' lang='lat' dir='ltr'><strong>(eo</strong></span> <span class='ocrx_word' id='word_1_434' title='bbox 639 4231 678 4295; x_wconf 80' lang='lat' dir='ltr'><strong>C),</strong></span> <span class='ocrx_word' id='word_1_435' title='bbox 691 4235 784 4282; x_wconf 82' lang='lat' dir='ltr'><strong>ceteris</strong></span> <span class='ocrx_word' id='word_1_436' title='bbox 792 4234 891 4281; x_wconf 83' lang='lat' dir='ltr'><strong>omissis</strong></span> <span class='ocrx_word' id='word_1_437' title='bbox 899 4231 940 4280; x_wconf 91' lang='grc' dir='ltr'><strong>ΒΟ</strong></span> <span class='ocrx_word' id='word_1_438' title='bbox 957 4233 1023 4281; x_wconf 85' lang='lat' dir='ltr'><strong>luter</strong></span> <span class='ocrx_word' id='word_1_439' title='bbox 1035 4234 1104 4282; x_wconf 87' lang='lat' dir='ltr'><strong>intus</strong></span> <span class='ocrx_word' id='word_1_440' title='bbox 1117 4244 1141 4280; x_wconf 85' lang='lat' dir='ltr'><strong>et</strong></span> <span class='ocrx_word' id='word_1_441' title='bbox 1152 4233 1218 4281; x_wconf 82' lang='lat' dir='ltr'><strong>iutro</strong></span> <span class='ocrx_word' id='word_1_442' title='bbox 1230 4231 1278 4281; x_wconf 87' lang='lat' dir='ltr'><strong>hoo</strong></span> <span class='ocrx_word' id='word_1_443' title='bbox 1290 4232 1406 4297; x_wconf 80' lang='lat' dir='ltr'><strong>interest,</strong></span> <span class='ocrx_word' id='word_1_444' title='bbox 1418 4236 1490 4296; x_wconf 87' lang='lat' dir='ltr'><strong>qnod</strong></span> 
     </span>
     <span class='ocr_line' id='line_1_44' title="bbox 193 4300 1489 4366; baseline 0.001 -16"><span class='ocrx_word' id='word_1_445' title='bbox 193 4303 259 4350; x_wconf 86' lang='lat' dir='ltr'><strong>intro</strong></span> <span class='ocrx_word' id='word_1_446' title='bbox 278 4316 308 4350; x_wconf 88' lang='lat' dir='ltr'><strong>eo</strong></span> <span class='ocrx_word' id='word_1_447' title='bbox 327 4302 395 4349; x_wconf 85' lang='lat' dir='ltr'><strong>intus</strong></span> <span class='ocrx_word' id='word_1_448' title='bbox 413 4315 470 4349; x_wconf 84' lang='lat' dir='ltr'><strong>sum</strong></span> <span class='ocrx_word' id='word_1_449' title='bbox 489 4301 557 4350; x_wconf 89' lang='lat' dir='ltr'><strong>intus</strong></span> <span class='ocrx_word' id='word_1_450' title='bbox 576 4301 651 4349; x_wconf 91' lang='lat' dir='ltr'><strong>uenio</strong></span> <span class='ocrx_word' id='word_1_451' title='bbox 671 4300 740 4349; x_wconf 86' lang='lat' dir='ltr'><strong>loros</strong></span> <span class='ocrx_word' id='word_1_452' title='bbox 759 4315 788 4349; x_wconf 88' lang='lat' dir='ltr'><strong>eo</strong></span> <span class='ocrx_word' id='word_1_453' title='bbox 803 4300 974 4361; x_wconf 78' lang='lat' dir='ltr'><strong>Gotlrofredus</strong></span> <span class='ocrx_word' id='word_1_454' title='bbox 984 4317 1011 4364; x_wconf 86' lang='lat' dir='ltr'><strong>p.</strong></span> <span class='ocrx_word' id='word_1_455' title='bbox 1026 4302 1057 4349; x_wconf 86' lang='grc'><strong>79</strong></span> <span class='ocrx_word' id='word_1_456' title='bbox 1127 4302 1158 4349; x_wconf 87' lang='grc'><strong>17</strong></span> <span class='ocrx_word' id='word_1_457' title='bbox 1176 4301 1302 4366; x_wconf 76' lang='lat' dir='ltr'><strong>procincte</strong></span> <span class='ocrx_word' id='word_1_458' title='bbox 1318 4304 1342 4350; x_wconf 80' lang='grc' dir='ltr'>Α</span> <span class='ocrx_word' id='word_1_459' title='bbox 1360 4301 1489 4366; x_wconf 83' lang='lat' dir='ltr'><strong>producto</strong></span> 
     </span>
     <span class='ocr_line' id='line_1_45' title="bbox 193 4365 1489 4439; baseline 0.001 -22"><span class='ocrx_word' id='word_1_460' title='bbox 193 4369 214 4417; x_wconf 90' lang='grc' dir='ltr'><strong>Β</strong></span> <span class='ocrx_word' id='word_1_461' title='bbox 260 4380 376 4433; x_wconf 84' lang='lat' dir='ltr'><strong>correpto</strong></span> <span class='ocrx_word' id='word_1_462' title='bbox 393 4365 437 4415; x_wconf 85' lang='grc' dir='ltr'><strong>ΑΟ</strong></span> <span class='ocrx_word' id='word_1_463' title='bbox 454 4368 607 4432; x_wconf 87' lang='lat' dir='ltr'><strong>correptnB</strong></span> <span class='ocrx_word' id='word_1_464' title='bbox 642 4368 710 4428; x_wconf 83' lang='lat' dir='ltr'><strong>quud</strong></span> <span class='ocrx_word' id='word_1_465' title='bbox 728 4379 789 4417; x_wconf 88' lang='lat' dir='ltr'><strong>sum</strong></span> <span class='ocrx_word' id='word_1_466' title='bbox 806 4380 873 4416; x_wconf 85' lang='lat' dir='ltr'><strong>cerm</strong></span> <span class='ocrx_word' id='word_1_467' title='bbox 891 4367 970 4415; x_wconf 79' lang='lat' dir='ltr'><strong>lustru</strong></span> <span class='ocrx_word' id='word_1_468' title='bbox 989 4379 1104 4439; x_wconf 78' lang='lat' dir='ltr'><strong>tempora</strong></span> <span class='ocrx_word' id='word_1_469' title='bbox 1120 4372 1143 4416; x_wconf 78' lang='lat' dir='ltr'>A</span> <span class='ocrx_word' id='word_1_470' title='bbox 1161 4367 1231 4429; x_wconf 91' lang='lat' dir='ltr'><strong>quod</strong></span> <span class='ocrx_word' id='word_1_471' title='bbox 1247 4366 1330 4416; x_wconf 80' lang='lat' dir='ltr'><strong>lustru</strong></span> <span class='ocrx_word' id='word_1_472' title='bbox 1346 4380 1410 4418; x_wconf 80' lang='lat' dir='ltr'><strong>sunt</strong></span> <span class='ocrx_word' id='word_1_473' title='bbox 1425 4379 1489 4418; x_wconf 83' lang='lat' dir='ltr'><strong>tem·</strong></span> 
     </span>
     <span class='ocr_line' id='line_1_46' title="bbox 192 4430 1489 4501; baseline 0.002 -16"><span class='ocrx_word' id='word_1_474' title='bbox 192 4451 256 4501; x_wconf 85' lang='lat' dir='ltr'><strong>poro</strong></span> <span class='ocrx_word' id='word_1_475' title='bbox 274 4446 344 4485; x_wconf 85' lang='lat' dir='ltr'><strong>certe</strong></span> <span class='ocrx_word' id='word_1_476' title='bbox 357 4430 398 4485; x_wconf 88' lang='grc' dir='ltr'><strong>ΒΟ</strong></span> <span class='ocrx_word' id='word_1_477' title='bbox 451 4437 482 4484; x_wconf 90' lang='grc'><strong>18</strong></span> <span class='ocrx_word' id='word_1_478' title='bbox 500 4435 724 4484; x_wconf 81' lang='lat' dir='ltr'><strong>lotibnlalerornm</strong></span> <span class='ocrx_word' id='word_1_479' title='bbox 739 4433 778 4484; x_wconf 81' lang='grc' dir='ltr'><strong>ΒΟ</strong></span> <span class='ocrx_word' id='word_1_480' title='bbox 810 4436 896 4499; x_wconf 82' lang='lat' dir='ltr'><strong>turpia</strong></span> <span class='ocrx_word' id='word_1_481' title='bbox 911 4434 951 4483; x_wconf 93' lang='grc' dir='ltr'><strong>ΒΟ</strong></span> <span class='ocrx_word' id='word_1_482' title='bbox 968 4435 1036 4484; x_wconf 86' lang='lat' dir='ltr'><strong>luter</strong></span> <span class='ocrx_word' id='word_1_483' title='bbox 1051 4436 1132 4485; x_wconf 83' lang='lat' dir='ltr'><strong>lustru</strong></span> <span class='ocrx_word' id='word_1_484' title='bbox 1169 4435 1273 4490; x_wconf 85' lang='lat' dir='ltr'><strong>roduete</strong></span> <span class='ocrx_word' id='word_1_485' title='bbox 1289 4445 1315 4485; x_wconf 85' lang='lat' dir='ltr'><strong>et</strong></span> <span class='ocrx_word' id='word_1_486' title='bbox 1331 4434 1415 4486; x_wconf 81' lang='lat' dir='ltr'><strong>lustru</strong></span> <span class='ocrx_word' id='word_1_487' title='bbox 1431 4450 1489 4487; x_wconf 87' lang='lat' dir='ltr'><strong>cor·</strong></span> 
     </span>
     <span class='ocr_line' id='line_1_47' title="bbox 192 4450 1489 4570; baseline 0.002 -18"><span class='ocrx_word' id='word_1_488' title='bbox 192 4516 263 4568; x_wconf 87' lang='lat' dir='ltr'><strong>repre</strong></span> <span class='ocrx_word' id='word_1_489' title='bbox 281 4503 329 4552; x_wconf 85' lang='lat' dir='ltr'><strong>lroc</strong></span> <span class='ocrx_word' id='word_1_490' title='bbox 346 4504 451 4551; x_wconf 82' lang='lat' dir='ltr'><strong>interest</strong></span> <span class='ocrx_word' id='word_1_491' title='bbox 467 4504 537 4563; x_wconf 86' lang='lat' dir='ltr'><strong>quod</strong></span> <span class='ocrx_word' id='word_1_492' title='bbox 554 4502 634 4552; x_wconf 86' lang='lat' dir='ltr'><strong>lustra</strong></span> <span class='ocrx_word' id='word_1_493' title='bbox 651 4515 712 4552; x_wconf 85' lang='lat' dir='ltr'><strong>sunt</strong></span> <span class='ocrx_word' id='word_1_494' title='bbox 728 4515 795 4551; x_wconf 73' lang='lat' dir='ltr'><strong>ceron</strong></span> <span class='ocrx_word' id='word_1_495' title='bbox 818 4514 945 4566; x_wconf 82' lang='lat' dir='ltr'><strong>tempora,</strong></span> <span class='ocrx_word' id='word_1_496' title='bbox 970 4502 1049 4552; x_wconf 87' lang='lat' dir='ltr'><strong>lustro</strong></span> <span class='ocrx_word' id='word_1_497' title='bbox 1071 4450 1175 4552; x_wconf 62' lang='lat' dir='ltr'><strong>latibulo</strong></span> <span class='ocrx_word' id='word_1_498' title='bbox 1192 4502 1302 4552; x_wconf 85' lang='lat' dir='ltr'><strong>lemrum</strong></span> <span class='ocrx_word' id='word_1_499' title='bbox 1319 4528 1353 4538; x_wconf 93' lang='lat'>—</span> <span class='ocrx_word' id='word_1_500' title='bbox 1370 4516 1489 4570; x_wconf 79' lang='lat' dir='ltr'><strong>recepto-</strong></span> 
     </span>
     <span class='ocr_line' id='line_1_48' title="bbox 192 4569 1490 4635; baseline 0.005 -17"><span class='ocrx_word' id='word_1_501' title='bbox 192 4573 249 4619; x_wconf 82' lang='lat' dir='ltr'><strong>culo</strong></span> <span class='ocrx_word' id='word_1_502' title='bbox 269 4570 440 4633; x_wconf 74' lang='lat' dir='ltr'><strong>Gotlofredus</strong></span> <span class='ocrx_word' id='word_1_503' title='bbox 455 4585 483 4633; x_wconf 85' lang='lat' dir='ltr'><strong>p.</strong></span> <span class='ocrx_word' id='word_1_504' title='bbox 502 4573 543 4630; x_wconf 82' lang='grc'><strong>79,</strong></span> <span class='ocrx_word' id='word_1_505' title='bbox 560 4571 593 4631; x_wconf 84' lang='lat' dir='ltr'><strong>cf.</strong></span> <span class='ocrx_word' id='word_1_506' title='bbox 606 4571 683 4635; x_wconf 76' lang='lat' dir='ltr'><strong>Ileiff.</strong></span> <span class='ocrx_word' id='word_1_507' title='bbox 696 4588 722 4633; x_wconf 86' lang='lat' dir='ltr'><strong>p.</strong></span> <span class='ocrx_word' id='word_1_508' title='bbox 736 4574 786 4619; x_wconf 83' lang='lat'><strong>277</strong></span> <span class='ocrx_word' id='word_1_509' title='bbox 804 4571 885 4635; x_wconf 74' lang='lat' dir='ltr'><strong>itique</strong></span> <span class='ocrx_word' id='word_1_510' title='bbox 899 4570 1027 4620; x_wconf 76' lang='lat' dir='ltr'><strong>Heredium</strong></span> <span class='ocrx_word' id='word_1_511' title='bbox 1038 4570 1139 4635; x_wconf 83' lang='lat' dir='ltr'><strong>(propr.</strong></span> <span class='ocrx_word' id='word_1_512' title='bbox 1151 4571 1208 4620; x_wconf 84' lang='lat' dir='ltr'><strong>lcu.</strong></span> <span class='ocrx_word' id='word_1_513' title='bbox 1223 4572 1291 4621; x_wconf 70' lang='lat'><strong>1848</strong></span> <span class='ocrx_word' id='word_1_514' title='bbox 1300 4587 1329 4635; x_wconf 90' lang='lat' dir='ltr'><strong>p.</strong></span> <span class='ocrx_word' id='word_1_515' title='bbox 1342 4569 1383 4635; x_wconf 86' lang='lat'><strong>8).</strong></span> <span class='ocrx_word' id='word_1_516' title='bbox 1455 4575 1490 4624; x_wconf 74' lang='grc'><strong>29</strong></span> 
     </span>
     <span class='ocr_line' id='line_1_49' title="bbox 192 4637 1489 4705; baseline 0.002 -18"><span class='ocrx_word' id='word_1_517' title='bbox 192 4638 324 4687; x_wconf 85' lang='lat' dir='ltr'><strong>seruitium</strong></span> <span class='ocrx_word' id='word_1_518' title='bbox 342 4651 504 4686; x_wconf 89' lang='lat' dir='ltr'><strong>numerorum</strong></span> <span class='ocrx_word' id='word_1_519' title='bbox 523 4639 546 4684; x_wconf 85' lang='lat' dir='ltr'>A</span> <span class='ocrx_word' id='word_1_520' title='bbox 580 4637 839 4688; x_wconf 84' lang='lat' dir='ltr'><strong>idestmultitndinem</strong></span> <span class='ocrx_word' id='word_1_521' title='bbox 849 4653 896 4687; x_wconf 89' lang='lat' dir='ltr'><strong>om.</strong></span> <span class='ocrx_word' id='word_1_522' title='bbox 907 4637 946 4686; x_wconf 90' lang='grc' dir='ltr'><strong>ΒΟ</strong></span> <span class='ocrx_word' id='word_1_523' title='bbox 958 4646 984 4686; x_wconf 86' lang='lat' dir='ltr'><strong>et</strong></span> <span class='ocrx_word' id='word_1_524' title='bbox 993 4639 1164 4701; x_wconf 78' lang='lat' dir='ltr'><strong>Gotltosredus</strong></span> <span class='ocrx_word' id='word_1_525' title='bbox 1173 4655 1201 4704; x_wconf 85' lang='lat' dir='ltr'><strong>p.</strong></span> <span class='ocrx_word' id='word_1_526' title='bbox 1211 4640 1252 4701; x_wconf 87' lang='grc'><strong>79,</strong></span> <span class='ocrx_word' id='word_1_527' title='bbox 1265 4638 1300 4701; x_wconf 74' lang='lat' dir='ltr'><strong>cf.</strong></span> <span class='ocrx_word' id='word_1_528' title='bbox 1311 4639 1388 4704; x_wconf 76' lang='lat' dir='ltr'><strong>lieiff.</strong></span> <span class='ocrx_word' id='word_1_529' title='bbox 1398 4658 1427 4705; x_wconf 85' lang='lat' dir='ltr'><strong>p.</strong></span> <span class='ocrx_word' id='word_1_530' title='bbox 1437 4644 1489 4689; x_wconf 86' lang='grc'><strong>299</strong></span> 
     </span>
     <span class='ocr_line' id='line_1_50' title="bbox 191 4703 1488 4772; baseline 0.004 -19"><span class='ocrx_word' id='word_1_531' title='bbox 191 4707 223 4754; x_wconf 89' lang='grc'><strong>21</strong></span> <span class='ocrx_word' id='word_1_532' title='bbox 235 4720 285 4754; x_wconf 90' lang='lat' dir='ltr'><strong>non</strong></span> <span class='ocrx_word' id='word_1_533' title='bbox 296 4706 346 4754; x_wconf 89' lang='lat' dir='ltr'><strong>nisi</strong></span> <span class='ocrx_word' id='word_1_534' title='bbox 355 4704 425 4766; x_wconf 89' lang='lat' dir='ltr'><strong>quod</strong></span> <span class='ocrx_word' id='word_1_535' title='bbox 434 4717 512 4752; x_wconf 90' lang='lat' dir='ltr'><strong>mnnu</strong></span> <span class='ocrx_word' id='word_1_536' title='bbox 521 4703 561 4753; x_wconf 91' lang='grc' dir='ltr'><strong>ΒΟ</strong></span> <span class='ocrx_word' id='word_1_537' title='bbox 612 4707 645 4754; x_wconf 91' lang='grc'><strong>22</strong></span> <span class='ocrx_word' id='word_1_538' title='bbox 654 4706 760 4771; x_wconf 84' lang='lat' dir='ltr'><strong>intelligi</strong></span> <span class='ocrx_word' id='word_1_539' title='bbox 772 4705 790 4753; x_wconf 90' lang='grc' dir='ltr'><strong>Β</strong></span> <span class='ocrx_word' id='word_1_540' title='bbox 809 4706 930 4754; x_wconf 83' lang='lat' dir='ltr'><strong>terminus</strong></span> <span class='ocrx_word' id='word_1_541' title='bbox 940 4720 991 4753; x_wconf 92' lang='lat' dir='ltr'><strong>non</strong></span> <span class='ocrx_word' id='word_1_542' title='bbox 1001 4708 1142 4756; x_wconf 85' lang='lat' dir='ltr'><strong>oinemonu</strong></span> <span class='ocrx_word' id='word_1_543' title='bbox 1152 4708 1296 4772; x_wconf 83' lang='lat' dir='ltr'><strong>ponitur-</strong></span> <span class='ocrx_word' id='word_1_544' title='bbox 1307 4707 1347 4755; x_wconf 87' lang='lat' dir='ltr'><strong>uel</strong></span> <span class='ocrx_word' id='word_1_545' title='bbox 1360 4709 1488 4771; x_wconf 84' lang='lat' dir='ltr'><strong>cuiusque</strong></span> 
     </span>
     <span class='ocr_line' id='line_1_51' title="bbox 192 4771 1488 4841; baseline 0.005 -22"><span class='ocrx_word' id='word_1_546' title='bbox 192 4775 227 4820; x_wconf 85' lang='lat' dir='ltr'><strong>rei</strong></span> <span class='ocrx_word' id='word_1_547' title='bbox 245 4772 349 4823; x_wconf 86' lang='lat' dir='ltr'><strong>ulterius</strong></span> <span class='ocrx_word' id='word_1_548' title='bbox 367 4771 474 4836; x_wconf 82' lang='lat' dir='ltr'><strong>intelligi</strong></span> <span class='ocrx_word' id='word_1_549' title='bbox 493 4781 578 4837; x_wconf 87' lang='lat' dir='ltr'><strong>potest</strong></span> <span class='ocrx_word' id='word_1_550' title='bbox 597 4774 767 4835; x_wconf 75' lang='lat' dir='ltr'><strong>Gotlrofrerius</strong></span> <span class='ocrx_word' id='word_1_551' title='bbox 783 4791 811 4837; x_wconf 91' lang='lat' dir='ltr'><strong>p.</strong></span> <span class='ocrx_word' id='word_1_552' title='bbox 831 4778 875 4836; x_wconf 88' lang='grc'><strong>79,</strong></span> <span class='ocrx_word' id='word_1_553' title='bbox 894 4775 928 4835; x_wconf 79' lang='lat' dir='ltr'><strong>cf.</strong></span> <span class='ocrx_word' id='word_1_554' title='bbox 949 4774 1024 4838; x_wconf 75' lang='lat' dir='ltr'><strong>lleiff.</strong></span> <span class='ocrx_word' id='word_1_555' title='bbox 1042 4792 1069 4838; x_wconf 84' lang='lat' dir='ltr'><strong>p.</strong></span> <span class='ocrx_word' id='word_1_556' title='bbox 1088 4777 1139 4823; x_wconf 89' lang='grc'><strong>292</strong></span> <span class='ocrx_word' id='word_1_557' title='bbox 1218 4777 1252 4825; x_wconf 82' lang='grc'><strong>23</strong></span> <span class='ocrx_word' id='word_1_558' title='bbox 1269 4774 1339 4836; x_wconf 85' lang='lat' dir='ltr'><strong>quod</strong></span> <span class='ocrx_word' id='word_1_559' title='bbox 1357 4790 1437 4841; x_wconf 75' lang='lat' dir='ltr'><strong>asper</strong></span> <span class='ocrx_word' id='word_1_560' title='bbox 1452 4776 1488 4826; x_wconf 76' lang='lat' dir='ltr'><strong>od</strong></span> 
     </span>
     <span class='ocr_line' id='line_1_52' title="bbox 193 4838 1488 4908; baseline 0.002 -20"><span class='ocrx_word' id='word_1_561' title='bbox 193 4849 293 4904; x_wconf 86' lang='lat' dir='ltr'><strong>tempus</strong></span> <span class='ocrx_word' id='word_1_562' title='bbox 311 4840 383 4888; x_wconf 85' lang='lat' dir='ltr'><strong>lerox</strong></span> <span class='ocrx_word' id='word_1_563' title='bbox 401 4840 432 4887; x_wconf 81' lang='lat' dir='ltr'><strong>nd</strong></span> <span class='ocrx_word' id='word_1_564' title='bbox 447 4849 562 4888; x_wconf 80' lang='lat' dir='ltr'><strong>usturam</strong></span> <span class='ocrx_word' id='word_1_565' title='bbox 576 4838 616 4889; x_wconf 89' lang='grc' dir='ltr'><strong>ΒΟ</strong></span> <span class='ocrx_word' id='word_1_566' title='bbox 633 4856 751 4905; x_wconf 85' lang='lat' dir='ltr'><strong>nsperum</strong></span> <span class='ocrx_word' id='word_1_567' title='bbox 770 4842 802 4889; x_wconf 81' lang='lat' dir='ltr'><strong>ml</strong></span> <span class='ocrx_word' id='word_1_568' title='bbox 820 4850 931 4905; x_wconf 82' lang='lat' dir='ltr'><strong>tempus,</strong></span> <span class='ocrx_word' id='word_1_569' title='bbox 949 4840 1022 4890; x_wconf 83' lang='lat' dir='ltr'><strong>lerox</strong></span> <span class='ocrx_word' id='word_1_570' title='bbox 1040 4858 1055 4890; x_wconf 86' lang='lat' dir='ltr'>a</span> <span class='ocrx_word' id='word_1_571' title='bbox 1075 4843 1206 4891; x_wconf 81' lang='lat' dir='ltr'><strong>rintiuitnte</strong></span> <span class='ocrx_word' id='word_1_572' title='bbox 1224 4841 1398 4904; x_wconf 69' lang='lat' dir='ltr'><strong>Gotkofredrrr</strong></span> <span class='ocrx_word' id='word_1_573' title='bbox 1412 4846 1488 4908; x_wconf 54' lang='grc'><strong>1279</strong></span> 
     </span>
    </p>
   </div>
   <div class='ocr_carea' id='block_1_10' title="bbox 0 0 1696 5476">
    <p class='ocr_par' dir='ltr' id='par_1_10' title="bbox 0 0 1696 5476">
     <span class='ocr_line' id='line_1_53' title="bbox 0 0 1696 5476; baseline 0 5"><span class='ocrx_word' id='word_1_574' title='bbox 0 0 1696 5476; x_wconf 95' lang='lat' dir='ltr'><strong> </strong></span> 
     </span>
    </p>
   </div>
  </div>
 </body>
</html>
