3382 5476
192 380 296 431 οχον]
506 432 511 439 .
739 368 928 419 ennelino.

192 558 255 626 aas,
279 558 361 619 ande
381 563 485 616 celera
505 556 616 616 laasta
638 564 720 624 sant,
749 572 888 618 manasse
916 557 952 618 ol
979 573 1045 616 eant
1069 559 1257 632 potissimum
1284 572 1410 617 eausam
1429 571 1483 631 pa·

191 659 288 719 tanda
309 665 361 735 est,
383 657 466 732 qaod
486 659 596 718 similia
615 657 855 731 faesulanam
870 657 1016 718 Seruiani
1033 658 1073 717 de
1090 658 1234 730 finalibus
1247 659 1342 719 liltelli
1357 675 1392 734 p.
1412 666 1484 734 454,

194 767 232 818 24
253 793 296 805 —-
312 778 346 836 p.
363 768 433 825 455.
452 767 471 817 4
492 761 644 834 lepantar.
683 760 760 819 Nam
783 760 866 836 qaod
887 762 918 819 in
939 757 1049 820 ceteris
1063 758 1164 833 Serpii
1183 762 1233 819 ael
1246 759 1349 819 Sentii
1361 774 1485 834 opuscu—

191 861 229 921 lis
250 862 372 935 accidit,
397 869 430 921 at
452 877 513 921 noa
535 863 604 939 ipsa
625 859 730 921 Samii
748 868 930 937 praemla,
961 863 1017 921 sed
1041 859 1152 922 uariae
1178 863 1308 922 dusdem
1330 862 1488 923 doetrinae

192 964 402 1024 enarrationes
423 979 463 1023 ex
484 963 586 1023 eodem
607 978 707 1022 amnes
726 962 814 1033 sante
835 963 964 1022 haustae
991 964 1034 1022 ad
1059 971 1162 1024 nostra
1191 970 1327 1039 tempora
1343 964 1486 1039 perueni-

191 1071 269 1138 rent,
292 1066 371 1125 idem
392 1066 423 1124 in
447 1066 506 1124 ltae
528 1080 645 1139 paeone
666 1065 704 1123 de
723 1065 864 1136 finalibus
885 1065 1008 1140 syllabis
1025 1066 1184 1140 particula
1202 1064 1322 1138 saetam
1344 1080 1408 1124 esee
1428 1080 1488 1125 aon

192 1167 338 1241 estquod
363 1167 503 1242 plurilus
531 1164 707 1238 defendam.
752 1165 815 1225 Sed
841 1169 913 1241 qaia
943 1176 1002 1225 tam
1025 1169 1158 1242 demam,
1185 1170 1260 1242 quid
1279 1160 1406 1227 Seram
1425 1169 1491 1242 ipse

193 1271 344 1336 docuerit.
373 1271 442 1329 erui
458 1276 571 1344 polest,
602 1285 671 1329 eam
700 1271 774 1328 istas
802 1271 1022 1329 enarrationes·
1034 1274 1063 1328 et
1084 1270 1194 1328 similes
1216 1271 1294 1328 mter
1314 1285 1346 1329 se
1367 1275 1397 1328 el
1416 1271 1491 1328 satis

193 1372 332 1430 diuersas
357 1371 411 1431 sao
439 1387 500 1431 ano
528 1386 629 1431 omnes
655 1378 817 1446 conspecta
841 1371 1033 1446 perpendere
1056 1372 1191 1437 licuerit,
1220 1387 1279 1446 ape
1301 1371 1492 1446 partiendam

193 1474 277 1532 illam
301 1473 344 1531 ad
363 1470 480 1533 codtet's
503 1474 667 1533 Bernansis
691 1479 750 1531 432
767 1473 858 1544 fidem
880 1472 1061 1547 descriptam
1081 1488 1297 1548 proponamus.

224 1755 283 1820 DE
307 1755 483 1821 VLTIMIS
505 1755 713 1822 SYLLABIS
735 1756 1076 1824 CONIVNOTIONIS
1098 1756 1459 1823 PRAEPOSITIONIS

579 1875 725 1950 Anava
748 1875 1113 1941 INTERIECTIONIS.

283 2031 515 2093 Coniunctiones
537 2033 600 2099 lete
617 2049 720 2092 omnes
735 2034 947 2112 corripiuntur,
970 2032 1021 2093 sed
1045 2051 1120 2112 quae
1142 2052 1158 2094 a
1182 2033 1229 2094 uel
1251 2033 1494 2103 imminenter,

198 2141 321 2213 excepto
344 2135 382 2194 ita
398 2136 465 2214 quia
489 2135 554 2202 uisi,
577 2136 799 2210 producantur,
823 2144 859 2194 at
881 2142 1037 2214 propterea
1061 2137 1174 2194 interea
1197 2137 1222 2194 si
1245 2138 1308 2194 etsi.
1355 2134 1436 2206 Quae
1458 2136 1494 2195 in

197 2255 217 2297 n
240 2235 394 2305 desinunt,
425 2237 450 2297 si
473 2255 489 2296 a
512 2235 560 2296 uel
583 2237 682 2297 iente
705 2256 768 2297 eam
791 2235 964 2305 habuerint,
992 2236 1210 2316 producuntur,
1234 2244 1266 2298 ut
1287 2254 1325 2297 an
1347 2239 1393 2297 sin
1416 2233 1523 2297 elio-s

197 2339 284 2416 quim
314 2344 445 2398 ceterum
474 2336 663 2408 hiemantes,
694 2347 725 2399 ut
754 2346 867 2407 tamen,
897 2339 1025 2417 exceptis
1056 2341 1112 2406 eis,
1143 2356 1218 2415 quae
1246 2338 1390 2419 positione
1418 2339 1496 2399 liunt

197 2439 317 2518 longae,
343 2447 375 2499 ut
395 2449 451 2501 ast.

281 2541 472 2602 Accusmiuae
495 2543 728 2621 praepositiones
750 2541 844 2612 solae,
876 2560 950 2621 quae
972 2543 1001 2601 in
1024 2561 1040 2602 a
1064 2551 1187 2612 exeunt,
1216 2541 1435 2623 producuntur,
1459 2550 1496 2601 ut

200 2645 278 2704 intra
302 2651 410 2702 etune
434 2641 633 2720 monosyllaba
657 2647 715 2710 cis:
746 2641 892 2703 ablatione
920 2662 992 2703 uero
1016 2646 1218 2723 corripiuntur
1240 2661 1358 2712 omnes,
1389 2652 1422 2703 ut
1443 2642 1495 2712 ab,

200 2746 331 2824 exceptis
360 2743 583 2823 monosyllabis
614 2763 688 2823 quae
715 2753 765 2804 aut
792 2746 822 2805 in
851 2742 1003 2804 uccaliltus
1031 2754 1179 2814 constant,
1212 2756 1243 2807 ut
1265 2763 1295 2813 a.
1325 2753 1376 2806 aut
1402 2763 1538 2806 uoce-10

198 2843 319 2927 11551
340 2842 349 2927 ΙΙ
356 2846 433 2907 libus
456 2849 661 2915 terminantur.
686 2856 718 2907 ut
733 2846 785 2927 de3
808 2864 981 2908 communes
1005 2866 1077 2908 uero
1093 2849 1327 2927 praepositiones
1341 2857 1497 2926 correptas

203 2964 268 3008 esse
290 2946 391 3024 liquet,
416 2957 448 3008 ut
469 2950 499 3007 in
515 2966 616 3027 super.
661 2947 722 3006 Nec
738 2947 774 3005 de
790 2947 991 3026 loquelaribus
1006 2949 1273 3029 praepositionibus
1295 2949 1495 3027 reticendam,

200 3048 317 3108 temetsi
340 3066 399 3107 non
422 3050 490 3118 line,
514 3047 566 3108 sed
590 3049 735 3128 principio
758 3066 877 3127 semper
893 3048 1053 3110 uerborum
1073 3059 1240 3128 ponantur,
1265 3068 1340 3128 quae
1361 3060 1431 3110 sunt
1445 3069 1496 3111 ant

201 3168 237 3210 co
260 3167 317 3209 con
347 3149 375 3208 di
398 3147 444 3210 dis
466 3168 499 3210 re
521 3169 569 3218 se;
600 3149 678 3226 quad
702 3167 748 3208 am
772 3159 801 3209 et
823 3149 867 3209 dis
889 3153 1062 3230 positionem
1086 3161 1245 3229 quaerunt.
1275 3160 1309 3212 ut
1330 3150 1497 3230 amplector

200 3250 345 3329 disiunge,
368 3250 486 3311 ntideo
509 3250 616 3329 longae
638 3259 716 3310 sunt.
763 3249 803 3311 Co
825 3250 967 3314 dichrona
992 3262 1044 3321 est,
1068 3262 1100 3313 ut
1122 3271 1247 3313 coerceo
1269 3260 1407 3324 conect0;
1436 3271 1497 3315 con
1513 3273 1539 3312 15

199 3353 297 3432 longa,
320 3360 353 3414 ut
375 3351 518 3422 conlali0;
548 3353 577 3413 di
600 3352 701 3431 longa,
732 3361 764 3412 ut
791 3353 901 3432 dirigo;
930 3374 963 3414 se
986 3353 1087 3431 langa,
1113 3363 1145 3415 ut
1166 3372 1307 3425 secenum
1330 3373 1363 3415 re
1383 3354 1497 3433 ultique

200 3457 363 3527 breuialur,
387 3465 420 3517 ut
441 3458 569 3526 remitto,
594 3463 717 3535 excepto
740 3456 841 3524 reieci,
865 3475 933 3517 cum
956 3453 1068 3517 ‘distat'
1092 3457 1246 3536 significat,
1271 3466 1315 3517 nt:

403 3558 607 3618 Praeterea
636 3559 703 3618 iam
732 3577 799 3619 nec
828 3560 963 3620 mutari
995 3556 1130 3638 pabula
1158 3559 1286 3620 refert,

203 3729 428 3738 -—-———-

272 3865 335 3916 aaa.
357 3865 436 3915 Bern.
449 3867 503 3914 432
520 3880 589 3914 saec.
602 3864 707 3913 lli—X
722 3863 821 3932 Bw
838 3871 897 3928 post
915 3864 1000 3930 Serpii
1017 3867 1048 3913 de
1067 3867 1153 3913 littera
1171 3870 1373 3914 detrectatum
1389 3881 1416 3929 p.
1433 3867 1496 3927 485,

206 3954 222 3998 ⁷
239 3949 279 3999 11:
298 3965 361 3999 cano
379 3948 471 4016 troie-l
494 3936 534 4006 δε
555 3938 692 4006 pitteus
713 3939 912 4025 solcomis
931 3936 957 4028 p
968 3933 1049 4028 po't
1064 3937 1145 4027 teq3
1168 3939 1308 4007 osueci·
1394 3947 1497 3998 acon-

203 4032 360 4099 iunetiones]
381 4034 421 4096 Os.
440 4034 526 4085 Seruii
543 4036 575 4083 de
589 4035 707 4096 finalibus
724 4052 752 4097 p.
770 4036 830 4089 454,
851 4036 953 4083 24-25
970 4033 1010 4095 K,
1031 4034 1106 4083 Beda
1124 4035 1156 4082 de
1173 4035 1261 4084 meam
1277 4052 1303 4099 p,
1321 4036 1394 4084 teca
1414 4033 1443 4082 P.

202 4101 282 4152 ierme
299 4102 377 4152 Beda
444 4106 461 4152 4
479 4104 515 4151 ita
533 4103 577 4164 qui
596 4103 635 4152 nis
654 4115 788 4167 propterea
805 4104 857 4162 litu
876 4103 936 4164 quie
955 4102 1004 4149 nisi
1022 4101 1198 4166 producuntur
1216 4112 1244 4151 ut
1260 4103 1337 4153 Beda
1404 4103 1420 4153 6
1438 4117 1499 4150 cee-

202 4181 283 4220 terum
301 4171 430 4220 breuiatur
456 4182 576 4220 attamen.
611 4170 747 4228 Quamuis,
776 4171 936 4235 producitur3
964 4179 1079 4218 caeterae
1101 4169 1261 4231 breuinntur,
1286 4171 1400 4235 exeeptis
1418 4168 1500 4220 Beda

236 4248 296 4287 siunt
314 4239 407 4303 longae
424 4249 451 4288 et
467 4252 508 4287 nst
525 4247 570 4286 ιιιιι
587 4247 634 4287 etc.
654 4237 730 4289 Beda
744 4240 748 4301 Ι
765 4238 829 4288 iittnt
846 4237 921 4302 longe
989 4235 1185 4306 BAceusatiue]
1206 4237 1246 4302 Os.
1261 4237 1348 4289 Seruii
1364 4238 1396 4288 de
1410 4240 1499 4301 finali·

203 4306 249 4356 bus
265 4323 291 4370 p.
311 4308 363 4356 454
370 4344 378 4370 ,
397 4309 481 4356 27-
499 4308 563 4365 455,
583 4308 614 4366 2;
633 4306 709 4356 Beda
724 4323 751 4371 p.
771 4309 843 4357 2363
862 4307 892 4355 P.
929 4305 1135 4370 praepositiones
1153 4308 1315 4356 accusatione
1332 4305 1403 4355 solue
1421 4304 1500 4355 Beda

237 4375 291 4422 sole
309 4390 359 4437 que
377 4377 402 4423 in
421 4390 437 4423 a
454 4383 514 4424 euttt
565 4375 581 4423 9
599 4374 791 4438 monosyllabis.
810 4373 944 4422 Alsietinus
962 4375 1142 4439 cotuipiuntur,
1162 4385 1188 4424 ut
1206 4376 1237 4423 nb
1256 4373 1332 4424 Beda
1349 4374 1465 4424 Patseltt't'

203 4441 313 4490 ablntiue
367 4445 397 4492 10
415 4453 460 4491 aut
478 4441 608 4491 uocaliltus
626 4442 827 4492 cotistentBeda
881 4445 910 4491 11
931 4457 990 4491 uelo
1008 4459 1054 4491 om.
1065 4441 1141 4492 Beda
1193 4444 1224 4491 12
1242 4442 1321 4504 liquet
1333 4439 1500 4506 Bedallicet

237 4511 263 4558 iu
282 4525 360 4575 super
378 4510 426 4558 sub
445 4509 532 4560 subter
550 4510 625 4559 Beda
660 4511 813 4559 reticendum
832 4510 916 4566 Beda,
936 4526 982 4559 om.
1001 4513 1058 4560 cod.
1112 4513 1143 4561 13
1162 4525 1211 4558 ιιοιι
1231 4511 1287 4559 sine
1304 4510 1351 4560 sed
1370 4511 1498 4575 principio

204 4592 305 4643 semper
323 4578 458 4628 uerborum
477 4594 527 4640 qua
546 4588 605 4626 sunt
619 4583 624 4636 l
640 4593 689 4626 uon
708 4581 734 4626 in
752 4578 802 4627 line
819 4579 865 4626 sed
883 4580 908 4627 iu
927 4579 1054 4643 principio
1071 4593 1172 4642 semper
1189 4587 1319 4643 potientur
1336 4577 1411 4628 Beda
1466 4581 1500 4628 14

205 4662 252 4693 eon
272 4659 301 4695 ce
353 4646 465 4707 quodam
485 4655 508 4694 et
526 4645 720 4710 dispositionem
740 4656 848 4708 querunt
926 4648 957 4696 15
975 4647 1031 4694 ideo
1052 4644 1227 4704 Bedalidem
1246 4648 1302 4697 eod.
1356 4645 1432 4711 longe
1450 4646 1498 4710 dy·

206 4713 302 4762 cluana
320 4723 359 4764 est
374 4715 379 4777 Ι
394 4713 529 4763 dichronae
541 4712 617 4763 Beda
668 4729 715 4763 con
735 4713 811 4779 louge
830 4723 857 4762 nt
874 4715 974 4762 conicio
987 4714 1062 4763 Beda
1115 4716 1146 4762 to
1165 4731 1190 4761 re.
1208 4724 1291 4763 autem
1312 4714 1405 4775 ubique
1423 4713 1501 4764 Beda

208 4782 238 4895 lG'l
258 4791 285 4830 ut
303 4782 494 4901 relulrpttggeda
546 4793 653 4844 excepta
671 4798 726 4829 nutu
747 4782 821 4831 inient
839 4783 916 4831 distat
986 4785 1016 4833 18
1036 4797 1079 4831 uec
1104 4785 1152 4830 ient
1172 4782 1248 4832 Beda
1299 4779 1396 4847 fabule]
1420 4782 1499 4848 Vero.

230 4863 300 4912 eorp,
