3382 5476
199 414 248 459 1211
623 402 672 450 Dr,
692 400 812 451 LIBRIS
831 400 1090 454 BERNENSIBVS.

194 588 379 666 perspectis,
402 606 481 663 quae
502 608 541 648 aa
563 587 691 662 retinens
711 589 855 662 alossart'i
870 587 1013 666 partibus
1029 588 1147 666 passim
1170 588 1255 649 edita
1276 599 1346 650 sura
1367 608 1387 649 a
1412 589 1498 652 Maio

198 698 226 749 et
254 693 401 750 lr'ettnero
428 707 565 766 quaeque
591 689 657 766 ipse
683 689 717 749 in
744 690 851 752 codiee
879 688 1067 751 Einst'dlensi
1098 689 1220 761 inuenti,
1252 699 1379 766 practer
1407 691 1498 754 Pauli

198 791 322 852 abbatis
338 786 396 872 (cs.
414 789 495 850 Maii
508 803 589 854 auct.
614 792 680 850 l'at.
704 793 750 851 VI
766 810 797 868 p.
815 799 871 851 598
893 801 923 852 et
943 790 1033 864 infra
1050 792 1158 868 praes.
1176 794 1216 853 II
1225 811 1296 869 cap.
1315 792 1362 871 12)
1378 795 1498 855 Phocoe

199 889 234 972 (l.
250 896 270 951 l.
292 911 324 967 p.
342 895 417 970 599),
441 891 587 953 librorum
610 891 729 953 Artittm
753 894 794 965 (l.
810 896 830 954 l.
846 912 877 970 p.
895 891 969 972 576)
993 893 1130 955 Audaces
1154 893 1184 973 (l.
1200 897 1221 955 l.
1239 912 1274 971 p.
1292 896 1358 972 589)
1382 893 1498 970 aliquot

197 997 279 1054 locos
309 1011 368 1053 non
396 995 489 1053 credo
516 992 590 1054 aliis
618 1013 656 1055 ac
682 1012 779 1070 supro
807 994 985 1056 enumeranti
1008 994 1147 1068 sontibus
1172 993 1383 1071 arammatieis
1404 1003 1497 1056 totum

197 1094 307 1156 librum
334 1093 499 1170 irriootam
523 1093 632 1167 faisse.
685 1094 742 1156 His
770 1097 870 1158 addas
899 1096 989 1173 quasi
1017 1096 1237 1173 arammatico,
1268 1095 1296 1157 sn'
1321 1100 1437 1173 placet,
1468 1105 1497 1157 et

197 1195 353 1257 Ciceronis
388 1214 555 1275 synonyma
588 1205 616 1257 et
651 1196 767 1258 scltolia
803 1198 970 1260 maximam
1004 1194 1123 1275 portem
1160 1196 1355 1274 ls'crqiliana,
1389 1198 1497 1275 quidm

196 1297 330 1359 collectis
352 1297 514 1374 aepnatta
535 1307 797 1360 commentatorum
826 1299 958 1376 Verqilt'i
979 1309 1112 1361 ueterum
1139 1300 1259 1377 scripta
1286 1298 1393 1375 aliona
1414 1308 1497 1361 certe

196 1418 236 1460 ea
260 1408 354 1474 parte
375 1399 523 1476 reparari
544 1419 635 1476 posse
656 1407 729 1461 ante
750 1409 810 1462 tres
831 1402 886 1463 tos
906 1420 1003 1464 annos
1023 1403 1116 1463 scltol.
1141 1404 1233 1462 Bern.
1255 1402 1360 1478 praes.
1380 1421 1415 1478 p.
1440 1409 1497 1461 tas

195 1499 382 1577 siurziticaui.
419 1502 483 1562 Sed
502 1504 540 1562 tle
561 1501 610 1563 liis
631 1502 692 1564 alio
707 1512 736 1564 et
750 1507 817 1566 loeo
838 1511 867 1563 et
888 1512 1023 1580 ternpore
1045 1521 1178 1580 ananus.

727 1725 963 1736 ——s

456 1925 495 2026 5)
524 1930 640 2003 codd.
667 1933 811 2004 Bernn.
839 1931 908 2003 417
935 1936 976 2003 et
1002 1933 1039 2002 A
1073 1931 1142 2018 92,
1171 1930 1234 2002 34.

281 2099 325 2158 de
349 2100 457 2158 litteris
484 2106 634 2159 tractatas
662 2100 736 2160 dnos
756 2117 854 2175 supro
882 2100 1046 2168 edidimus,
1075 2115 1169 2158 unam
1198 2099 1284 2158 Petri
1302 2098 1496 2171 arammatici

195 2202 310 2260 codicis
333 2206 405 2267 522,
429 2202 558 2260 alterum
582 2204 658 2261 artis
680 2218 849 2277 anmtymae
871 2202 1036 2261 bernensis
1057 2203 1170 2261 codicis
1195 2206 1260 2272 207,
1291 2215 1382 2273 quam
1411 2198 1497 2258 baud

193 2319 254 2361 uno
275 2304 395 2361 nomine
417 2303 503 2362 Petri
523 2305 599 2362 artis
620 2305 781 2378 imaqinem
803 2302 924 2375 referre
945 2305 1085 2364 uidimus.
1123 2302 1186 2361 Sed
1204 2307 1319 2360 restant
1339 2302 1370 2360 in
1391 2299 1495 2360 biblio-

193 2404 281 2463 tlreca
304 2405 457 2464 Beruensi
484 2405 545 2464 duo
567 2407 712 2481 opuscula
739 2406 869 2489 eiusdem
898 2407 1082 2478 aroumeuti,
1112 2419 1192 2478 qnae
1213 2403 1248 2462 ob
1270 2404 1304 2463 id
1322 2405 1495 2477 praeterire

194 2506 345 2573 attollam,
375 2509 462 2580 quia,
486 2514 649 2582 postquam
676 2524 782 2567 earum
804 2524 907 2567 rerum
931 2509 1041 2567 mentio
1064 2507 1176 2565 iniecta
1198 2512 1257 2577 est,
1290 2520 1495 2579 quaecumque

193 2608 296 2667 eodem
315 2612 470 2683 pertinere
493 2611 642 2678 uidentur,
671 2610 817 2670 inunum
839 2625 948 2682 tooure
970 2609 1154 2668 utilissimum
1176 2622 1240 2665 esse
1262 2606 1406 2666 arbitror.
1420 2601 1449 2684 *)

278 2710 387 2769 Priore
415 2712 481 2769 loco
508 2714 785 2772 commemorandus
812 2719 856 2771 est
881 2712 947 2770 cod.
972 2714 1064 2769 Bern.
1090 2715 1147 2767 tm
1169 2725 1251 2770 saec.
1274 2707 1338 2776 IX,
1366 2723 1407 2767 est
1434 2724 1494 2782 quo

193 2813 350 2885 alphabeti
384 2811 489 2870 Latini
529 2815 799 2887 interpretamenta
843 2816 1071 2886 litterarumque
1110 2810 1314 2883 formationes
1356 2809 1495 2869 diuersas

188 2930 223 2988 p.
248 2918 306 2985 302
327 2929 349 2970 s.
374 2921 402 2970 et
425 2919 483 2970 307
505 2931 528 2972 s.
551 2916 638 2974 edidi
659 2913 712 2992 (cs.
732 2912 838 2990 praes.
862 2914 902 2972 II
920 2930 988 2989 cap.
1016 2911 1079 2990 13).·

278 3030 299 3088 f.
326 3026 401 3088 104ἃ
427 3037 558 3111 inscipit
585 3038 763 3112 expositio
792 3017 833 3088 be
859 3021 991 3089 [saenis
1013 3017 1195 3110 quomobo
1217 3035 1492 3087 nominaretur

194 3119 252 3188 uel
281 3121 390 3209 quale
418 3138 565 3190 sorsum
594 3120 765 3191 babemus
794 3141 899 3191 risten
926 3141 981 3191 se.

278 3254 421 3323 Quaeritur
443 3257 513 3312 caim
535 3259 597 3331 quis
618 3259 722 3330 primus
745 3255 850 3311 litteras
867 3255 1048 3312 Hebraeorum
1066 3252 1251 3330 Gr(a)ecorum
1267 3255 1425 3311 Latinorum
1447 3253 1492 3310 ael

193 3348 344 3395 ceterarum
367 3342 488 3412 gentiam
511 3341 660 3397 adiuuenit.
706 3341 828 3397 Tradunt
851 3342 1008 3415 quidam,
1032 3341 1104 3415 quod
1121 3342 1241 3413 spirante
1256 3342 1368 3396 Domino
1385 3339 1492 3412 Moyses

193 3424 298 3479 litteras
313 3425 453 3479 adiuuerit
468 3426 539 3493 (cod.
556 3425 675 3496 aduenit)
692 3424 885 3482 Hebraeorum.
924 3424 956 3481 Et
971 3425 1031 3481 alii
1047 3425 1139 3481 dicunt
1154 3425 1224 3498 apud
1242 3423 1401 3496 llebr(a)eos
1418 3424 1492 3498 quod

192 3508 273 3563 cham
299 3509 426 3583 primitus
449 3527 492 3565 eas
516 3512 621 3566 inuenit
643 3521 671 3566 et
692 3520 787 3584 postea
812 3507 945 3583 tradit(a)e
967 3520 1031 3567 suat
1054 3511 1148 3581 bloysi.
1195 3510 1284 3565 blouet
1308 3509 1491 3583 quosdam,

193 3595 216 3648 si
239 3594 352 3650 suerunt
375 3594 505 3666 litter(a)e
532 3605 594 3651 ante
622 3594 754 3651 diluuium
783 3613 815 3652 an
838 3613 893 3652 non
916 3597 941 3652 in
965 3597 1076 3669 propria
1105 3594 1214 3668 lingua,
1243 3597 1306 3669 qaia
1328 3593 1415 3649 diuisa
1437 3610 1491 3648 non

195 3688 263 3733 erat.
313 3680 345 3734 Et
374 3682 413 3734 sie
443 3680 595 3749 credimus,
624 3680 696 3753 quod
725 3673 752 3736 ia
779 3684 837 3755 ipsa
868 3682 975 3754 lingua,
1003 3697 1084 3754 quam
1112 3680 1194 3734 Aulam
1223 3681 1348 3752 primitus
1376 3679 1491 3749 accepit,

194 3762 311 3818 luissent
338 3773 366 3819 et
396 3765 421 3818 in
450 3768 508 3837 ipsa
537 3765 629 3837 lingua
658 3767 730 3821 iuxta
753 3766 921 3822 isidorum
944 3765 1015 3837 (cod.
1040 3763 1163 3832 isodoro)
1189 3762 1325 3819 credimus
1352 3762 1379 3816 ia
1409 3760 1491 3816 domo

193 3847 263 3904 Eber
291 3851 462 3904 remansisse.
508 3849 535 3904 Si
560 3850 666 3905 litterae
688 3860 750 3906 ante
772 3852 904 3907 diluuium
928 3851 1052 3911 fuerunt,
1082 3849 1219 3921 quomodo
1242 3849 1269 3902 in
1292 3845 1372 3902 uadis
1395 3845 1492 3901 diluuii

194 3931 372 4004 reseruat(a)e
394 3943 458 3989 sunt
480 3944 526 3990 aut
549 3935 637 4008 qualis
657 3937 806 3992 auctoritas
828 3935 907 3990 nobis
929 3933 1115 4004 demonstrat,
1144 3932 1217 4005 quod
1240 3932 1325 3988 luisse
1346 3929 1490 3987 credimus.

195 4017 269 4074 Licet
291 4027 318 4073 et
341 4020 373 4074 in
397 4018 579 4075 chronicis
603 4021 704 4093 aliquid
727 4021 821 4076 exinde
840 4019 950 4092 legitur,
974 4019 1022 4073 sed
1038 4028 1126 4072 tamen
1142 4017 1280 4091 losephi
1296 4016 1368 4088 (cod.
1383 4014 1491 4089 ioseph)

195 4096 308 4159 historia
338 4103 416 4159 nobis
445 4105 629 4178 putaretis,
658 4103 731 4176 quod
754 4106 781 4159 in
803 4103 908 4160 duabus
931 4101 1067 4159 columnis
1090 4119 1121 4158 ex
1144 4101 1232 4176 lapide
1255 4110 1283 4157 et
1305 4101 1390 4156 latere
1413 4101 1492 4157 lactis

195 4187 282 4243 studia
313 4204 360 4243 saa
388 4191 628 4261 conscripserunt,
657 4205 690 4243 ne
717 4187 890 4244 desereretur
912 4186 984 4260 (cod.
1007 4186 1218 4259 describeretur)
1247 4187 1392 4256 memoria,
1421 4203 1491 4259 quae

195 4274 331 4345 sapienter
361 4273 534 4328 inuenerunt.
583 4273 616 4328 Et
644 4273 683 4329 sic
711 4273 823 4329 dicitur:
858 4273 919 4329 Sem
948 4281 976 4330 et
1004 4272 1094 4329 Enoch
1123 4272 1264 4329 audientes
1292 4289 1307 4327 a
1337 4271 1491 4327 senioribus

195 4361 253 4412 suis
276 4358 320 4412 uel
342 4357 375 4413 ab
399 4358 458 4432 ipso
475 4357 557 4413 Adam
580 4357 612 4413 do
636 4357 678 4429 (de
694 4375 746 4413 om.
762 4357 834 4429 cod.)
857 4354 965 4415 duabus
989 4357 1115 4415 uindiciis
1138 4365 1185 4414 aut
1207 4358 1297 4429 ignem
1320 4365 1366 4411 aut
1383 4372 1491 4429 aquam,

196 4459 275 4498 unam
298 4460 329 4497 ex
351 4444 390 4498 eis
413 4459 473 4499 esse
496 4451 639 4497 uenturam
662 4442 788 4514 (euentus
806 4439 894 4518 cod),
924 4444 984 4500 ideo
1013 4443 1055 4498 his
1078 4442 1182 4499 duabus
1205 4441 1339 4502 columnis
1363 4447 1490 4496 constru-

195 4536 300 4583 xerant.
345 4526 423 4600 Apud
451 4523 590 4602 Gr(a)ecos
612 4528 740 4584 datianus
766 4530 872 4584 inuenit
899 4529 1019 4598 litteras,
1051 4528 1097 4602 qui
1127 4529 1253 4602 regnauit
1274 4519 1285 4604 ΙΙ
1304 4517 1441 4601 i.104¹‘ss
1463 4526 1490 4580 in

196 4612 321 4670 Tirebeis.
364 4612 441 4685 Apud
470 4613 581 4669 Latinos
609 4612 756 4669 Carmentis
787 4613 867 4670 nimia
890 4613 1042 4669 Nicostrata
1071 4624 1156 4670 rnater
1178 4612 1303 4669 Euandri.
1347 4607 1490 4681 Quaat(a)e

266 4860 294 4929 *)
312 4864 416 4914 Accedit
433 4865 537 4928 quintus
555 4865 609 4915 eius
628 4867 728 4931 gesseris
747 4875 870 4915 tractatus
890 4863 965 4913 lmins
984 4864 1040 4913 libri
1059 4880 1084 4930 p.
1103 4865 1166 4923 tat,
1187 4864 1218 4914 to
1237 4879 1291 4925 seq.
1309 4863 1402 4912 editas.
