3382 5476
198 358 259 424 196
623 361 791 413 vennunn
810 360 1042 413 unaunamct

195 550 316 621 tantus’,
341 549 392 611 sed
408 548 465 611 hoc
480 548 547 610 ideo
564 548 686 617 accidit,
710 549 788 628 quod
811 568 847 610 ex
870 550 976 628 primis
998 547 1168 609 nominibus
1189 549 1328 622 ueniunt,
1352 556 1388 611 ut
1406 554 1493 631 ‘qna-

194 652 260 713 litas
281 650 378 712 talitas
400 652 548 730 quantitas
568 653 709 713 tantitas'.

278 753 359 813 loto.
383 750 565 829 Virgilius
587 752 674 813 dicit:
712 752 790 814 Sunt
810 757 988 832 pronomina
1010 755 1125 833 ignota,
1155 771 1233 833 quae
1254 750 1416 816 multifarie
1438 752 1490 813 de·

194 856 301 915 lectiua
324 862 409 915 sunt:
449 852 588 914 nonnulla
612 854 690 914 enim
713 853 777 915 solo
799 857 983 916 nominatiuo
1005 855 1179 930 llectuntur,
1203 864 1236 916 ut
1257 856 1383 932 ‘uspis’,
1410 854 1491 917 unde

193 958 325 1035 ‘uspiam
335 957 356 1024 ';
385 953 530 1034 quaedam
559 955 771 1016 nominatiuum
800 963 829 1016 et
850 959 1021 1034 genetiuum
1055 956 1180 1026 habent,
1215 964 1248 1018 ut
1275 954 1361 1017 ‘illus
1381 954 1515 1025 illius’‚⁶

192 1056 258 1119 ‘illa
281 1056 377 1127 illae'‚
402 1056 497 1117 ‘illum
519 1055 588 1117 illi':
618 1059 663 1117 sic
685 1058 785 1136 ‘ipsus
806 1058 870 1137 ipsa
892 1060 1019 1138 ipsum’.
1063 1061 1139 1120 Sunt
1159 1076 1235 1138 quae
1256 1056 1354 1119 tribus
1374 1056 1492 1119 cambas
1586 1130 1589 1135 ,

194 1159 365 1228 llectuntur,
389 1167 422 1219 ut
444 1160 541 1220 ‘cuius
563 1159 622 1219 cuii
645 1159 733 1228 cuio’‚
756 1157 834 1219 ‘cuia
856 1161 940 1220 cuiae
962 1162 1069 1229 cuiae',
1092 1161 1203 1221 ‘cuium
1218 1161 1280 1221 cuii
1294 1160 1387 1220 cuio’.
1416 1160 1492 1221 Sunt

193 1279 270 1341 quae
294 1269 368 1323 tetra
391 1259 510 1322 casibus
532 1259 730 1330 declinantur,
754 1267 788 1321 ut
809 1259 914 1322 ‘belus
936 1261 1033 1323 helius
1054 1260 1114 1322 lreli
1135 1260 1264 1331 laelum',
1287 1259 1373 1322 ‘laela
1395 1260 1491 1323 helius

195 1362 252 1423 heli
274 1361 394 1432 helam’,
418 1361 536 1423 ‘loeium
560 1361 654 1423 helius
676 1360 737 1423 laeli
760 1361 890 1423 helum'.
935 1363 1011 1425 Sunt
1033 1365 1136 1432 etiam,
1161 1380 1238 1440 quae
1259 1371 1350 1440 penta
1372 1361 1491 1425 casibus

194 1472 326 1535 utuntur,
356 1473 388 1525 ut
411 1464 558 1533 ‘eccum’‚
582 1462 682 1525 datiuo
705 1464 823 1532 ‘ecco’,
847 1467 1019 1526 accusatiuo
1042 1466 1189 1533 ‘eccum',
1213 1464 1350 1525 uocatiuo
1372 1465 1487 1536 ‘ecce’,
1501 1480 1528 1521 ιι

193 1565 323 1627 ablatiuo
346 1569 463 1628 ‘ecco’.
508 1565 572 1626 Hoc
595 1564 790 1626 masculinum
814 1573 873 1635 est,
896 1566 1073 1628 femininum
1097 1566 1211 1635 ‘e'cca',
1234 1565 1336 1626 datiuo
1357 1568 1490 1637 ‘eccae',

193 1670 363 1729 accusatiuo
386 1668 534 1735 ‘eccam',
558 1668 697 1727 uocatiuo
720 1667 837 1736 ‘ecca',
867 1666 997 1728 ablatiuo
1020 1670 1136 1730 ‘ecca'.
1182 1667 1327 1729 Neutrum
1350 1667 1488 1741 ‘ellum',

193 1768 295 1831 datiuu
318 1768 414 1838 ‘elli’,
437 1769 607 1829 accusatiuo
631 1767 768 1839 ‘ellum’,
801 1771 938 1829 uocatiuo
962 1769 1099 1846 ‘ellum',
1130 1767 1259 1830 ablatiuo
1281 1767 1386 1830 ‘ello'.
1430 1768 1488 1831 Sed

194 1871 268 1931 haec
290 1879 393 1932 carent
416 1869 521 1948 plurali
545 1887 678 1956 numero.
716 1870 792 1930 Sunt
814 1869 870 1930 alia
892 1872 1082 1950 pronomina,
1107 1889 1184 1951 quae
1205 1872 1236 1931 in
1250 1871 1409 1932 Latinitate
1431 1871 1489 1931 usi·

194 1980 251 2032 tata
274 1990 334 2031 non
356 1969 513 2041 habentur,
531 1978 560 2032 at
582 1979 680 2031 tamen
702 1972 733 2030 in
756 1970 879 2033 dubium
903 1973 1102 2052 recipiuntur:
1127 1990 1238 2050 genere
1259 1971 1433 2042 masculino,
1455 1982 1489 2034 ut
1501 1988 1528 2027 ιι

193 2092 260 2135 mus
282 2075 321 2133 mi
345 2091 394 2133 mo
417 2091 497 2133 mum
521 2073 560 2132 nri
584 2090 647 2139 mo,
670 2070 778 2152 plurali
800 2076 841 2134 mi
864 2093 980 2136 morum
1003 2075 1059 2135 mis
1082 2092 1146 2134 mos
1162 2077 1204 2135 mi
1219 2092 1235 2135 a
1251 2075 1321 2145 mis,
1344 2075 1488 2135 leminino

194 2195 241 2237 ma
264 2193 329 2235 mae
352 2193 417 2235 mae
440 2192 520 2235 mum
543 2193 560 2234 o
584 2194 630 2234 rna
654 2193 669 2234 a
693 2193 749 2244 ma,
774 2184 804 2235 et
824 2175 932 2253 plurali
954 2194 1019 2235 mae
1041 2193 1155 2238 marum
1178 2176 1236 2236 mis
1257 2194 1320 2237 roas
1342 2195 1360 2237 o
1383 2196 1401 2239 a
1422 2178 1488 2245 mis,

194 2285 300 2338 neutro
323 2295 420 2346 mum,
443 2295 498 2356 pro
520 2294 579 2357 qun
603 2283 702 2336 autem
718 2277 749 2336 in
766 2270 820 2336 usti
835 2274 961 2336 habetur
977 2294 1077 2345 meus;
1100 2280 1143 2338 sic
1160 2278 1216 2338 erit
1231 2285 1262 2338 et
1276 2288 1323 2339 tus
1338 2296 1394 2358 pro
1408 2287 1486 2340 tuus.
1547 2298 1553 2305 ·

280 2377 293 2460 {g
310 2380 330 2439 l.
347 2376 407 2439 21b
425 2378 436 2461 Η
472 2380 576 2439 Vtrum
611 2379 796 2457 conpositum
830 2387 889 2451 est,
923 2396 960 2438 an
993 2378 1120 2458 simplex
1147 2378 1225 2440 istud
1253 2397 1378 2450 nomen,
1408 2378 1487 2459 quod

194 2480 302 2541 dicitur
325 2479 497 2541 ‘uerlrurn'l
531 2480 721 2559 Conpositum
746 2486 793 2541 est
815 2499 849 2540 ex
874 2478 989 2540 duobus
1011 2483 1172 2561 corruptis,
1196 2482 1276 2541 ‘uer'
1299 2500 1336 2541 ex
1359 2479 1528 2543 uerbereso

193 2591 223 2642 et
256 2582 363 2642 ‘bum’
398 2601 434 2642 ex
462 2581 583 2648 lrucina,
613 2592 645 2642 ut
678 2580 862 2658 Virgilius
895 2581 980 2642 dicit:
1020 2581 1149 2643 Verbum
1187 2584 1278 2659 igitur
1313 2599 1349 2644 ex
1383 2580 1489 2643 duobis

193 2684 289 2745 modis
312 2692 441 2744 constat:
473 2687 563 2744 ‘uer'
588 2678 623 2743 ex
646 2682 787 2752 uerbere,
812 2682 890 2762 quod
912 2683 1013 2761 lingua
1034 2687 1146 2761 gutturi
1173 2684 1294 2761 infligit,
1322 2682 1430 2745 ‘bum'
1453 2702 1489 2745 ex

193 2785 315 2855 lrucina,
346 2803 381 2846 eo
409 2785 487 2865 quod
517 2802 574 2844 uox
603 2784 717 2844 reluat.
768 2784 841 2844 Nam
870 2786 947 2845 sicut
975 2784 1064 2845 homo
1094 2803 1129 2845 ex
1157 2802 1285 2864 corpore
1313 2793 1432 2847 constat
1460 2795 1489 2846 et

193 2890 305 2954 anima,
329 2889 368 2946 ita
391 2896 420 2946 et
443 2885 570 2947 uerbum
594 2885 751 2963 erilingun
774 2893 803 2945 et
827 2902 909 2946 uoce.
956 2885 1015 2945 Cur
1036 2886 1189 2965 praecedit
1216 2886 1363 2948 uerbum?
1407 2886 1488 2947 Vir·

192 2987 306 3066 gilius
334 2986 478 3055 ostendit,
508 2985 586 3067 quod
609 2985 679 3046 lieet
700 2985 934 3065 nonpraecedit
956 2988 985 3046 in
1009 2986 1114 3059 ordine
1142 2989 1286 3067 partium,
1315 2996 1350 3048 ut
1377 3005 1529 3049 nomenata

192 3106 356 3169 pronomen
387 3087 527 3156 uerbum,
557 3106 630 3148 uero
659 3087 812 3166 praecedit
838 3088 869 3147 in
897 3095 1036 3148 contextu
1066 3089 1217 3159 lectionis,
1245 3097 1279 3151 ut
1305 3089 1378 3167 ipse.
1399 3088 1486 3151 dicit:

192 3190 265 3251 Nam
288 3189 358 3250 licet
380 3191 410 3249 in
433 3189 537 3251 ordine
560 3207 698 3270 praeesse
721 3207 780 3249 non
803 3190 980 3260 admittitur,
1004 3200 1102 3251 tamen
1118 3191 1149 3251 in
1165 3192 1312 3270 positione
1334 3207 1487 3253 caesorum

190 3290 385 3373 principalem
406 3298 490 3351 tenet
510 3289 617 3366 locum.

277 3391 291 3476 Η
308 3395 328 3455 1.
344 3390 402 3454 22·
419 3390 431 3473 ]]
456 3392 532 3453 Dicit
547 3392 743 3471 Virgilius:
767 3394 827 3456 Cur
841 3395 872 3455 in
894 3394 999 3455 ordine
1022 3394 1184 3456 uerborum
1207 3394 1335 3473 qualitas
1356 3394 1488 3473 primum

191 3497 332 3576 punituri
375 3494 487 3557 Omnes
514 3496 565 3575 qui
589 3512 693 3572 agrum
717 3504 768 3555 aut
789 3496 974 3576 prouinciam
1003 3496 1170 3574 possident,
1199 3497 1283 3575 prius
1311 3514 1377 3557 cam
1405 3504 1529 3557 sortem

191 3599 406 3667 determinant,
430 3605 463 3656 ut
485 3615 562 3657 unus
583 3599 708 3676 quisque
731 3606 844 3675 partem
868 3616 951 3659 suam
974 3597 1032 3659 sibi
1054 3605 1134 3658 sorte
1157 3596 1336 3658 declaratam
1358 3595 1487 3659 sollicite

192 3707 292 3768 cumt;
315 3702 354 3760 ita
378 3707 408 3758 ct
430 3697 557 3759 uerbum
580 3716 699 3778 quoque
715 3717 749 3758 ex
766 3700 908 3777 qualitate
928 3699 1124 3760 ordinandum
1148 3706 1207 3768 est,
1230 3696 1309 3778 quod
1332 3716 1368 3760 ex
1391 3698 1489 3760 modis

258 3905 275 3953 3
287 3897 423 3966 Virgilius]
440 3918 469 3966 p.
480 3903 532 3952 138
540 3902 604 3965 Mai,
616 3902 650 3963 es.
660 3917 706 3952 ars
715 3917 790 3951 onon.
800 3901 882 3955 Bern.
890 3904 912 3964 f.
922 3900 990 3952 ml
997 3919 1024 3966 p.
1034 3905 1095 3966 136,
1103 3906 1137 3952 25
1172 3901 1327 3968 delectation
1361 3900 1488 3953 delectina

105 4044 111 4056 ·
193 4022 278 4071 diuino
362 3985 453 4070 dauid
470 4004 528 4069 null
599 4020 734 4069 lleetuntur
752 4025 819 4068 trude
837 4034 875 4069 esa
893 4022 993 4085 uspiam
1011 4020 1099 4069 Maius
1171 4019 1330 4083 nquaedam
1347 4045 1382 4055 -
1399 4020 1486 4086 ipsum

191 4106 239 4141 orn.
258 4089 344 4139 Maius
421 4087 511 4139 uittas
529 4089 570 4139 ille
639 4090 676 4137 sic
694 4088 767 4152 ipsus
785 4088 856 4152 ipsas
943 4088 1110 4137 illectuntur
1127 4088 1212 4137 cuium
1231 4089 1271 4137 cui
1289 4088 1347 4137 culo
1365 4088 1454 4139 Maius

191 4159 249 4207 cuia
266 4159 339 4206 cuiae
355 4157 448 4207 curiam.
483 4155 549 4207 Sunt
566 4172 633 4220 qrrae
650 4170 696 4206 etc.
715 4155 801 4205 Maius
895 4155 1009 4205 8helius
1029 4155 1078 4205 lreli
1096 4166 1145 4205 etc.
1164 4156 1251 4206 Μαιίιι
1320 4153 1409 4205 lrel¹ius
1428 4153 1487 4207 ltel¹i

192 4222 284 4275 lrel¹urn
302 4221 367 4273 hel¹a
385 4237 431 4275 etc.
489 4226 555 4274 liclia
572 4226 663 4277 Maius
747 4219 955 4274 olrelnnelum
974 4223 1023 4272 lius
1042 4223 1127 4273 iilum
1186 4223 1279 4273 lrelium
1297 4223 1380 4273 helius
1399 4224 1489 4276 Mniua

259 4295 334 4342 etiam
352 4309 399 4343 om.
420 4294 506 4343 Maius
574 4293 689 4342 cns³ibus
776 4293 808 4341 to
831 4302 857 4339 ut
875 4306 961 4339 eccum
979 4292 1031 4340 ecci
1049 4307 1109 4341 ecco
1127 4306 1214 4340 eccum
1232 4306 1319 4342 eccum
1336 4304 1396 4341 ecca
1414 4306 1489 4343 eccae

191 4376 274 4410 eccam
293 4377 352 4409 ecca
370 4375 428 4410 ecca
445 4360 519 4411 ellum
539 4360 579 4409 elli
597 4360 645 4410 ello
664 4359 738 4409 ellum
757 4358 804 4407 ello
823 4359 909 4408 ulluius
1014 4363 1044 4410 13
1062 4359 1108 4410 sed
1131 4359 1223 4425 plurali
1245 4371 1340 4410 carent.
1377 4359 1410 4409 lit
1426 4369 1488 4411 sunt

191 4431 344 4495 pronomina
362 4444 429 4490 quae
446 4442 497 4477 non
517 4430 603 4477 omnia
620 4430 646 4478 in
665 4443 714 4477 usu
732 4426 864 4489 habentur,
884 4441 911 4475 ιιι
928 4441 984 4474 mus
1003 4428 1038 4475 mi
1056 4427 1200 4477 etelllnius
1269 4429 1301 4478 1n
1319 4441 1371 4477 uon
1389 4427 1488 4478 liaben-

190 4508 232 4547 tur
250 4498 286 4546 itti
306 4499 331 4545 iu
349 4496 453 4546 dubiem
471 4492 646 4561 reccipiuntur
730 4497 762 4545 17
780 4511 794 4543 a
813 4496 861 4544 mis
880 4490 1017 4561 neummfi
1062 4510 1140 4544 mum.
1159 4494 1191 4545 Et
1208 4508 1248 4544 tus
1266 4505 1325 4544 tuus
1343 4496 1490 4547 susMaiur

192 4567 223 4616 19
241 4565 357 4631 sernplex
424 4566 456 4614 21
475 4564 568 4613 bucino
638 4559 774 4629 Virgilius]
791 4580 817 4627 p.
836 4565 887 4612 1⁴0
905 4562 963 4612 Mai
1024 4563 1124 4612 duobus
1144 4579 1178 4613 ex
1195 4563 1278 4612 modis
1296 4563 1384 4613 illatus
1454 4566 1488 4615 22

190 4635 286 4698 gutturi
338 4647 370 4681 ex
388 4632 481 4681 bucino
498 4633 567 4695 quod
585 4632 672 4682 Muiw
773 4633 807 4683 23
825 4644 885 4693 e0q;
910 4644 961 4679 uox
980 4631 1076 4680 nebunt.
1112 4628 1176 4679 Nam
1195 4633 1262 4681 sicut
1280 4657 1312 4667 -
1329 4633 1363 4681 24
1381 4642 1406 4681 et
1424 4647 1489 4682 uoce

190 4702 282 4750 derunt
299 4702 370 4765 opud
385 4700 490 4751 Maium.
542 4697 619 4763 sicut]
639 4700 662 4748 si
732 4701 764 4749 '23
782 4709 807 4748 et
825 4700 927 4749 umbum
980 4695 1118 4765 Virgilius]
1138 4699 1197 4749 Non
1215 4705 1290 4749 extet
1306 4700 1379 4763 apud
1388 4700 1488 4751 Maium

190 4769 224 4817 25
242 4770 268 4817 iu
287 4769 376 4819 urdine
392 4770 519 4835 pocrtium
604 4770 637 4819 ‘tt
654 4768 765 4817 admittit
833 4782 952 4817 casurum
1037 4769 1071 4819 29
1089 4764 1228 4832 Virgilius]
1247 4766 1307 4818 Il'on
1324 4775 1400 4818 octat
1416 4770 1490 4833 apud

191 4834 299 4898 dicium,
317 4839 352 4898 cs.
371 4854 397 4902 p.
413 4840 462 4887 lid
531 4839 564 4888 30
581 4833 628 4901 ag?
645 4850 676 4882 nn
697 4835 852 4900 prouinciam
872 4834 1011 4900 possedent
