3382 5476
193 356 255 421 136
713 355 780 406 uras
798 353 973 407 uuouuun
1230 384 1243 413 .

191 547 276 607 Sicut
298 551 357 605 est:
388 562 455 622 ego
479 546 574 623 ipse,
599 541 799 620 Virgilius,
830 546 890 620 qui
915 544 1095 620 quondam
1118 543 1253 622 gracili
1276 542 1497 609 modulatus

191 664 319 707 auena.
364 645 438 707 ltem
462 647 560 706 miuus
583 661 672 722 quam
695 645 825 715 linitum,
850 644 969 724 quando
991 644 1029 704 de
1045 635 1169 706 ahsente
1183 644 1306 706 dicitur:
1331 646 1496 726 ‘Virgilius

191 750 313 828 scripsit
335 746 488 817 Bucolica,
512 749 576 825 ipse
597 748 720 825 scripsit
741 747 908 824 Georgica’.
940 747 1005 808 Alia
1027 749 1204 826 pronomina
1225 748 1325 833 gentis
1346 754 1434 818 sunt,
1458 757 1494 810 ut

192 852 273 912 cuias
295 856 412 910 nostras
435 857 465 909 et
486 850 598 911 cuiates
620 854 781 917 nostrates,
812 847 849 907 de
877 846 986 927 quibus
1008 848 1231 909 Priscianus
1252 846 1340 910 dicit:
1378 866 1494 929 proun-

192 956 273 1014 mina
301 959 371 1013 sunt
398 952 567 1011 eommunia
596 951 687 1011 trium
716 967 859 1028 generum
883 959 913 1010 et
936 951 1041 1010 tertiae
1070 948 1294 1019 declinationis,
1322 956 1358 1011 ut
1385 948 1436 1011 nto
1464 960 1522 1013 ets

192 1055 266 1115 lraec
296 1062 325 1113 et
357 1052 414 1113 hoc
447 1058 563 1112 nostras
593 1054 736 1112 nostratis
758 1058 787 1112 et
815 1050 864 1111 hic
892 1058 922 1111 et
949 1051 1022 1111 liaeo
1050 1059 1080 1111 et
1110 1049 1167 1111 hoe
1193 1058 1309 1112 uestras
1338 1054 1493 1115 ueslratis.

192 1156 314 1217 Nostras
337 1171 410 1231 ergo
433 1162 463 1213 et
485 1160 601 1214 uestras
623 1155 791 1213 communia
815 1160 884 1213 suut
906 1154 996 1212 trium
1018 1167 1173 1229 generum.
1219 1153 1291 1213 item
1313 1154 1398 1214 cuias
1418 1172 1494 1234 prc-

193 1274 301 1317 nomen
324 1256 576 1335 praepositiuum,
600 1256 678 1315 sicut
701 1251 886 1332 Virgilius
909 1253 1047 1324 ostendit,
1066 1261 1110 1314 ut:
1135 1256 1231 1316 ‘cuias
1246 1256 1362 1317 estiste
1377 1253 1494 1326 liemo';

192 1357 444 1420 subiunctatiuum
474 1366 572 1417 autem
601 1372 767 1435 pronomen
796 1363 841 1415 est
868 1362 984 1416 nostras
1013 1361 1043 1415 et
1070 1364 1194 1418 uestras.
1237 1355 1371 1418 Dicimus
1392 1358 1493 1419 enlm:

194 1464 325 1520 ‘nostras
348 1467 393 1520 est
414 1459 471 1518 iste
494 1457 606 1518 lromo’.
651 1454 741 1517 Verbi
762 1457 871 1534 gratia,
894 1459 919 1516 si
942 1473 990 1516 me
1014 1458 1181 1536 interrogas
1202 1456 1240 1518 (le
1254 1457 1373 1518 Latino:
1396 1460 1495 1522 ‘cuias
1509 1473 1535 1513 ιι

193 1563 260 1629 est’,
277 1569 327 1621 aut
341 1559 378 1620 (le
394 1559 504 1629 llauro,
520 1559 588 1621 dico
604 1558 673 1619 tibi:
697 1559 826 1618 ‘nostras
841 1565 887 1618 est
902 1560 957 1619 iste
973 1557 1116 1629 Latinus,
1136 1560 1264 1620 ‘uestras
1279 1567 1323 1620 est
1336 1560 1396 1621 iste
1410 1560 1496 1622 liau-

193 1664 267 1724 rus'.
312 1661 385 1722 lteur
409 1659 616 1740 l’aperinus
639 1658 711 1720 dicit
732 1659 768 1719 de
784 1659 830 1721 his
845 1659 1088 1737 pronominibus:
1117 1662 1270 1721 ‘eulatia
1291 1671 1381 1725 sunt
1401 1661 1497 1723 haec

194 1763 410 1841 nianeipiat'
434 1761 721 1840 respondemus:
745 1764 949 1822 ‘nostratia
972 1764 1087 1822 sunt’.
1110 1761 1182 1821 ltem
1196 1760 1378 1840 Virgilius
1393 1760 1433 1823 de
1448 1761 1497 1824 his

195 1861 422 1945 pronominibus
438 1862 529 1925 dixit:
559 1871 645 1922 sunt
672 1865 891 1941 pronomina
919 1862 1117 1924 secundum
1147 1870 1346 1943 utrumque
1367 1882 1497 1926 nume·

195 1984 282 2031 rum,
299 1982 393 2043 quae
416 1982 481 2042 per
503 1971 679 2043 quattuor
702 1981 809 2023 casus
832 1962 1082 2032 declinantur,
1106 1973 1144 2024 ut
1167 1966 1271 2025 cuias
1293 1966 1438 2026 cuiatis
1461 1974 1536 2027 ettt

197 2067 429 2126 nrorninatiuo
459 2063 601 2144 plurali
635 2065 777 2125 cuiatcs
804 2073 839 2125 et
867 2066 1005 2126 cuiatia
1035 2074 1069 2125 et
1097 2067 1316 2127 accusatiuo
1352 2065 1498 2145 plurali

196 2170 357 2235 cuiates;
381 2167 558 2227 sicetiam
576 2168 1394 2230 nostrasnostratisetnostratesnostrates.
1419 2167 1500 2229 llinc

197 2268 540 2347 legiturinVirgilio:
566 2270 851 2328 nostrasomnis
874 2267 1030 2337 lamilia,
1054 2276 1245 2329 nostrates
1266 2285 1412 2348 quoque
1434 2288 1500 2349 pe·

198 2389 284 2431 cora
307 2369 468 2432 euadent
496 2368 721 2430 inminentia
750 2368 946 2454 hostilium
975 2369 1154 2448 pericula.
1200 2371 1384 2431 Garrinus
1404 2389 1499 2450 qno·

199 2489 269 2549 une
291 2473 558 2549 grammaticus
586 2473 725 2549 inquit:
750 2478 940 2531 nostrates
967 2469 1132 2531 salutate
1161 2472 1316 2542 iratres,
1347 2474 1439 2551 qnia
1462 2480 1537 2534 etro

200 2581 393 2633 nostrates
414 2591 480 2634 nos
502 2571 679 2633 salutant.
723 2572 923 2632 Terentius
955 2589 1101 2652 quoque
1131 2572 1245 2634 dixit:
1274 2574 1380 2634 cuias
1401 2591 1500 2651 gens

200 2683 239 2735 et
260 2677 409 2735 cniutes
431 2673 560 2754 populi
582 2671 593 2754 ΙΙ
617 2674 637 2734 l.
655 2669 737 2733 114¹>
762 2671 772 2754 ΙΙ
795 2672 942 2734 litteris
964 2684 1036 2733 tam
1060 2682 1228 2753 prompto
1251 2673 1371 2734 dediti
1394 2682 1498 2745 sunt,

200 2794 305 2855 quam
328 2774 457 2845 Tusci,
486 2793 641 2853 quorum
668 2783 800 2837 natura
830 2775 954 2835 fertur
977 2774 1020 2835 ab
1049 2775 1213 2836 inlautia
1236 2775 1415 2855 usquead
1438 2794 1500 2836 ca·

200 2879 333 2938 uitiam
361 2878 573 2956 sapientiae
606 2875 678 2936 soli
711 2875 865 2936 studere
894 2884 928 2936 et
958 2875 1055 2936 nihil
1088 2875 1190 2936 aliud
1223 2895 1359 2947 amare,
1391 2895 1499 2956 quam

200 2996 347 3057 semper
381 2975 665 3056 philosophari?
709 2976 746 3037 Et
778 2979 887 3037 iterum
910 2977 1097 3055 Virgilius
1129 2977 1166 3038 de
1193 2977 1239 3038 his
1268 2976 1538 3057 pronominibusss

202 3081 341 3140 tractauit
355 3079 471 3138 dicens:
496 3084 576 3138 ‘sunt
596 3079 772 3157 pronomina
794 3080 907 3157 ignota,
931 3097 1006 3158 quae
1029 3076 1191 3140 multifarie
1214 3079 1392 3141 delectation
1413 3086 1497 3147 sunt;

272 3385 285 3431 1
305 3396 353 3447 ego
372 3381 439 3448 ipse]
459 3384 605 3433 liternum
623 3384 709 3447 igitur,
744 3384 771 3432 ui
787 3384 909 3433 notissimi
926 3398 1015 3433 uersus
1030 3385 1183 3448 principium
1201 3385 1274 3448 ‘ipae
1291 3387 1355 3450 ego’
1373 3399 1430 3435 erre
1446 3387 1502 3435 uel·

203 3452 273 3500 leat?
323 3451 433 3500 conadam
484 3450 629 3500 modulatus
698 3400 846 3501 3Yoocoliea
914 3449 1106 3517 ll‘risrinnus]
1125 3452 1328 3517 ofilp.586,5
1396 3454 1501 3504 neom-

204 3533 280 3568 muua
331 3519 549 3585 8propositiuum
595 3515 731 3585 Virgilius]
751 3518 809 3569 Nou
827 3525 900 3569 esetnt
918 3522 940 3568 ie
957 3523 1026 3570 iocus
1044 3522 1114 3583 apud
1126 3520 1230 3570 Maium.
1285 3521 1315 3570 12
1329 3518 1499 3587 pauperinus]

203 3587 238 3649 rs.
259 3587 291 3636 A.
311 3586 379 3636 Maii
395 3593 462 3642 auct.
479 3589 554 3637 class.
578 3589 637 3636 Vnt.
657 3595 714 3637 rom.
738 3586 762 3635 V
772 3603 799 3651 p.
814 3590 848 3635 27
859 3595 910 3637 not.
925 3590 942 3637 3
960 3604 995 3638 erc
1015 3587 1157 3649 Guinsredu
1175 3594 1338 3652 excerptum:
1357 3588 1502 3653 Paperitius

203 3655 251 3703 ait:
270 3655 361 3704 cuiatia
380 3666 440 3703 snut
456 3655 506 3704 ista
525 3655 670 3719 mancipia?
690 3654 875 3720 respondemus
894 3657 1026 3704 nostratia.
1051 3654 1101 3704 Sed
1120 3655 1244 3720 Virgilius
1263 3655 1412 3718 dicitquod
1429 3656 1502 3706 euius

203 3732 228 3771 et
245 3731 348 3769 nostrus
367 3732 473 3786 excepto
492 3722 648 3771 nominatino
667 3723 800 3783 utriusque
817 3723 915 3771 numeri
933 3722 1044 3784 reliquos
1064 3738 1114 3771 nou
1128 3722 1222 3771 liabent
1238 3736 1324 3783 rasus,
1344 3733 1371 3771 nt
1387 3722 1460 3773 ertias
1479 3736 1504 3773 et

205 3801 306 3838 nostras
325 3799 349 3836 et
367 3787 496 3853 pluraliter
514 3790 609 3838 cuiates
629 3798 765 3843 nostrates.
869 3794 900 3840 13
918 3790 1055 3856 respondit
1076 3806 1124 3840 tuos
1143 3791 1291 3855 nostrallltia
1360 3787 1501 3856 Virgilius]

204 3858 239 3920 rs.
259 3857 291 3906 A.
306 3855 364 3904 Μαι·
377 3858 458 3919 gur.
470 3859 517 3906 28:
537 3856 583 3905 Est
601 3857 676 3905 otium
695 3871 835 3921 pronomen
854 3859 995 3907 seeundum
1014 3869 1149 3921 utrumque
1168 3873 1300 3907 numerum
1318 3873 1364 3924 per
1381 3868 1503 3920 quattuor

204 3940 280 3972 cusiis
299 3922 490 3983 declinandum,
509 3923 574 3973 duos
593 3923 689 3973 scilicet
706 3926 879 3974 uouuuatiuos
898 3925 1055 3989 singularem
1074 3938 1099 3975 et
1116 3925 1252 3991 pluralem,
1276 3926 1342 3975 duos
1360 3941 1441 3988 aeque
1459 3940 1503 3975 ac-

204 3993 347 4049 cusatiuos,
367 4003 394 4040 nt
412 4001 514 4040 riostras
534 4003 670 4053 nostrates,
688 3992 759 4040 cuias
777 3993 882 4042 cuiates.
953 3995 984 4044 14
1002 4000 1134 4056 unumque
1192 3996 1223 4044 ta
1241 4008 1331 4043 cassus
1383 3993 1454 4043 cuias
1473 4008 1503 4043 as

205 4060 296 4108 cuiatis
332 4059 517 4108 nominatiunm
571 4060 601 4109 16
619 4061 716 4109 ciuntes
769 4063 800 4110 l'l
819 4071 931 4108 nostram
951 4062 1071 4110 nostratis
1124 4063 1156 4112 18
1168 4061 1193 4109 in
1206 4057 1383 4127 ouvirgittq]
1397 4061 1505 4125 uirglo,

204 4129 240 4189 cs.
259 4127 316 4176 silui
331 4144 360 4191 p.
379 4129 413 4176 28
500 4130 530 4178 19
550 4125 673 4192 ostilium]
699 4127 810 4176 hostium
834 4129 929 4178 emend.
947 4129 1042 4177 Petrum
1059 4130 1152 4179 Daniel
1219 4126 1353 4193 Garrulus]
1373 4128 1503 4179 Gabritius

210 4195 333 4259 Virgilius
345 4195 412 4245 Maii
463 4197 495 4246 20
513 4197 667 4260 gramaticus
685 4195 746 4244 incit
796 4197 827 4244 21
847 4193 945 4258 tertius]
964 4195 1095 4245 Terentius
1110 4196 1233 4260 Virgilius
1245 4197 1313 4246 Muli
1362 4197 1403 4245 eui
1422 4211 1503 4262 agens

206 4264 239 4312 22
257 4277 308 4325 qun
326 4270 440 4328 prumt’te
507 4267 541 4314 23
559 4265 590 4312 ab
609 4262 731 4312 inlautiae
749 4263 823 4312 urinis
841 4264 982 4327 sapientiae
1004 4264 1107 4313 studere
1123 4264 1172 4313 soli
1194 4264 1318 4329 Virgilius
1334 4264 1403 4314 Mau
1469 4266 1505 4315 24

207 4327 332 4395 sapientie
400 4333 433 4380 ‘25
451 4330 641 4396 philosopharis,
659 4347 727 4381 eurr.
746 4329 779 4378 ali
830 4328 968 4395 Virgilius]
986 4332 1020 4394 cs.
1040 4334 1148 4395 epitome
1166 4332 1210 4382 IX
1225 4349 1253 4397 p.
1274 4335 1327 4382 138
1344 4332 1424 4382 Mare
1443 4341 1505 4381 sunt

208 4399 362 4463 pronomina
388 4399 490 4462 ignota,
519 4412 585 4459 quae
607 4398 742 4447 multilurie
766 4398 891 4447 desertina
913 4410 986 4454 sunt;
1017 4398 1139 4448 norrnrullu
1167 4400 1234 4449 euim
1262 4398 1318 4449 solo
1345 4400 1504 4449 nominatiun

208 4466 351 4528 llectuntur,
370 4465 437 4514 tlttde
455 4474 494 4514 est
511 4464 620 4529 uspiam.
657 4464 722 4515 Sunt
739 4481 804 4528 quae
822 4466 902 4514 tribus
920 4467 1021 4516 casibus
1042 4468 1176 4517 lleetuntur
1193 4470 1277 4517 curium
1295 4468 1336 4516 cui
1355 4467 1428 4532 eurio,
1445 4468 1504 4517 cuia

207 4536 279 4582 cuiae
297 4534 389 4582 eniam.
426 4530 491 4581 Sunt
508 4547 574 4593 quae
592 4534 758 4584 tetracusibus
775 4533 945 4594 declinantur,
973 4534 1092 4584 anhelus
1115 4534 1197 4584 helius
1224 4534 1273 4584 lreli
1299 4534 1409 4589 ltelium;
1438 4535 1504 4585 heliu

208 4601 289 4650 lielius
308 4600 357 4649 heli
375 4599 471 4662 helam3
491 4598 574 4648 heitom
593 4598 674 4650 helius
693 4602 743 4651 heli
761 4601 854 4651 heitom.
891 4600 956 4650 Sunt
973 4618 1039 4665 qnae
1057 4604 1237 4668 peutaeasibus
1251 4613 1363 4665 utuntur,
1377 4616 1405 4651 ut
1416 4617 1503 4652 eccum

208 4670 259 4717 arei
278 4683 336 4717 ecco
355 4682 441 4716 eccum
460 4682 561 4731 ercum3
584 4683 642 4716 ecca
661 4685 733 4719 eccae
750 4685 834 4719 eccam
853 4684 911 4718 ecca
929 4686 1000 4731 ecca;
1023 4671 1097 4720 ellum
1121 4671 1161 4720 elli
1189 4670 1237 4719 ello
1260 4670 1335 4719 ellum
1358 4669 1416 4723 ello.
1452 4668 1505 4719 Sed

210 4736 300 4800 plurali
318 4748 411 4785 curent.
479 4736 513 4785 26
530 4734 694 4801 delectatiuu]
713 4739 783 4788 Hinc
800 4739 916 4803 corrigas
932 4738 1066 4802 Virgilium
1079 4739 1145 4789 Muti
1159 4755 1186 4803 p.
1198 4738 1246 4787 27:
1265 4736 1332 4788 Sunt
1349 4739 1504 4805 pronomina

210 4804 303 4864 uiribus
321 4804 456 4853 declinatio
475 4802 616 4852 ull'eetntiua
635 4804 674 4852 uel
693 4806 872 4855 courmutntiua
890 4807 1020 4855 asseritur.
