3382 5476
235 1457 282 1538 ln
304 1470 367 1534 hoc
389 1471 675 1534 anecdotorum
697 1468 999 1533 Helueticorum
1021 1469 1061 1533 ad
1084 1474 1185 1532 artem
1207 1473 1449 1554 grammaticam

139 1585 364 1671 spectantium
392 1584 556 1647 uolumine
584 1583 798 1666 conficiendo,
832 1581 917 1666 quod
947 1583 1230 1665 grammaticorum
1257 1584 1448 1651 Latinorum

103 1694 284 1761 “editioni
312 1717 416 1758 nouae
445 1695 536 1778 quasi
564 1693 822 1777 supplementum
848 1691 930 1756 adici
953 1690 1057 1756 uoluit
1078 1691 1238 1758 Teubneri
1261 1695 1449 1761 amicorum·

142 1818 208 1891 q'ue
229 1805 399 1870 doctorum
421 1805 606 1888 prudentia,
629 1803 788 1887 duplicem
810 1803 969 1867 rationem
991 1806 1118 1867 secutus
1140 1826 1227 1888 sum,
1249 1808 1286 1869 ut
1307 1809 1340 1870 et
1361 1807 1448 1871 colli-

142 1938 256 2001 gerem
273 1937 515 1999 excerperemus
523 1966 532 1999 ,
555 1936 637 1999 quae
652 1913 807 1978 hactenus
821 1913 989 1997 incognita
1003 1913 1038 1976 in
1052 1913 1257 1979 bibliothecis
1272 1916 1448 1982 Helueticis

70 2085 75 2093 .
143 2027 357 2090 Turicensi
380 2024 632 2090 Einsidlensi
655 2023 855 2088 Bernensi
883 2022 1060 2108 latuerant,
1088 2029 1136 2109 et,
1165 2026 1192 2088 si
1220 2027 1297 2109 quid
1324 2027 1364 2091 ad
1393 2050 1447 2092 eos

143 2139 263 2221 libros,
292 2137 347 2219 qui
377 2137 441 2199 iarn
469 2139 580 2200 extant
608 2135 642 2197 in
670 2157 757 2199 noua
779 2133 911 2198 chrici
939 2132 1038 2198 Keilii
1065 2134 1205 2199 editione
1234 2136 1273 2199 ad
1301 2137 1445 2202 codicum

144 2247 241 2311 fidem
277 2246 450 2330 recogniti,
484 2245 691 2309 illustrandos
726 2244 888 2309 uideretur
921 2266 960 2308 ex
993 2244 1104 2309 iisdem
1132 2246 1279 2310 fontibus
1308 2247 1446 2311 deriuari

143 2380 256 2440 posse,
279 2379 373 2440 quam
397 2356 632 2420 accuratissime
655 2376 870 2440 congererem.
908 2355 1036 2439 Itaque,
1059 2377 1099 2419 ne
1121 2360 1274 2439 proteruo
1296 2357 1376 2440 pede
1399 2358 1446 2421 in-

143 2490 307 2532 currerem
329 2467 363 2530 in
392 2466 515 2529 alienos
544 2465 669 2529 labores
696 2465 839 2530 nondum
868 2463 908 2529 ad
935 2466 1032 2528 finem
1059 2464 1244 2548 perductos,
1273 2467 1382 2529 omnia
1409 2489 1447 2531 ea

142 2578 266 2660 scripta
293 2577 440 2639 consulto
474 2572 689 2658 praetermisi,
725 2599 821 2657 quae,
856 2575 942 2658 quod
972 2578 1020 2638 est
1048 2574 1109 2637 uiri
1137 2575 1312 2639 doctissimi
1340 2598 1445 2640 nouae

143 2686 297 2752 editionis
320 2687 459 2750 auctoris
482 2689 578 2769 atque
600 2686 738 2768 auspicis
760 2687 946 2768 consilium,
968 2685 1124 2769 proximis
1144 2683 1229 2748 haud
1245 2684 1339 2749 dubie
1355 2686 1444 2750 nolu-

142 2799 286 2862 minibus
308 2796 378 2860 luce
402 2795 622 2879 donabuntur,
648 2818 785 2880 quorum
808 2796 842 2860 in
865 2818 999 2860 numero
1022 2794 1235 2879 orthographi
1257 2797 1445 2879 praesertim

140 2913 177 2972 et
199 2907 247 2971 rei
269 2907 420 2971 metricae
442 2907 614 2990 scriptores
637 2910 740 2971 crunt.
778 2905 840 2972 Sed
862 2906 1066 2991 praecipuam
1089 2928 1219 2990 operam
1242 2905 1276 2969 in
1293 2929 1332 2970 eo
1347 2907 1445 2972 collo-

140 3018 233 3100 caui,
268 3020 304 3081 ut
330 3017 466 3101 primam
495 3039 644 3100 operum,
680 3020 841 3100 quotquot
867 3017 1062 3101 inuestigare
1090 3017 1197 3099 potui,
1229 3015 1333 3080 medio
1363 3040 1443 3083 aeuo

138 3129 336 3211 scriptorum
357 3127 508 3191 notitiam
530 3127 732 3211 praeberem,
758 3127 822 3190 alia
843 3127 984 3212 integra,
1011 3133 1048 3191 ut
1070 3131 1176 3210 erant,
1206 3126 1270 3197 alia
1291 3149 1329 3190 ex
1351 3131 1443 3210 parte

140 3238 355 3302 describerem
378 3237 430 3301 uel
452 3237 637 3301 summatim
658 3259 886 3320 percurrerem.

231 3347 351 3422 Quibus
379 3348 420 3429 si,
450 3347 526 3430 quia
554 3347 640 3411 intra
667 3346 835 3439 Heluetiae
867 3348 947 3412 fines
975 3349 1177 3431 inuenerem,
1211 3346 1442 3413 anecdotorum

141 3457 385 3521 Helueticorum
407 3478 527 3521 nomen
549 3455 665 3540 indidi,
691 3479 759 3522 non
781 3480 910 3540 uereor,
938 3480 995 3541 nc,
1025 3457 1080 3542 qui
1102 3457 1215 3521 ceteris
1236 3458 1442 3523 bibliothecis

140 3569 213 3632 cius
234 3567 360 3651 generis
381 3566 574 3650 scriptorum
596 3567 823 3632 seruatricibus
844 3568 897 3631 uel
920 3567 1084 3632 Parisinac
1107 3566 1158 3631 uel
1180 3568 1366 3633 Monacensi
1388 3570 1439 3634 uel

141 3676 292 3742 Leidensi
315 3677 366 3739 uel
389 3677 521 3741 cuilibet
549 3676 605 3740 alii
632 3682 799 3760 praesunt,
830 3679 857 3741 si
879 3678 963 3742 forte
987 3677 1097 3741 eadem
1119 3678 1171 3741 uel
1193 3677 1245 3742 his
1266 3679 1385 3743 similia
1406 3680 1439 3745 in

142 3789 210 3852 suis
225 3809 352 3870 quoque
367 3786 530 3851 codicibus
545 3787 685 3851 inueniri
701 3787 845 3870 uideant,
869 3791 1014 3872 ereptum
1029 3788 1090 3851 sibi
1105 3810 1225 3852 nornen
1238 3788 1317 3872 ipsis
1332 3790 1440 3872 potius

140 3899 285 3963 debitum
307 3900 491 3981 querantur.
530 3895 608 3972 Quis
630 3899 717 3962 enim
732 3897 875 3963 Crameri
897 3898 1052 3963 anecdota
1068 3897 1265 3963 Oxoniensia
1286 3898 1337 3964 uel
1352 3898 1440 3965 Pari·

139 4010 213 4072 sina
234 4008 453 4072 Parisinorum
480 4007 704 4071 tantummodo
732 4008 784 4072 uel
807 4008 1039 4073 Oxoniensium
1065 4008 1222 4072 librorum
1249 4010 1439 4074 auctoritate

137 4125 172 4183 et
200 4117 357 4181 beneficio
385 4117 425 4182 ad
453 4122 597 4182 nostram
625 4121 763 4182 aetatem
790 4120 974 4201 peruenisse
1002 4117 1198 4183 contendat?
1239 4117 1438 4202 Quamquam

136 4227 372 4294 anecdotorum
386 4226 629 4292 Helueticorum
652 4250 772 4293 nomen
794 4230 836 4293 ob
857 4228 941 4294 hanc
963 4229 1101 4293 maxime
1123 4251 1251 4292 causam
1273 4228 1438 4313 amplexus

134 4364 224 4422 sum,
254 4336 423 4423 quoniam,
452 4360 524 4402 curn
552 4360 593 4402 ne
621 4360 687 4402 una
714 4338 843 4422 quidem
869 4341 990 4425 pagina
1010 4339 1253 4404 Helueticorum
1281 4339 1437 4405 librorum

132 4451 330 4518 auctoritate
359 4453 480 4532 careat,
508 4452 578 4512 tum
606 4448 704 4533 longe
732 4450 872 4513 maxima
897 4450 972 4514 libri
999 4472 1089 4535 pars,
1117 4454 1276 4534 quatenus
1296 4450 1436 4535 peregri-

128 4584 252 4629 norum
268 4582 288 4623 a
303 4558 383 4621 uiris
403 4559 505 4623 doctis
527 4563 848 4625 commemoratorum
869 4561 986 4625 notitia
1007 4560 1088 4625 mihi
1110 4559 1254 4645 patebat,
1276 4583 1296 4624 a
1316 4542 1454 4626 nostris

127 4674 208 4740 solis
244 4668 423 4756 repetenda
454 4672 511 4734 est.
565 4668 669 4735 Immo
702 4670 737 4734 in
770 4692 808 4734 eo
840 4671 948 4758 potius
980 4670 1209 4759 reprehendar,
1246 4669 1332 4756 quod
1367 4694 1434 4740 non
