3382 5476
195 390 263 444 0Χο
503 407 509 431 ι
584 377 634 432 DE
653 378 807 432 POMPEII
825 379 873 432 ΕΤ
893 380 1089 433 CONSENTII

278 568 299 629 1.
326 565 384 628 12·
406 596 447 618 =
471 565 541 637 147,
565 566 602 628 21
650 569 725 630 Sunt
747 567 802 628 alia
826 567 975 648 qualitatis
996 578 1029 630 ιιι
1051 569 1147 630 bonus
1168 587 1244 649 quae
1258 570 1347 630 ctiam
1362 588 1378 631 a
1393 568 1489 632 tribus

198 669 357 731 trabuntur
379 670 416 732 ab
439 673 538 733 auimo
560 689 576 732 a
599 688 725 750 corpore
748 672 932 731 extrinsecus
954 669 991 730 ab
1013 672 1111 732 animo
1133 681 1166 732 ut
1188 670 1300 733 doctus.
1325 688 1341 732 a
1363 688 1489 751 corporo

195 781 227 832 ut
249 772 333 848 niger
355 773 506 841 candidus,
530 773 714 834 extrinsecus
735 783 768 834 ut
789 773 956 834 fortunatus
1045 810 1047 814 ψ
1100 792 1105 798 ·

284 872 355 934 ibid.
379 902 421 924 =
445 872 517 952 151,
542 870 582 934 18
604 873 641 934 de
663 875 736 954 ipsis
765 872 906 953 gradibus
928 893 957 953 tp
990 877 1080 935 situm
1109 881 1153 935 est
1180 874 1258 954 quod
1287 882 1385 936 essem
1450 871 1491 937 19

194 982 227 1037 ιιι
248 974 354 1037 doctus
417 971 461 1035 21)
481 980 585 1055 superi
607 978 636 1036 ιιι
658 975 845 1037 doctissimus
908 972 947 1035 21
972 983 1071 1037 estut
1101 975 1332 1063 compiuttatn
1388 971 1492 1038 22est

195 1085 227 1139 ut
248 1057 381 1158 superlat
402 1080 432 1138 u²
453 1076 639 1139 doctissimus

278 1181 298 1240 1.
324 1177 386 1242 131)
407 1206 449 1229 --
473 1176 543 1248 156,
569 1178 585 1239 l
624 1178 760 1258 Quinque
781 1187 850 1240 suut
871 1177 1012 1241 aduerbia
1027 1197 1103 1259 quae
1124 1196 1183 1239 non
1198 1178 1342 1241 debemus
1364 1182 1490 1257 iungere

193 1283 252 1344 nisi
274 1283 403 1362 positiuo
424 1289 540 1343 mutum
563 1289 596 1342 ut
617 1293 677 1342 tam
700 1282 793 1360 magis
815 1282 943 1342 maxime
971 1283 1068 1342 minus
1096 1282 1218 1342 minime
1245 1291 1279 1342 ut
1304 1289 1363 1342 tam
1386 1280 1491 1342 doctas

194 1383 289 1445 debeo
312 1383 414 1445 dicere
476 1379 579 1444 4non
601 1390 662 1443 tam
684 1374 871 1444 doctissimus
928 1380 1024 1444 bnon
1039 1385 1131 1462 magis
1147 1381 1336 1446 docdssimus
1392 1382 1490 1446 buon

195 1488 324 1547 maxime
348 1486 539 1548 doctissimus
582 1493 612 1546 et
632 1483 746 1547 reddita
770 1492 816 1546 est
836 1485 911 1545 ratio
934 1502 1026 1563 quare
1048 1502 1107 1546 non
1131 1486 1421 1562 coniunguntur'ista
1435 1485 1489 1547 ad-

195 1588 297 1650 uarbia
322 1589 377 1649 nisi
398 1589 527 1668 positiuo
549 1594 663 1649 mutum
685 1586 762 1648 idest
782 1586 900 1667 quaudo
922 1584 1034 1647 babent
1054 1603 1161 1649 seusus
1182 1589 1318 1667 augentis
1337 1596 1388 1648 aut
1401 1606 1489 1667 prae·

195 1692 321 1753 terentis

278 1791 350 1853 ibid.
366 1820 408 1843 =
432 1789 501 1861 158,
524 1787 566 1853 29
584 1792 711 1871 optimus
734 1793 880 1851 maximus
943 1786 986 1852 30
1008 1808 1067 1852 nou
1089 1790 1184 1852 solum
1206 1809 1265 1852 non
1286 1800 1356 1854 siant
1419 1798 1491 1852 sunt

155 1898 160 1909 '
194 1894 251 1955 tani
272 1896 392 1973 positiui
456 1892 496 1955 31
513 1895 572 1969 qsi
595 1901 672 1953 esset
693 1892 804 1972 iupiter
825 1909 901 1952 uuus
924 1900 954 1952 et
975 1891 1050 1953 alter
1072 1903 1194 1963 tantum,
1219 1891 1294 1955 bene
1309 1892 1489 1955 diceremus.

194 1997 314 2058 itemst
336 2003 517 2058 essenttres
541 1994 635 2056 loues.
660 2011 726 2054 cum
749 2001 846 2054 autem
871 1991 1017 2072 (optinet)
1040 2028 1083 2039 -
1103 1991 1147 2055 34
1168 2012 1234 2056 esse

279 2115 298 2178 1.
324 2112 387 2176 14¹³
408 2138 452 2167 =
475 2109 551 2183 169,
580 2109 601 2172 2
628 2111 787 2182 discendit,
815 2129 897 2173 corr.
921 2131 960 2174 m.
984 2113 1024 2173 II
1047 2113 1082 2193 ἧς
1112 2099 1271 2175 ιιιιιιιιιιΙίιὃ
1302 2113 1357 2192 (ost
1377 2132 1416 2174 m.
1440 2115 1487 2192 II)

195 2216 349 2287 discendit,
378 2234 459 2278 corn.
483 2233 521 2276 m.
545 2216 582 2275 II
617 2285 620 2305 Ι
651 2218 827 2295 composite,
855 2232 937 2276 corr.
963 2248 997 2258 -
1024 2233 1040 2275 a
1063 2217 1144 2276 nel
1211 2214 1233 2277 4
1261 2217 1417 2278 constituta
1445 2216 1489 2272 ÷

195 2320 246 2399 (÷
268 2337 306 2380 m.
329 2320 375 2399 H)
440 2315 461 2379 5
484 2325 579 2378 autem
603 2334 659 2378 om.
684 2351 725 2360 -
747 2315 906 2385 discendit,
928 2334 1010 2379 corr.
1034 2334 1072 2378 m.
1096 2319 1140 2378 II.

282 2437 301 2498 1.
324 2433 387 2498 261
408 2463 451 2492 =
475 2433 550 2506 135,
572 2432 614 2497 36
636 2434 810 2515 plerumque
852 2443 884 2495 ut
913 2435 1082 2497 nominibus
1113 2444 1229 2497 utamur
1257 2454 1311 2517 pro
1338 2435 1491 2499 aduerbiis

198 2546 232 2599 ut
253 2540 279 2599 si
303 2539 385 2600 dieas
406 2546 524 2600 toruum
546 2537 654 2598 clamat
720 2534 794 2607 136,
823 2535 844 2598 2
870 2539 940 2599 item
969 2541 1119 2600 contrario
1148 2536 1288 2599 aduorbia
1318 2540 1405 2621 ponis
1432 2556 1489 2617 pro

195 2640 364 2702 nominibus
387 2649 419 2702 ut
440 2644 465 2701 si
489 2639 570 2702 dicas
592 2657 689 2700 mane.
727 2639 797 2700 dicit
818 2639 882 2719 ιιὶιὲ
943 2637 1017 2701 bet
1039 2659 1074 2700 ex
1096 2659 1131 2701 co
1169 2640 1297 2702 ostendit
1320 2687 1487 2702 ......

193 2745 218 2803 si
241 2741 370 2804 ostendit
390 2759 485 2821 genus
506 2742 578 2803 iecit
599 2759 706 2802 nomen

278 2844 349 2905 ibid.
373 2873 415 2895 =
439 2838 509 2914 136,
537 2839 657 2904 11-21
704 2841 741 2902 11
764 2842 835 2921 quid
859 2860 930 2921 ergo
958 2847 1076 2906 nomina
1105 2843 1222 2926 quando
1250 2854 1319 2908 sunt
1346 2845 1489 2907 aduerbia

194 2946 255 3006 iam
278 2946 424 3025 incipiunt
453 2965 539 3008 casus
564 2962 624 3006 non
654 2944 773 3005 babere.
804 2962 861 3022 qua
889 2946 1011 3005 rationo.
1041 2948 1107 3025 quia
1136 2949 1161 3007 si
1190 2949 1309 3008 nomina
1376 2946 1416 3010 15
1438 2948 1489 3009 ad·
1557 2967 1560 2970 ’

195 3047 307 3118 uerbia,
332 3065 388 3109 om.
412 3056 509 3108 autem
578 3042 616 3106 16
639 3047 705 3106 uice
728 3045 938 3108 aduerbiorum
962 3048 1014 3124 (cs.
1038 3047 1118 3110 lieu.
1135 3067 1170 3125 p.
1187 3056 1227 3107 85
1242 3047 1316 3126 not.)
1342 3085 1376 3095 -
1401 3069 1489 3113 casus

192 3168 252 3210 nou
277 3149 386 3211 babere

280 3250 352 3314 ibid.
375 3280 417 3303 ==
442 3248 516 3320 136,
545 3246 587 3311 20
608 3269 668 3330 seq.
706 3246 750 3311 20
769 3269 876 3312 nomeu
900 3250 1018 3330 quando
1040 3271 1095 3333 pro
1117 3253 1261 3314 aduerbio
1283 3257 1404 3333 ponitur
1427 3273 1486 3315 uon

194 3362 276 3415 tonet
297 3372 382 3415 casus
403 3352 578 3415 aducrbium
602 3371 674 3413 uero
738 3350 776 3414 21
801 3355 974 3415 innomine
998 3389 1033 3400 -
1059 3358 1195 3435 accipere
1217 3374 1304 3416 casus

761 3642 843 3704 One.
868 3641 914 3705 ΙΙ.

677 3776 996 3844 CONSENTIANA.

279 3935 441 4010 Postquam
469 3934 579 4023 ipttur·
595 3944 711 4011 quantn
738 3934 854 3995 codicis
882 3933 1048 3995 Beruenses
1079 3942 1133 3993 123
1161 3936 1205 3994 ad
1225 3933 1363 4012 Pompeii
1389 3936 1485 3996 uerba

197 4034 384 4097 restituenda
407 4035 574 4097 auctoritas
594 4036 634 4097 sa‘t
660 4040 736 4097 satta
762 4034 880 4097 idonens
908 4035 1177 4098 demonstrauimus
1204 4034 1407 4112 ornamentis,
1435 4056 1486 4098 su·

188 4144 301 4215 petest,
316 4145 349 4199 ut
364 4140 402 4198 de
417 4137 612 4199 consentit
625 4137 701 4198 totns
715 4137 893 4212 quibusdam
908 4137 941 4199 a'n
957 4140 1058 4198 eodem
1072 4137 1229 4200 Clementis
1244 4156 1335 4215 opere
1348 4137 1486 4200 laudatis

191 4239 271 4301 idem
289 4240 361 4313 sere
381 4244 569 4302 statuendam
592 4259 654 4301 esse
675 4243 871 4302 ostendamus.
919 4241 1103 4317 Quamquam
1124 4243 1186 4325 bac
1205 4259 1240 4302 re
1265 4240 1335 4318 c'psa
1358 4259 1377 4300 a
1399 4241 1485 4302 Pom-

189 4340 262 4418 peio
285 4342 460 4403 Cornentius
486 4341 606 4416 differt,
641 4345 723 4417 quod
748 4346 802 4418 qui
826 4351 987 4420 supersunt
1014 4342 1078 4404 eius
1105 4342 1180 4405 tibae
1207 4346 1422 4419 manuscripti,
1451 4351 1487 4404 ut

189 4441 350 4520 paucitate
372 4447 563 4520 aliquidem,
589 4448 632 4504 ita
647 4446 778 4505 bonitate
798 4443 957 4521 conspicui
968 4454 1045 4506 sunt.
1091 4446 1154 4505 Sed
1174 4450 1205 4507 in
1228 4454 1315 4507 tanta
1337 4447 1485 4507 librorum

187 4544 348 4621 paucitate
369 4546 428 4626 (cs.
453 4544 532 4607 neit.
552 4546 657 4620 praes.
677 4565 709 4623 p.
733 4545 805 4628 330)
824 4550 974 4608 saeculum
997 4547 1145 4609 decimum
1173 4557 1272 4609 aetate
1293 4550 1379 4608 baud
1396 4565 1486 4625 supe·

192 4653 327 4709 rontium
341 4656 385 4707 est
400 4646 534 4722 aliquid,
559 4649 749 4724 deprehendi
767 4652 883 4725 aliquot
904 4653 976 4711 inde
996 4654 1078 4711 iocos
1099 4653 1129 4711 in
1150 4653 1346 4725 prnmmattci
1364 4653 1487 4712 saecuto

193 4753 273 4810 nono
291 4752 427 4826 paremio
449 4767 539 4825 opere
560 4759 728 4825 excerptos.

279 4855 375 4927 Atqtec
401 4854 458 4914 boo
485 4855 613 4912 omniunt
636 4856 769 4927 panum
797 4851 950 4914 sciendum
978 4864 1035 4928 est,
1066 4857 1148 4931 quod
1168 4875 1202 4930 p.
1227 4863 1296 4929 347,
1329 4855 1486 4918 tcodt'cis
