3382 5476
476 390 666 444 Avcrouns
683 392 850 446 ANONYMI
867 394 917 444 DE
935 393 1113 446 LITTERIS.
1280 406 1442 456 cxxxxnl

145 599 196 642 ars
224 579 381 643 hominum
410 581 482 641 lecit
510 581 555 640 ire
583 581 783 651 concorditer,
808 581 837 641 iu
859 581 969 661 quibus
991 580 1064 642 fides
1085 600 1184 643 rerum
1211 590 1290 643 tanta
1313 585 1441 645 ueritate

145 684 304 753 consistit,
332 691 381 753 nt,
410 681 488 762 quod
517 680 555 742 ab
583 685 719 763 utrisque
746 684 871 761 geritur,
900 701 955 762 per
981 685 1183 745 internuntios
1210 685 1348 746 aestimes
1375 703 1441 747 esse

146 788 351 846 constitutum.

232 886 315 948 llaec
344 903 416 965 ergo
438 895 597 967 procurata
621 895 704 955 snut,
733 893 766 946 ut
793 887 904 947 milites
927 886 1036 949 Christi
1067 889 1244 949 certissimis
1271 890 1363 967 siguis
1391 889 1441 949 ad-

119 990 255 1050 smouiti
279 989 315 1051 ad
338 1007 414 1069 opus
437 988 637 1050 exercendum
666 989 803 1049 diuinum
825 991 910 1070 quasi
934 988 1015 1050 tubis
1037 989 1243 1067 elangentibus
1265 998 1437 1052 enecentur.

214 1180 291 1226 lars
311 1177 422 1225 lrumnna
441 1175 460 1224 B
481 1175 600 1226 Gnretiaoe
685 1176 864 1226 iestimesB
920 1191 978 1226 esse
995 1176 1082 1227 om.B
1151 1176 1356 1228 dnmmonitiB
1425 1179 1441 1227 ὁ

142 1246 285 1295 edocentur
303 1248 326 1292 Α

678 1451 912 1461 ...ι-

704 1745 882 1826 XIII.

306 1922 598 2009 AVCTORES
619 1924 703 2008 AN
704 1924 893 2009 ONYMI
914 1922 991 2006 DE
1012 1922 1279 2008 LITTERIS.

233 2232 419 2295 Litterarum
447 2233 667 2311 explicationes
698 2237 844 2311 quasdam
877 2236 1019 2312 mysticas
1045 2236 1095 2294 nel
1122 2239 1192 2293 ante
1221 2234 1327 2312 medii,
1361 2234 1443 2308 qnod

144 2346 274 2406 nocant,
303 2338 375 2397 aeni
394 2345 530 2412 tempora
551 2339 583 2397 in
604 2355 660 2398 nso
680 2339 799 2399 latitas
819 2354 882 2398 esse
904 2337 1042 2397 luidonis
1064 2335 1251 2411 Hispalensis
1271 2343 1380 2396 auctor
1400 2342 1445 2396 est

144 2441 344 2507 certissimus,
373 2442 458 2500 cuins
486 2441 524 2500 de
550 2456 588 2501 ea
615 2458 651 2500 re
676 2442 770 2501 uerba
797 2442 839 2501 aa
856 2440 1185 2515 praestantissimarum
1206 2437 1341 2497 codicum
1365 2437 1440 2497 Ber-

146 2544 284 2603 nensiwn
303 2542 394 2614 fidem
417 2549 508 2617 atque
528 2545 737 2603 anctoritatem
759 2548 904 2604 reuocata
926 2541 1002 2600 lraee
1023 2547 1093 2600 sunt
1114 2541 1191 2614 arip.
1213 2539 1233 2597 Ι
1255 2545 1281 2612 3,
1311 2545 1397 2613 7—9,
1421 2557 1442 2599 a

146 2644 240 2704 Petro
262 2659 379 2718 qnoque
404 2643 536 2703 niacono
565 2646 595 2703 in
623 2651 764 2705 natarum
784 2643 981 2720 praefatione
1000 2658 1129 2718 promen.
1153 2640 1222 2700 Lat.
1244 2640 1266 2700 Ῑ
1270 2642 1297 2700 V
1311 2657 1347 2716 p.
1371 2647 1439 2709 334,

147 2751 248 2805 9—21
268 2761 425 2819 expressa.

232 2842 296 2925 §.l
321 2846 344 2906 Y
367 2846 497 2906 litteram
513 2846 694 2926 Pythagoras
717 2848 834 2909 Samius
856 2847 892 2907 ad
915 2845 1082 2925 exemplum
1106 2846 1185 2904 uitae
1208 2844 1355 2905 humanae
1377 2845 1440 2924 pri·

146 2966 214 3009 mus
237 2948 394 3014 formauit,
424 2948 508 3007 euius
535 2949 652 3027 nirgnla
675 2949 829 3012 subterior
851 2951 979 3029 primam
1002 2955 1128 3009 aetatem
1151 2947 1313 3024 siguificat,
1342 2947 1440 3006 ineer-

146 3058 209 3111 tam
239 3049 349 3129 quippe
373 3056 404 3107 et
430 3067 507 3129 qnae
535 3048 631 3111 adhue
659 3069 691 3112 se
718 3070 773 3113 uec
801 3053 884 3112 uitiis
911 3068 967 3112 nee
995 3048 1157 3110 uirtutibus
1184 3047 1277 3109 dedit.
1321 3047 1441 3108 Biuium

146 3159 265 3233 antem
288 3148 367 3230 quod
390 3158 541 3230 superest,
566 3151 603 3213 ab
626 3151 827 3215 adulescentia
855 3153 976 3233 incipit,
1005 3154 1090 3213 euius
1119 3150 1221 3211 dextra
1251 3166 1321 3228 pars
1349 3148 1440 3210 ardua

116 3262 210 3322 sest.
234 3251 287 3313 sed
309 3251 346 3312 ad
369 3249 486 3313 beatam
510 3254 600 3314 uitam
626 3256 765 3315 tendens:
788 3256 909 3315 sinistra
932 3254 1057 3322 facilior,
1081 3252 1132 3313 sed
1155 3252 1191 3313 ad
1215 3250 1311 3312 labem
1334 3253 1441 3312 interi·

145 3365 271 3434 tumque
294 3353 455 3415 deducens.
499 3354 541 3415 lle
563 3374 621 3435 qna
645 3359 688 3416 sic
711 3357 864 3418 Persius
887 3359 944 3417 ait:

351 3455 393 3516 Et
415 3456 482 3517 tibi
506 3476 597 3537 quae
621 3458 762 3519 Samios
784 3457 934 3518 diduxit
956 3456 1088 3518 littera
1111 3473 1245 3523 ramos,

352 3559 573 3637 Surgentem
597 3560 731 3622 dextro
754 3561 979 3620 monstrauit
1000 3558 1122 3619 limite
1144 3557 1288 3618 sallem.

235 3661 264 3740 ξ.
287 3657 306 3721 8
329 3658 465 3741 Quinque
488 3670 586 3723 antem
609 3681 674 3723 esse
697 3663 775 3743 apud
799 3662 928 3723 Graecos
956 3660 1095 3737 mysticas
1118 3658 1245 3721 litteras.
1289 3657 1389 3718 Prima
1411 3675 1439 3736 y,

102 3782 227 3847 10quae
250 3763 408 3824 humanam
430 3765 524 3825 uitam
548 3765 709 3841 significat,
734 3762 769 3824 de
793 3783 850 3844 qna
873 3780 951 3824 uuna
974 3761 1115 3822 diximus.
1154 3759 1326 3822 Oseauuda
1348 3758 1440 3827 theta,

145 3885 225 3947 qnae
249 3873 385 3926 mortem.
431 3863 503 3926 Nam
532 3865 646 3927 iudices
674 3866 798 3927 eandem
828 3866 956 3929 litteram
985 3864 1096 3925 thetam
1120 3861 1310 3942 adponebant
1331 3860 1368 3921 ad
1391 3879 1440 3921 eo·

218 4086 281 4136 θοαὶ.
300 4088 353 4136 224
370 4099 438 4135 saer.
459 4084 483 4135 X
501 4107 534 4128 ε
553 4088 590 4141 Α;
611 4089 646 4139 36
663 4102 731 4137 saer.
752 4086 822 4136 X:
834 4087 874 4144 B,·
893 4089 940 4136 10!
957 4103 1025 4136 saer.
1045 4085 1073 4134 Χ
1088 4106 1122 4126 --
1140 4084 1174 4135 G:
1192 4087 1224 4133 95
1242 4098 1311 4135 saec.
1330 4081 1391 4132 ΧΙΙ
1407 4100 1441 4126 =

144 4155 339 4212 05159saea.
362 4152 439 4202 XIII
456 4175 489 4195 =
509 4155 546 4205 E:
570 4158 620 4204 129
637 4171 705 4207 auec.
725 4154 802 4204 XIII
813 4155 910 4204 -XIV
925 4176 959 4196 =
977 4155 1006 4203 F.

218 4224 233 4271 l
251 4223 383 4286 pitagorae
403 4221 509 4271 ABGDF
527 4223 677 4288 plritugoras
697 4222 716 4270 E
769 4225 836 4272 uitae
854 4224 979 4272 lrumauae
997 4221 1086 4273 ABCD
1110 4219 1115 4285 Ι
1140 4222 1191 4270 nite
1209 4219 1319 4268 humane
1336 4217 1357 4267 E
1373 4216 1377 4283 Ι
1393 4218 1439 4268 luu-

144 4303 225 4340 mnue
242 4287 329 4338 nlteF
380 4291 396 4338 2
414 4289 538 4351 subtilior,
557 4306 625 4342 corr.
644 4291 771 4340 subterior
789 4291 809 4339 E
881 4303 971 4340 euntem
991 4290 1054 4338 DEF
1138 4286 1344 4352 sesqualter
1412 4303 1440 4336 se

144 4371 271 4425 adhunc
339 4375 412 4423 niciis
431 4375 449 4423 l*
517 4347 612 4425 bilainm
631 4377 653 4422 Α
722 4375 928 4434 dadolesceutia
946 4368 1032 4425 CDEF
1075 4374 1180 4424 dextera
1198 4373 1216 4422 l'
1285 4371 1352 4422 bad
1370 4371 1442 4422 labo·

143 4440 245 4493 mml'
301 4443 372 4492 tisis
390 4445 492 4508 perslns
510 4446 546 4493 ait
565 4440 742 4506 ABCDl'lsio
760 4445 860 4508 persius
879 4444 916 4492 sio
934 4441 1145 4503 nitElPersius
1163 4443 1200 4491 sio
1219 4443 1255 4491 ait
1272 4440 1331 4490 Otto
1383 4440 1440 4490 Per-

143 4504 219 4575 sius]
239 4508 289 4559 111
306 4512 340 4560 56
416 4513 500 4575 iqua
519 4510 603 4560 ABCE
618 4510 623 4575 1
638 4526 699 4574 qua,
717 4527 785 4562 corr.
804 4526 868 4573 arurae
888 4511 907 4558 D
923 4510 1009 4572 lqune
1028 4511 1045 4558 F
1097 4512 1194 4560 samius
1213 4507 1297 4559 ancl:
1313 4508 1318 4572 Ι
1333 4509 1439 4565 samius,

141 4594 218 4631 corr.
233 4578 330 4628 samios
344 4576 364 4626 D
379 4575 384 4644 1
399 4582 496 4629 samius
516 4580 534 4628 F
584 4579 692 4628 deduxit
711 4577 818 4628 ABCDE
834 4576 838 4643 Ι
853 4579 969 4643 deduxit,
988 4579 1040 4628 ein
1051 4593 1103 4627 ras.
1116 4578 1134 4626 F
1202 4579 1218 4628 8
1236 4577 1315 4626 limite
1333 4575 1438 4638 eandum

142 4644 277 4696 callemi}
345 4649 435 4697 desse
453 4648 522 4713 apud
543 4646 753 4712 dGDEl'lapud
771 4647 881 4697 Graecos
900 4645 1061 4697 esseBOtto
1113 4660 1203 4711 grecos
1222 4644 1306 4694 CDEF
1357 4643 1441 4692 ruisti—

140 4711 298 4766 cnstanter
366 4717 398 4765 10
415 4732 465 4779 qne
482 4715 544 4765 ΒΕΙΙΙ
596 4713 958 4779 signifieatcodd.,om.0tto
1007 4711 1234 4764 Oseeundntlreta
1248 4709 1440 4776 llsslsecnnda

142 4781 247 4866 einen
265 4782 523 4881 cto¹h⁰²³secunaa
540 4817 562 4865 l)
577 4820 582 4879 l
598 4816 710 4866 secunde
727 4814 750 4866 θ
770 4816 810 4865 EF
829 4815 887 4866 Otto
957 4819 988 4868 ll
1006 4831 1056 4879 que
1072 4815 1114 4864 Bu
1150 4826 1253 4864 mortem
1272 4812 1439 4879 significatu

141 4884 189 4937 EF
208 4880 268 4936 ono
319 4886 432 4936 tetan
484 4884 648 4952 apponebant
664 4882 728 4934 DEl'
