3382 5476
192 354 253 421 134
701 357 768 409 nus
787 357 964 410 nnonruu

192 545 365 626 semiplena.
411 546 489 606 llaec
512 564 581 625 pars
596 548 618 618 †
633 545 669 605 de.
692 546 829 606 nominoe
851 545 982 623 peodens
1005 546 1125 605 inuenta
1149 552 1209 613 cst.
1233 564 1271 607 nc
1294 548 1416 607 iteratio
1437 564 1493 608 no-

191 649 279 708 minis
302 646 451 708 fastidium
481 656 610 715 crearet,
641 655 673 706 ut
695 656 754 707 est:
784 645 933 708 laudate
962 645 1150 707 dominum
1177 646 1219 707 de
1248 647 1382 717 caelis,
1411 645 1493 709 lau·

192 751 276 810 date
307 768 386 810 cum
418 751 454 809 in
484 746 653 810 excelsis.
698 747 731 807 ln
754 749 959 828 conpositione
987 765 1059 825 ergo
1088 747 1176 810 huius
1197 748 1290 827 pmtis
1312 747 1492 819 ostenditur,

191 851 270 932 qnod
292 852 390 912 oliicio
413 851 542 911 nominis
565 849 711 928 iungitur:
735 851 774 910 ita
798 850 876 910 enim
901 849 1042 910 dicuntur
1057 848 1112 909 tue
1128 848 1203 910 duae
1218 856 1321 930 partes
1335 850 1492 920 orationis,

190 955 267 1015 idest
290 971 396 1014 nomen
421 960 451 1011 et
473 968 652 1030 pronomen,
682 952 758 1011 sicut
780 958 900 1011 curator
923 957 952 1009 et
973 959 1159 1029 procurator,
1183 948 1286 1012 consul
1308 960 1340 1013 et
1361 968 1518 1031 procae-a

192 1052 253 1125 sul,
281 1060 431 1131 pugnator
458 1061 488 1113 et
510 1059 722 1133 propugnator.
767 1052 850 1113 Sicut
878 1052 956 1112 enim
987 1069 1169 1130 praenomen
1197 1051 1315 1123 (licitur,
1345 1071 1381 1112 eo
1410 1051 1492 1131 quod

194 1156 305 1215 nomini
328 1156 530 1234 praeponitur,
555 1156 596 1215 ita
618 1170 783 1232 pronomen
808 1153 989 1232 appellatur,
1013 1170 1049 1212 eo
1072 1152 1149 1243 qtrod
1173 1154 1288 1215 nomini
1310 1152 1493 1232 subponitur

194 1256 243 1318 uel
267 1257 464 1336 postponitur.
509 1255 573 1316 Non
602 1256 680 1315 enim
709 1256 840 1315 nascitur
869 1253 943 1314 haec
973 1253 1138 1333 eloquente,
1168 1254 1224 1315 lroc
1247 1261 1292 1315 cst
1313 1271 1492 1334 pronomen,

195 1359 251 1418 uisi
267 1367 336 1417 onte
352 1358 516 1436 praeniisso
532 1358 667 1425 nomine,
691 1364 723 1416 ut
744 1364 805 1416 est:
821 1356 973 1432 ‘Virgilius
988 1357 1109 1434 scripsit
1124 1353 1272 1425 Bucolica,
1288 1357 1353 1435 ipse
1367 1357 1494 1436 scripsit

195 1460 362 1537 Georgiea'.
407 1458 478 1519 ltem
505 1457 659 1519 Flaccus
687 1457 771 1520 dicit:
807 1457 967 1518 uidimus
995 1476 1036 1517 ex
1065 1455 1246 1518 Hebraeis
1268 1458 1386 1519 uirum
1413 1456 1533 1519 ele-rc

193 1569 337 1638 gantcm
361 1568 397 1620 et
419 1559 591 1621 admirati
614 1577 693 1619 eum
716 1576 839 1618 sumus
861 1568 970 1635 atque
993 1556 1162 1636 amplexi.
1205 1557 1270 1619 Nou
1286 1559 1364 1619 enim
1382 1561 1494 1621 iterum

195 1663 271 1722 elisit
301 1663 417 1721 ‘uirum
446 1660 611 1729 admirati’,
647 1660 697 1719 sed
728 1663 842 1720 ‘eum'.
888 1660 960 1720 ltem
988 1658 1168 1737 Virgilius
1195 1660 1293 1722 lilaro
1326 1677 1495 1739 pronomen

196 1763 339 1831 defininit,
364 1780 430 1821 cum
447 1762 535 1821 dixit:
561 1780 765 1840 pronomen
789 1769 845 1822 est
868 1760 1214 1822 suliministratoria
1239 1780 1326 1840 pars
1348 1762 1495 1823 oratio·

194 1865 264 1930 uis,
288 1882 380 1942 «pirae
403 1863 550 1941 qrridem
573 1862 711 1939 alisque
735 1864 896 1922 trorninis
919 1862 1158 1924 amminiculo
1175 1862 1496 1925 infirmauidetnr

194 1983 289 2030 esse,
319 1964 381 2023 sed
411 1981 541 2022 nomeu
559 1960 570 2043 ΙΙ
587 1959 735 2042 [113511
758 1963 861 2024 illius
890 1963 948 2023 uel
979 1964 1130 2024 inaximo
1159 1963 1534 2040 cgetadiuntento.1s

194 2066 266 2127 Cur
289 2073 407 2125 autem
432 2064 804 2143 pronomenuerbum
822 2065 1029 2142 praecedit,
1054 2083 1132 2125 cum
1155 2064 1309 2127 uerbum
1333 2066 1496 2129 omnium

195 2169 358 2246 partium
396 2167 588 2244 egregium
625 2166 687 2234 sit,
725 2167 832 2227 cuius
877 2165 1161 2244 dispensatione
1204 2174 1314 2246 atque
1350 2166 1497 2229 iudicio

197 2270 317 2327 nunriis
340 2267 561 2329 Latinitatis
584 2272 707 2327 status
730 2269 942 2346 perficitur
966 2276 1004 2326 et
1025 2277 1197 2336 ornatur,
1221 2286 1325 2347 quam
1349 2269 1497 2348 princi·

195 2370 312 2449 palem
337 2377 478 2448 partem
501 2369 688 2429 orationis
710 2369 836 2430 cuncti
858 2370 1052 2430 astruunt?
1082 2368 1166 2430 Nam
1183 2367 1276 2428 licet
1298 2370 1334 2428 iu
1359 2368 1497 2431 ordine

195 2489 371 2552 praeesse
400 2489 529 2530 nomen
562 2469 752 2543 arlmittat,
785 2453 905 2530 tamen
940 2472 977 2530 iu
1009 2471 1201 2548 positione
1229 2472 1535 2548 quaestionumso

196 2574 447 2652 principatum
493 2579 609 2637 tenet.
656 2573 715 2632 cui
752 2571 1072 2631 arlrrerliiorum
1109 2572 1497 2653 coniunctionumque

196 2675 337 2751 agmina
369 2691 476 2732 omne
507 2674 565 2732 ius
593 2691 697 2732 suum
727 2672 921 2733 dederunt.
968 2671 1040 2732 llac
1068 2690 1156 2749 ergo
1186 2673 1333 2732 ratione
1358 2690 1498 2751 prono·

196 2795 273 2836 meu
297 2794 312 2834 a
338 2776 484 2833 nomine
507 2792 714 2834 secernere
737 2772 954 2842 noluerunt,
984 2775 1088 2834 sicut
1111 2791 1177 2832 nec
1198 2774 1326 2834 socius
1347 2771 1406 2834 uel
1430 2774 1497 2834 mi·

196 2879 319 2936 nister
353 2895 368 2934 a
400 2892 489 2951 rege
524 2872 581 2934 uel
616 2876 788 2953 principe
823 2875 1047 2935 secernitur.
1099 2875 1259 2945 Quaeritur
1292 2893 1380 2953 ergo:
1417 2877 1498 2937 inter

197 2995 305 3037 nomeu
337 2985 365 3036 et
394 2992 557 3052 pronomen
585 2976 656 3053 quid
691 2975 835 3035 interest?
872 2974 1054 3052 Virgilius
1085 2975 1183 3037 lilaro
1217 2976 1347 3037 ostendit
1377 2976 1534 3043 diceuszas

197 3077 299 3137 luter
322 3094 528 3154 pronomen
550 3084 866 3137 autemetnomen
883 3075 950 3136 hoc
972 3078 1152 3145 interest,
1177 3076 1271 3156 quod
1294 3095 1496 3158 pronomen

196 3178 468 3256 conparatione
498 3195 630 3236 carens
659 3195 854 3255 personam
883 3176 1010 3248 hahet,
1039 3187 1078 3239 ut
1100 3197 1167 3257 ego
1196 3189 1231 3241 tu
1254 3177 1335 3247 ille;
1364 3197 1496 3241 nomen

196 3287 315 3339 aretem
347 3296 508 3355 persona
532 3277 675 3339 abiecta
699 3281 1008 3357 conparationem
1038 3282 1213 3359 recipiat.
1243 3290 1281 3341 ut
1303 3298 1413 3342 carus
1434 3299 1496 3343 ca·

197 3383 278 3442 rior
300 3381 530 3441 carissimus.
569 3380 650 3440 Vnde
669 3379 845 3441 Claudius
867 3381 896 3440 in
914 3380 1084 3441 delinitione
1101 3384 1231 3442 nominis
1246 3382 1336 3443 dixit:
1360 3382 1496 3444 Nomen

141 3503 144 3506 ’
196 3492 252 3544 est
275 3501 360 3561 pars
382 3482 566 3541 orationis
589 3500 668 3543 cum
692 3501 777 3542 casu
800 3489 836 3541 et
857 3483 1144 3559 significatione
1167 3485 1247 3544 sine
1268 3491 1438 3563 tempore
1461 3493 1535 3553 cim

197 3602 367 3664 persono.
405 3583 607 3643 ‘Pronominis
630 3592 726 3645 autem
750 3584 903 3663 proprium
928 3585 993 3655 cst'‚
1018 3584 1096 3643 sicut
1116 3584 1336 3647 Priscianus
1358 3586 1497 3655 ostendit,

196 3689 263 3764 ‘pro
286 3685 384 3760 aliquo
407 3686 528 3762 proprio
552 3687 671 3745 nomine
694 3685 761 3764 pom
786 3693 815 3744 et
831 3691 927 3745 certas
942 3686 1109 3761 siguificare
1126 3688 1289 3765 personas’.
1323 3684 1497 3748 Pronomini

198 3794 269 3863 qtiot
291 3785 448 3846 accidunt?
479 3784 546 3844 Sex.
570 3785 669 3855 Orsaei
699 3785 830 3856 Qualitas
852 3803 946 3863 genus
969 3803 1111 3847 nunierus
1134 3788 1226 3867 ligura
1250 3805 1376 3866 persona
1399 3805 1496 3849 casus.

199 3960 208 3964 .
216 3953 432 3965 -—-·--—--—--

266 4075 279 4122 1
298 4072 329 4122 de
349 4072 467 4121 nominoe
485 4069 612 4138 peodens]
632 4072 675 4122 An
692 4073 770 4120 latet:
793 4070 826 4120 de
844 4073 977 4120 ‘nomine’
997 4082 1021 4122 et
1039 4077 1107 4137 ‘pro’
1127 4073 1194 4122 dicto
1212 4073 1269 4123 ideo
1281 4076 1334 4130 -V
1402 4075 1497 4125 acetis

197 4141 313 4192 lollitio
367 4141 428 4190 lucrm
445 4141 495 4190 due
548 4142 679 4190 orationes
731 4140 867 4188 dciii-atur
919 4151 1067 4204 procmntur
1118 4142 1276 4206 dpngnmnr
1319 4154 1499 4208 propugnatur

267 4206 434 4276 praenomen]
456 4223 596 4273 pronomen
666 4207 811 4257 'inominis
863 4208 974 4256 nominis
1047 4207 1194 4259 9borolicn
1265 4212 1296 4259 10
1313 4211 1395 4260 eineis
1467 4214 1498 4262 12

198 4277 324 4341 Virgilius
344 4275 426 4342 Maro]
448 4277 505 4327 Non
522 4285 597 4327 extat
614 4277 654 4324 dic
672 4279 741 4324 lorus
759 4276 832 4337 apud
847 4275 942 4324 Maium
961 4292 1041 4341 neque
1059 4277 1085 4325 iu
1103 4278 1217 4341 epistulis
1236 4292 1315 4342 neque
1333 4281 1359 4328 iu
1372 4279 1496 4342 epitonia.

199 4346 230 4394 16
249 4341 299 4394 Cur
317 4342 412 4409 autem]
432 4346 466 4406 es.
490 4345 592 4408 Virgilii
611 4343 721 4406 Epitom.
741 4342 785 4392 IX
800 4359 827 4406 p.
846 4346 898 4393 137
915 4343 993 4392 Maii:
1026 4342 1096 4393 Nune
1120 4344 1189 4392 aliud
1208 4346 1365 4406 qrraestiouis
1384 4346 1499 4397 imminet

198 4428 291 4476 genus,
308 4427 353 4460 cnr
370 4414 445 4460 etiam
464 4426 604 4477 pronomen
625 4411 727 4460 trerbum
747 4411 887 4476 praeeedit,
907 4426 963 4458 crrm
984 4413 1087 4460 uerlmm
1107 4412 1218 4460 omnium
1236 4413 1347 4477 partium
1365 4415 1498 4479 egregium

198 4481 240 4529 sit.
277 4479 347 4540 Quae
364 4485 493 4541 secuntur,
510 4494 564 4528 eum
581 4479 628 4528 doc
646 4482 701 4529 loeo
719 4480 815 4528 minine
833 4480 1000 4532 consentiunt.
1070 4481 1186 4545 precedet
1256 4482 1286 4530 17
1305 4482 1388 4543 adque
1406 4483 1497 4533 inditio

200 4550 232 4599 18
249 4557 344 4596 strutus
413 4547 627 4608 concessionum
695 4548 728 4596 2⁸2
747 4546 863 4595 iussuum
915 4547 1012 4596 dedunt
1079 4550 1112 4599 ⁴23
1130 4548 1211 4597 sotius
1284 4550 1465 4599 nasceremur

199 4616 312 4677 qrreriurr
396 4616 429 4664 25
448 4613 572 4678 Virgilius
591 4610 674 4680 llaro]
694 4615 771 4664 Hunc
788 4617 866 4665 locum
883 4616 954 4680 opud
970 4616 1066 4664 elicium
1085 4632 1134 4666 non
1151 4616 1249 4675 intrepi,
1267 4617 1317 4665 nisi
1331 4618 1403 4680 sorte
1419 4634 1447 4683 p.
1464 4621 1498 4668 2⁹

199 4682 289 4732 uerba:
319 4697 377 4731 cnm
399 4696 541 4747 pronomen
564 4682 778 4746 comparutionem
807 4682 898 4731 tuebere
922 4698 970 4731 uon
990 4685 1075 4748 possit
1091 4684 1139 4732 duc
1156 4684 1295 4745 referende
1312 4692 1378 4737 aunt.
1465 4687 1498 4736 2?

200 4764 292 4798 nomeu
311 4762 355 4799 aut
423 4752 455 4800 29
475 4746 611 4812 Claudius]
633 4750 690 4799 Il'ou
708 4757 781 4801 estol
798 4752 821 4799 ir
838 4753 907 4800 loeus
925 4752 951 4801 in
969 4754 1080 4802 editione
1102 4750 1298 4803 Viudobouenci.
1378 4755 1410 4804 31
1430 4752 1498 4802 Pris-

200 4814 302 4878 cianus]
321 4819 355 4877 οἰ,
376 4821 391 4868 l
407 4835 434 4883 p.
453 4822 494 4875 55,
515 4820 548 4868 13
601 4818 633 4866 32
651 4817 715 4866 alico
771 4818 1030 4880 33qrmduccedunt
1081 4832 1264 4883 gentisgentis
