<?xml version="1.0" encoding="UTF-8"?>
<!DOCTYPE html PUBLIC "-//W3C//DTD XHTML 1.0 Transitional//EN"
    "http://www.w3.org/TR/xhtml1/DTD/xhtml1-transitional.dtd">
<html xmlns="http://www.w3.org/1999/xhtml" xml:lang="en" lang="en">
 <head>
  <title>
</title>
<meta http-equiv="Content-Type" content="text/html;charset=utf-8" />
  <meta name='ocr-system' content='tesseract 3.04.00' />
  <meta name='ocr-capabilities' content='ocr_page ocr_carea ocr_par ocr_line ocrx_word'/>
</head>
<body>
  <div class='ocr_page' id='page_1' title='image "./grammaticilatin06keilgoog_0414.png"; bbox 0 0 3382 5476; ppageno 0'>
   <div class='ocr_carea' id='block_1_1' title="bbox 682 386 1432 452">
    <p class='ocr_par' dir='ltr' id='par_1_1' title="bbox 682 386 1432 452">
     <span class='ocr_line' id='line_1_1' title="bbox 682 386 1432 452; baseline 0.004 -15"><span class='ocrx_word' id='word_1_1' title='bbox 682 386 893 444; x_wconf 80' lang='lat' dir='ltr'><strong>BERNENSIS.</strong></span> <span class='ocrx_word' id='word_1_2' title='bbox 1374 388 1432 452; x_wconf 89' lang='grc'><strong>141</strong></span> 
     </span>
    </p>
   </div>
   <div class='ocr_carea' id='block_1_2' title="bbox 95 574 1435 4305">
    <p class='ocr_par' dir='ltr' id='par_1_2' title="bbox 136 574 1433 838">
     <span class='ocr_line' id='line_1_2' title="bbox 137 574 1432 655; baseline 0 -19"><span class='ocrx_word' id='word_1_3' title='bbox 137 574 245 653; x_wconf 90' lang='lat' dir='ltr'><strong>quibus</strong></span> <span class='ocrx_word' id='word_1_4' title='bbox 268 576 445 654; x_wconf 91' lang='lat' dir='ltr'><strong>conponitur</strong></span> <span class='ocrx_word' id='word_1_5' title='bbox 468 575 644 635; x_wconf 83' lang='lat' dir='ltr'><strong>femininum</strong></span> <span class='ocrx_word' id='word_1_6' title='bbox 666 575 769 636; x_wconf 86' lang='lat' dir='ltr'><strong>cadem</strong></span> <span class='ocrx_word' id='word_1_7' title='bbox 793 582 821 635; x_wconf 96' lang='lat' dir='ltr'><strong>et</strong></span> <span class='ocrx_word' id='word_1_8' title='bbox 843 582 982 636; x_wconf 91' lang='lat' dir='ltr'><strong>neutrum</strong></span> <span class='ocrx_word' id='word_1_9' title='bbox 1004 574 1083 636; x_wconf 90' lang='lat' dir='ltr'><strong>idem</strong></span> <span class='ocrx_word' id='word_1_10' title='bbox 1104 577 1280 655; x_wconf 88' lang='lat' dir='ltr'><strong>icorrepta.</strong></span> <span class='ocrx_word' id='word_1_11' title='bbox 1304 595 1380 655; x_wconf 87' lang='lat' dir='ltr'><strong>quae</strong></span> <span class='ocrx_word' id='word_1_12' title='bbox 1402 578 1432 637; x_wconf 90' lang='lat' dir='ltr'><strong>in</strong></span> 
     </span>
     <span class='ocr_line' id='line_1_3' title="bbox 136 676 1433 757; baseline 0.001 -20"><span class='ocrx_word' id='word_1_13' title='bbox 136 676 300 737; x_wconf 90' lang='lat' dir='ltr'><strong>masculino</strong></span> <span class='ocrx_word' id='word_1_14' title='bbox 323 676 507 753; x_wconf 81' lang='lat' dir='ltr'>producitur,</span> <span class='ocrx_word' id='word_1_15' title='bbox 531 677 561 736; x_wconf 93' lang='lat' dir='ltr'><strong>in</strong></span> <span class='ocrx_word' id='word_1_16' title='bbox 584 682 690 736; x_wconf 87' lang='lat' dir='ltr'><strong>neutro</strong></span> <span class='ocrx_word' id='word_1_17' title='bbox 712 684 811 737; x_wconf 90' lang='lat' dir='ltr'><strong>autem</strong></span> <span class='ocrx_word' id='word_1_18' title='bbox 834 678 1011 755; x_wconf 88' lang='lat' dir='ltr'><strong>corripitur:</strong></span> <span class='ocrx_word' id='word_1_19' title='bbox 1039 677 1109 736; x_wconf 90' lang='lat' dir='ltr'><strong>inde</strong></span> <span class='ocrx_word' id='word_1_20' title='bbox 1132 679 1301 755; x_wconf 83' lang='lat' dir='ltr'><strong>geminatur</strong></span> <span class='ocrx_word' id='word_1_21' title='bbox 1323 695 1433 757; x_wconf 92' lang='lat' dir='ltr'><strong>conpo-</strong></span> 
     </span>
     <span class='ocr_line' id='line_1_4' title="bbox 136 777 398 838; baseline -0.004 0"><span class='ocrx_word' id='word_1_22' title='bbox 136 779 205 838; x_wconf 92' lang='lat' dir='ltr'><strong>sitio</strong></span> <span class='ocrx_word' id='word_1_23' title='bbox 228 777 398 838; x_wconf 78' lang='lat' dir='ltr'>identidem.</span> 
     </span>
    </p>

    <p class='ocr_par' dir='ltr' id='par_1_3' title="bbox 221 878 1434 960">
     <span class='ocr_line' id='line_1_5' title="bbox 221 878 1434 960; baseline 0.002 -20"><span class='ocrx_word' id='word_1_24' title='bbox 221 880 371 940; x_wconf 82' lang='lat' dir='ltr'><strong>Personae</strong></span> <span class='ocrx_word' id='word_1_25' title='bbox 393 879 602 958; x_wconf 85' lang='lat' dir='ltr'><strong>pronominum</strong></span> <span class='ocrx_word' id='word_1_26' title='bbox 626 885 698 957; x_wconf 86' lang='lat' dir='ltr'><strong>quot</strong></span> <span class='ocrx_word' id='word_1_27' title='bbox 720 880 807 939; x_wconf 82' lang='lat' dir='ltr'><strong>sunt?</strong></span> <span class='ocrx_word' id='word_1_28' title='bbox 851 879 914 940; x_wconf 85' lang='lat' dir='ltr'><strong>Hoc</strong></span> <span class='ocrx_word' id='word_1_29' title='bbox 936 886 981 939; x_wconf 88' lang='grc' dir='ltr'><strong>εει</strong></span> <span class='ocrx_word' id='word_1_30' title='bbox 1002 886 1074 940; x_wconf 88' lang='lat' dir='ltr'><strong>tres.</strong></span> <span class='ocrx_word' id='word_1_31' title='bbox 1111 878 1209 950; x_wconf 82' lang='lat' dir='ltr'><strong>Quae?</strong></span> <span class='ocrx_word' id='word_1_32' title='bbox 1245 880 1343 941; x_wconf 88' lang='lat' dir='ltr'><strong>Prima</strong></span> <span class='ocrx_word' id='word_1_33' title='bbox 1367 900 1434 960; x_wconf 86' lang='lat' dir='ltr'><strong>per·</strong></span> 
     </span>
    </p>

    <p class='ocr_par' dir='ltr' id='par_1_4' title="bbox 108 979 1435 1467">
     <span class='ocr_line' id='line_1_6' title="bbox 108 979 1435 1059; baseline 0.004 -22"><span class='ocrx_word' id='word_1_34' title='bbox 108 997 225 1051; x_wconf 79' lang='lat' dir='ltr'><strong>ssona,</strong></span> <span class='ocrx_word' id='word_1_35' title='bbox 249 999 324 1059; x_wconf 87' lang='lat' dir='ltr'><strong>quae</strong></span> <span class='ocrx_word' id='word_1_36' title='bbox 348 980 384 1040; x_wconf 90' lang='lat' dir='ltr'><strong>de</strong></span> <span class='ocrx_word' id='word_1_37' title='bbox 406 999 438 1040; x_wconf 90' lang='lat' dir='ltr'><strong>se</strong></span> <span class='ocrx_word' id='word_1_38' title='bbox 461 979 608 1057; x_wconf 90' lang='lat' dir='ltr'><strong>loquitur,</strong></span> <span class='ocrx_word' id='word_1_39' title='bbox 632 988 665 1041; x_wconf 89' lang='lat' dir='ltr'><strong>ut</strong></span> <span class='ocrx_word' id='word_1_40' title='bbox 687 998 757 1058; x_wconf 84' lang='lat' dir='ltr'><strong>ego;</strong></span> <span class='ocrx_word' id='word_1_41' title='bbox 786 980 931 1049; x_wconf 87' lang='lat' dir='ltr'><strong>secunda,</strong></span> <span class='ocrx_word' id='word_1_42' title='bbox 955 981 1098 1058; x_wconf 88' lang='lat' dir='ltr'><strong>adquam</strong></span> <span class='ocrx_word' id='word_1_43' title='bbox 1121 983 1216 1058; x_wconf 91' lang='lat' dir='ltr'><strong>prima</strong></span> <span class='ocrx_word' id='word_1_44' title='bbox 1239 980 1378 1059; x_wconf 88' lang='lat' dir='ltr'><strong>loquitur,</strong></span> <span class='ocrx_word' id='word_1_45' title='bbox 1403 991 1435 1043; x_wconf 89' lang='lat' dir='ltr'><strong>ut</strong></span> 
     </span>
     <span class='ocr_line' id='line_1_7' title="bbox 136 1080 1434 1164; baseline 0 -21"><span class='ocrx_word' id='word_1_46' title='bbox 136 1091 185 1151; x_wconf 91' lang='lat' dir='ltr'><strong>tu;</strong></span> <span class='ocrx_word' id='word_1_47' title='bbox 217 1084 303 1145; x_wconf 87' lang='lat' dir='ltr'><strong>tertia</strong></span> <span class='ocrx_word' id='word_1_48' title='bbox 332 1099 474 1162; x_wconf 87' lang='lat' dir='ltr'><strong>persona,</strong></span> <span class='ocrx_word' id='word_1_49' title='bbox 504 1080 540 1141; x_wconf 88' lang='lat' dir='ltr'><strong>de</strong></span> <span class='ocrx_word' id='word_1_50' title='bbox 563 1099 621 1160; x_wconf 89' lang='lat' dir='ltr'><strong>qua</strong></span> <span class='ocrx_word' id='word_1_51' title='bbox 649 1082 716 1161; x_wconf 91' lang='lat' dir='ltr'><strong>quis</strong></span> <span class='ocrx_word' id='word_1_52' title='bbox 745 1080 883 1159; x_wconf 89' lang='lat' dir='ltr'><strong>loquitur,</strong></span> <span class='ocrx_word' id='word_1_53' title='bbox 908 1093 940 1144; x_wconf 87' lang='lat' dir='ltr'><strong>ut</strong></span> <span class='ocrx_word' id='word_1_54' title='bbox 961 1081 1025 1152; x_wconf 73' lang='lat' dir='ltr'><strong>illoc</strong></span> <span class='ocrx_word' id='word_1_55' title='bbox 1057 1082 1109 1142; x_wconf 89' lang='lat' dir='ltr'><strong>sed</strong></span> <span class='ocrx_word' id='word_1_56' title='bbox 1138 1101 1265 1161; x_wconf 87' lang='lat' dir='ltr'><strong>persona</strong></span> <span class='ocrx_word' id='word_1_57' title='bbox 1287 1085 1384 1164; x_wconf 91' lang='lat' dir='ltr'><strong>prima</strong></span> <span class='ocrx_word' id='word_1_58' title='bbox 1406 1092 1434 1143; x_wconf 91' lang='grc' dir='ltr'><strong>ει</strong></span> 
     </span>
     <span class='ocr_line' id='line_1_8' title="bbox 137 1183 1433 1261; baseline 0 -16"><span class='ocrx_word' id='word_1_59' title='bbox 137 1183 268 1246; x_wconf 86' lang='lat' dir='ltr'><strong>secunda</strong></span> <span class='ocrx_word' id='word_1_60' title='bbox 297 1185 415 1261; x_wconf 88' lang='lat' dir='ltr'><strong>generis</strong></span> <span class='ocrx_word' id='word_1_61' title='bbox 443 1185 609 1245; x_wconf 84' lang='lat' dir='ltr'><strong>communia</strong></span> <span class='ocrx_word' id='word_1_62' title='bbox 635 1193 717 1253; x_wconf 86' lang='lat' dir='ltr'><strong>sunt,</strong></span> <span class='ocrx_word' id='word_1_63' title='bbox 750 1183 807 1243; x_wconf 87' lang='lat' dir='ltr'><strong>hoc</strong></span> <span class='ocrx_word' id='word_1_64' title='bbox 835 1192 879 1244; x_wconf 85' lang='lat' dir='ltr'><strong>est</strong></span> <span class='ocrx_word' id='word_1_65' title='bbox 906 1184 995 1244; x_wconf 90' lang='lat' dir='ltr'><strong>trium</strong></span> <span class='ocrx_word' id='word_1_66' title='bbox 1024 1200 1184 1260; x_wconf 80' lang='lat' dir='ltr'><strong>generum,</strong></span> <span class='ocrx_word' id='word_1_67' title='bbox 1218 1185 1304 1245; x_wconf 88' lang='lat' dir='ltr'><strong>tertia</strong></span> <span class='ocrx_word' id='word_1_68' title='bbox 1337 1193 1433 1246; x_wconf 85' lang='lat' dir='ltr'><strong>auteur</strong></span> 
     </span>
     <span class='ocr_line' id='line_1_9' title="bbox 136 1283 1435 1364; baseline 0.001 -18"><span class='ocrx_word' id='word_1_69' title='bbox 136 1303 264 1364; x_wconf 91' lang='lat' dir='ltr'><strong>persona</strong></span> <span class='ocrx_word' id='word_1_70' title='bbox 293 1283 342 1344; x_wconf 92' lang='lat' dir='ltr'><strong>ille</strong></span> <span class='ocrx_word' id='word_1_71' title='bbox 370 1284 526 1344; x_wconf 87' lang='lat' dir='ltr'><strong>masculini</strong></span> <span class='ocrx_word' id='word_1_72' title='bbox 554 1286 673 1362; x_wconf 91' lang='lat' dir='ltr'><strong>generis</strong></span> <span class='ocrx_word' id='word_1_73' title='bbox 703 1293 763 1354; x_wconf 87' lang='lat' dir='ltr'><strong>est,</strong></span> <span class='ocrx_word' id='word_1_74' title='bbox 800 1283 974 1345; x_wconf 88' lang='lat' dir='ltr'><strong>leminiuuur</strong></span> <span class='ocrx_word' id='word_1_75' title='bbox 1008 1293 1107 1346; x_wconf 88' lang='lat' dir='ltr'><strong>autem</strong></span> <span class='ocrx_word' id='word_1_76' title='bbox 1129 1286 1160 1345; x_wconf 93' lang='lat' dir='ltr'><strong>iu</strong></span> <span class='ocrx_word' id='word_1_77' title='bbox 1181 1303 1197 1345; x_wconf 91' lang='lat' dir='ltr'><strong>a</strong></span> <span class='ocrx_word' id='word_1_78' title='bbox 1221 1286 1312 1346; x_wconf 90' lang='lat' dir='ltr'><strong>mittit</strong></span> <span class='ocrx_word' id='word_1_79' title='bbox 1334 1285 1383 1346; x_wconf 92' lang='lat' dir='ltr'><strong>illa</strong></span> <span class='ocrx_word' id='word_1_80' title='bbox 1406 1296 1435 1347; x_wconf 90' lang='lat' dir='ltr'><strong>et</strong></span> 
     </span>
     <span class='ocr_line' id='line_1_10' title="bbox 137 1384 1434 1467; baseline 0 -21"><span class='ocrx_word' id='word_1_81' title='bbox 137 1396 275 1447; x_wconf 91' lang='lat' dir='ltr'><strong>nentrum</strong></span> <span class='ocrx_word' id='word_1_82' title='bbox 298 1384 381 1446; x_wconf 86' lang='lat' dir='ltr'><strong>illud.</strong></span> <span class='ocrx_word' id='word_1_83' title='bbox 427 1385 490 1446; x_wconf 85' lang='lat' dir='ltr'><strong>Hoc</strong></span> <span class='ocrx_word' id='word_1_84' title='bbox 512 1393 611 1447; x_wconf 89' lang='lat' dir='ltr'><strong>auteur</strong></span> <span class='ocrx_word' id='word_1_85' title='bbox 634 1403 801 1465; x_wconf 87' lang='lat' dir='ltr'><strong>pronomen</strong></span> <span class='ocrx_word' id='word_1_86' title='bbox 823 1386 939 1447; x_wconf 90' lang='lat' dir='ltr'><strong>linitum</strong></span> <span class='ocrx_word' id='word_1_87' title='bbox 962 1387 1069 1447; x_wconf 82' lang='lat' dir='ltr'><strong>tertiae</strong></span> <span class='ocrx_word' id='word_1_88' title='bbox 1091 1404 1253 1466; x_wconf 86' lang='lat' dir='ltr'><strong>personae,</strong></span> <span class='ocrx_word' id='word_1_89' title='bbox 1283 1387 1361 1467; x_wconf 88' lang='lat' dir='ltr'><strong>quod</strong></span> <span class='ocrx_word' id='word_1_90' title='bbox 1389 1396 1434 1447; x_wconf 86' lang='grc' dir='ltr'><strong>εει</strong></span> 
     </span>
    </p>

    <p class='ocr_par' dir='ltr' id='par_1_5' title="bbox 98 1484 1315 1567">
     <span class='ocr_line' id='line_1_11' title="bbox 98 1484 1315 1567; baseline 0.004 -23"><span class='ocrx_word' id='word_1_91' title='bbox 98 1486 202 1557; x_wconf 85' lang='lat' dir='ltr'><strong>roille,</strong></span> <span class='ocrx_word' id='word_1_92' title='bbox 226 1484 403 1567; x_wconf 86' lang='lat' dir='ltr'><strong>aliquotiens</strong></span> <span class='ocrx_word' id='word_1_93' title='bbox 425 1488 456 1547; x_wconf 92' lang='lat' dir='ltr'><strong>in</strong></span> <span class='ocrx_word' id='word_1_94' title='bbox 479 1488 577 1547; x_wconf 89' lang='lat' dir='ltr'><strong>miuus</strong></span> <span class='ocrx_word' id='word_1_95' title='bbox 599 1505 686 1565; x_wconf 90' lang='lat' dir='ltr'><strong>quam</strong></span> <span class='ocrx_word' id='word_1_96' title='bbox 710 1488 825 1548; x_wconf 91' lang='lat' dir='ltr'><strong>linitum</strong></span> <span class='ocrx_word' id='word_1_97' title='bbox 848 1486 940 1557; x_wconf 88' lang='lat' dir='ltr'><strong>cadit,</strong></span> <span class='ocrx_word' id='word_1_98' title='bbox 965 1496 997 1547; x_wconf 88' lang='lat' dir='ltr'><strong>ut</strong></span> <span class='ocrx_word' id='word_1_99' title='bbox 1018 1495 1063 1548; x_wconf 91' lang='lat' dir='ltr'><strong>est</strong></span> <span class='ocrx_word' id='word_1_100' title='bbox 1084 1489 1114 1548; x_wconf 92' lang='lat' dir='ltr'><strong>in</strong></span> <span class='ocrx_word' id='word_1_101' title='bbox 1136 1486 1315 1566; x_wconf 83' lang='lat' dir='ltr'><strong>Virgilio:</strong></span> 
     </span>
    </p>

    <p class='ocr_par' dir='ltr' id='par_1_6' title="bbox 288 1587 1270 1667">
     <span class='ocr_line' id='line_1_12' title="bbox 288 1587 1270 1667; baseline 0.001 -19"><span class='ocrx_word' id='word_1_102' title='bbox 288 1588 356 1649; x_wconf 91' lang='lat' dir='ltr'><strong>llle</strong></span> <span class='ocrx_word' id='word_1_103' title='bbox 380 1606 446 1666; x_wconf 91' lang='lat' dir='ltr'><strong>ego</strong></span> <span class='ocrx_word' id='word_1_104' title='bbox 468 1590 529 1667; x_wconf 90' lang='lat' dir='ltr'><strong>qni</strong></span> <span class='ocrx_word' id='word_1_105' title='bbox 552 1587 734 1666; x_wconf 85' lang='lat' dir='ltr'><strong>quondam</strong></span> <span class='ocrx_word' id='word_1_106' title='bbox 758 1587 888 1666; x_wconf 80' lang='lat' dir='ltr'><strong>fragili</strong></span> <span class='ocrx_word' id='word_1_107' title='bbox 910 1587 1121 1650; x_wconf 88' lang='lat' dir='ltr'><strong>modulatus</strong></span> <span class='ocrx_word' id='word_1_108' title='bbox 1143 1606 1270 1650; x_wconf 88' lang='lat' dir='ltr'><strong>auena.</strong></span> 
     </span>
    </p>

    <p class='ocr_par' dir='ltr' id='par_1_7' title="bbox 135 1689 1435 1972">
     <span class='ocr_line' id='line_1_13' title="bbox 135 1689 1432 1770; baseline 0.002 -20"><span class='ocrx_word' id='word_1_109' title='bbox 135 1690 338 1768; x_wconf 87' lang='lat' dir='ltr'><strong>Pompeius</strong></span> <span class='ocrx_word' id='word_1_110' title='bbox 360 1689 448 1750; x_wconf 81' lang='lat' dir='ltr'><strong>dixit:</strong></span> <span class='ocrx_word' id='word_1_111' title='bbox 478 1691 510 1749; x_wconf 91' lang='lat' dir='ltr'><strong>si</strong></span> <span class='ocrx_word' id='word_1_112' title='bbox 532 1689 600 1749; x_wconf 91' lang='lat' dir='ltr'><strong>ille</strong></span> <span class='ocrx_word' id='word_1_113' title='bbox 622 1691 773 1751; x_wconf 89' lang='lat' dir='ltr'><strong>linitum</strong></span> <span class='ocrx_word' id='word_1_114' title='bbox 796 1707 1001 1768; x_wconf 87' lang='lat' dir='ltr'><strong>pronomen</strong></span> <span class='ocrx_word' id='word_1_115' title='bbox 1030 1697 1100 1759; x_wconf 90' lang='grc' dir='ltr'><strong>εει,</strong></span> <span class='ocrx_word' id='word_1_116' title='bbox 1130 1690 1217 1767; x_wconf 85' lang='lat' dir='ltr'><strong>quid</strong></span> <span class='ocrx_word' id='word_1_117' title='bbox 1240 1709 1330 1770; x_wconf 90' lang='lat' dir='ltr'><strong>opus</strong></span> <span class='ocrx_word' id='word_1_118' title='bbox 1352 1692 1432 1753; x_wconf 86' lang='lat' dir='ltr'><strong>lue·</strong></span> 
     </span>
     <span class='ocr_line' id='line_1_14' title="bbox 135 1787 1432 1871; baseline 0.002 -20"><span class='ocrx_word' id='word_1_119' title='bbox 135 1803 208 1859; x_wconf 86' lang='lat' dir='ltr'><strong>rat.</strong></span> <span class='ocrx_word' id='word_1_120' title='bbox 233 1798 271 1852; x_wconf 82' lang='lat' dir='ltr'><strong>ut</strong></span> <span class='ocrx_word' id='word_1_121' title='bbox 292 1787 421 1871; x_wconf 73' lang='lat' dir='ltr'><strong>interii</strong></span> <span class='ocrx_word' id='word_1_122' title='bbox 437 1787 798 1871; x_wconf 79' lang='lat' dir='ltr'><strong>l.116¹’llponeretur</strong></span> <span class='ocrx_word' id='word_1_123' title='bbox 821 1791 904 1869; x_wconf 82' lang='lat' dir='ltr'><strong>egoi</strong></span> <span class='ocrx_word' id='word_1_124' title='bbox 927 1789 1015 1851; x_wconf 86' lang='lat' dir='ltr'><strong>lude</strong></span> <span class='ocrx_word' id='word_1_125' title='bbox 1038 1790 1202 1851; x_wconf 90' lang='lat' dir='ltr'><strong>ostendit</strong></span> <span class='ocrx_word' id='word_1_126' title='bbox 1224 1790 1292 1852; x_wconf 85' lang='lat' dir='ltr'><strong>hoc</strong></span> <span class='ocrx_word' id='word_1_127' title='bbox 1314 1795 1432 1871; x_wconf 88' lang='lat' dir='ltr'><strong>ipsum</strong></span> 
     </span>
     <span class='ocr_line' id='line_1_15' title="bbox 135 1892 1435 1972; baseline 0.004 -21"><span class='ocrx_word' id='word_1_128' title='bbox 135 1909 358 1972; x_wconf 90' lang='lat' dir='ltr'><strong>pronomen,</strong></span> <span class='ocrx_word' id='word_1_129' title='bbox 392 1893 570 1971; x_wconf 89' lang='lat' dir='ltr'><strong>quoniam</strong></span> <span class='ocrx_word' id='word_1_130' title='bbox 604 1908 676 1951; x_wconf 92' lang='lat' dir='ltr'><strong>non</strong></span> <span class='ocrx_word' id='word_1_131' title='bbox 708 1893 803 1953; x_wconf 90' lang='lat' dir='ltr'><strong>satis</strong></span> <span class='ocrx_word' id='word_1_132' title='bbox 834 1893 983 1953; x_wconf 87' lang='lat' dir='ltr'><strong>linitum</strong></span> <span class='ocrx_word' id='word_1_133' title='bbox 1013 1900 1079 1954; x_wconf 90' lang='lat' dir='ltr'><strong>est.</strong></span> <span class='ocrx_word' id='word_1_134' title='bbox 1124 1892 1220 1972; x_wconf 82' lang='lat' dir='ltr'><strong>Ergo</strong></span> <span class='ocrx_word' id='word_1_135' title='bbox 1246 1895 1320 1954; x_wconf 87' lang='lat' dir='ltr'><strong>ista</strong></span> <span class='ocrx_word' id='word_1_136' title='bbox 1348 1904 1435 1956; x_wconf 89' lang='lat' dir='ltr'><strong>suut</strong></span> 
     </span>
    </p>

    <p class='ocr_par' dir='ltr' id='par_1_8' title="bbox 97 1992 1433 2174">
     <span class='ocr_line' id='line_1_16' title="bbox 97 1992 1433 2075; baseline 0.003 -23"><span class='ocrx_word' id='word_1_137' title='bbox 97 1992 206 2054; x_wconf 82' lang='lat' dir='ltr'><strong>1stluo</strong></span> <span class='ocrx_word' id='word_1_138' title='bbox 235 1995 438 2072; x_wconf 88' lang='lat' dir='ltr'><strong>praecipue</strong></span> <span class='ocrx_word' id='word_1_139' title='bbox 469 1993 580 2053; x_wconf 86' lang='lat' dir='ltr'><strong>linita</strong></span> <span class='ocrx_word' id='word_1_140' title='bbox 613 1995 852 2073; x_wconf 91' lang='lat' dir='ltr'><strong>pronomina,</strong></span> <span class='ocrx_word' id='word_1_141' title='bbox 888 2011 953 2072; x_wconf 88' lang='lat' dir='ltr'><strong>ego</strong></span> <span class='ocrx_word' id='word_1_142' title='bbox 988 2002 1023 2055; x_wconf 91' lang='grc' dir='ltr'><strong>ει</strong></span> <span class='ocrx_word' id='word_1_143' title='bbox 1050 2001 1096 2055; x_wconf 91' lang='lat' dir='ltr'><strong>tu.</strong></span> <span class='ocrx_word' id='word_1_144' title='bbox 1146 1994 1213 2075; x_wconf 88' lang='lat' dir='ltr'><strong>lpse</strong></span> <span class='ocrx_word' id='word_1_145' title='bbox 1237 2013 1309 2056; x_wconf 90' lang='lat' dir='ltr'><strong>uero</strong></span> <span class='ocrx_word' id='word_1_146' title='bbox 1332 2003 1363 2056; x_wconf 89' lang='lat' dir='ltr'><strong>et</strong></span> <span class='ocrx_word' id='word_1_147' title='bbox 1383 1995 1433 2056; x_wconf 87' lang='lat' dir='ltr'><strong>ille</strong></span> 
     </span>
     <span class='ocr_line' id='line_1_17' title="bbox 136 2095 701 2174; baseline 0 -19"><span class='ocrx_word' id='word_1_148' title='bbox 136 2104 165 2155; x_wconf 89' lang='lat' dir='ltr'><strong>et</strong></span> <span class='ocrx_word' id='word_1_149' title='bbox 186 2095 264 2155; x_wconf 87' lang='lat' dir='ltr'><strong>idom</strong></span> <span class='ocrx_word' id='word_1_150' title='bbox 288 2096 387 2156; x_wconf 89' lang='lat' dir='ltr'><strong>minus</strong></span> <span class='ocrx_word' id='word_1_151' title='bbox 410 2113 497 2174; x_wconf 91' lang='lat' dir='ltr'><strong>quam</strong></span> <span class='ocrx_word' id='word_1_152' title='bbox 520 2095 600 2155; x_wconf 83' lang='lat' dir='ltr'><strong>linita</strong></span> <span class='ocrx_word' id='word_1_153' title='bbox 622 2104 701 2155; x_wconf 90' lang='lat' dir='ltr'><strong>sunt.</strong></span> 
     </span>
    </p>

    <p class='ocr_par' dir='ltr' id='par_1_9' title="bbox 134 2195 1433 2478">
     <span class='ocr_line' id='line_1_18' title="bbox 220 2195 1433 2275; baseline 0.002 -18"><span class='ocrx_word' id='word_1_154' title='bbox 220 2196 312 2257; x_wconf 83' lang='lat' dir='ltr'><strong>Casus</strong></span> <span class='ocrx_word' id='word_1_155' title='bbox 334 2198 544 2274; x_wconf 91' lang='lat' dir='ltr'><strong>pronominum</strong></span> <span class='ocrx_word' id='word_1_156' title='bbox 567 2203 641 2275; x_wconf 84' lang='lat' dir='ltr'><strong>quot</strong></span> <span class='ocrx_word' id='word_1_157' title='bbox 661 2197 748 2257; x_wconf 80' lang='lat' dir='ltr'><strong>sunt?</strong></span> <span class='ocrx_word' id='word_1_158' title='bbox 792 2195 865 2264; x_wconf 84' lang='lat' dir='ltr'><strong>Sex,</strong></span> <span class='ocrx_word' id='word_1_159' title='bbox 889 2196 966 2256; x_wconf 89' lang='lat' dir='ltr'><strong>sicut</strong></span> <span class='ocrx_word' id='word_1_160' title='bbox 988 2203 1017 2257; x_wconf 90' lang='lat' dir='ltr'><strong>et</strong></span> <span class='ocrx_word' id='word_1_161' title='bbox 1039 2197 1208 2257; x_wconf 90' lang='lat' dir='ltr'><strong>nominum:</strong></span> <span class='ocrx_word' id='word_1_162' title='bbox 1233 2199 1433 2262; x_wconf 86' lang='lat' dir='ltr'><strong>nominatiuus</strong></span> 
     </span>
     <span class='ocr_line' id='line_1_19' title="bbox 135 2295 1431 2374; baseline 0.003 -17"><span class='ocrx_word' id='word_1_163' title='bbox 135 2297 200 2366; x_wconf 90' lang='lat' dir='ltr'><strong>hic,</strong></span> <span class='ocrx_word' id='word_1_164' title='bbox 231 2298 388 2374; x_wconf 86' lang='lat' dir='ltr'><strong>genetiuus</strong></span> <span class='ocrx_word' id='word_1_165' title='bbox 416 2296 518 2366; x_wconf 87' lang='lat' dir='ltr'><strong>huius,</strong></span> <span class='ocrx_word' id='word_1_166' title='bbox 553 2296 670 2358; x_wconf 87' lang='lat' dir='ltr'><strong>datiuus</strong></span> <span class='ocrx_word' id='word_1_167' title='bbox 697 2295 782 2367; x_wconf 90' lang='lat' dir='ltr'><strong>huic,</strong></span> <span class='ocrx_word' id='word_1_168' title='bbox 814 2298 1002 2359; x_wconf 88' lang='lat' dir='ltr'><strong>accusatiuus</strong></span> <span class='ocrx_word' id='word_1_169' title='bbox 1030 2295 1123 2366; x_wconf 88' lang='lat' dir='ltr'><strong>hunc,</strong></span> <span class='ocrx_word' id='word_1_170' title='bbox 1158 2299 1311 2359; x_wconf 88' lang='lat' dir='ltr'><strong>uocatiuus</strong></span> <span class='ocrx_word' id='word_1_171' title='bbox 1334 2318 1352 2360; x_wconf 94' lang='lat' dir='ltr'><strong>o</strong></span> <span class='ocrx_word' id='word_1_172' title='bbox 1372 2301 1431 2370; x_wconf 81' lang='lat' dir='ltr'><strong>hic,</strong></span> 
     </span>
     <span class='ocr_line' id='line_1_20' title="bbox 134 2395 1432 2478; baseline 0.003 -21"><span class='ocrx_word' id='word_1_173' title='bbox 134 2395 281 2459; x_wconf 88' lang='lat' dir='ltr'><strong>ablatiuus</strong></span> <span class='ocrx_word' id='word_1_174' title='bbox 309 2395 347 2457; x_wconf 88' lang='lat' dir='ltr'><strong>ab</strong></span> <span class='ocrx_word' id='word_1_175' title='bbox 375 2397 446 2469; x_wconf 84' lang='lat' dir='ltr'><strong>lroc,</strong></span> <span class='ocrx_word' id='word_1_176' title='bbox 476 2407 504 2459; x_wconf 91' lang='lat' dir='ltr'><strong>et</strong></span> <span class='ocrx_word' id='word_1_177' title='bbox 526 2396 681 2478; x_wconf 87' lang='lat' dir='ltr'><strong>pluraliter</strong></span> <span class='ocrx_word' id='word_1_178' title='bbox 704 2397 733 2458; x_wconf 82' lang='lat' dir='ltr'><strong>ut</strong></span> <span class='ocrx_word' id='word_1_179' title='bbox 756 2397 862 2458; x_wconf 86' lang='lat' dir='ltr'><strong>horum</strong></span> <span class='ocrx_word' id='word_1_180' title='bbox 892 2397 938 2459; x_wconf 86' lang='lat' dir='ltr'><strong>his</strong></span> <span class='ocrx_word' id='word_1_181' title='bbox 960 2396 1014 2458; x_wconf 91' lang='lat' dir='ltr'><strong>hos</strong></span> <span class='ocrx_word' id='word_1_182' title='bbox 1037 2416 1055 2457; x_wconf 96' lang='lat' dir='ltr'><strong>o</strong></span> <span class='ocrx_word' id='word_1_183' title='bbox 1076 2399 1110 2457; x_wconf 73' lang='lat' dir='ltr'><strong>lu¹</strong></span> <span class='ocrx_word' id='word_1_184' title='bbox 1130 2396 1168 2457; x_wconf 88' lang='lat' dir='ltr'><strong>ab</strong></span> <span class='ocrx_word' id='word_1_185' title='bbox 1191 2397 1245 2459; x_wconf 82' lang='lat' dir='ltr'><strong>liis.</strong></span> <span class='ocrx_word' id='word_1_186' title='bbox 1291 2397 1350 2460; x_wconf 88' lang='lat' dir='ltr'><strong>Sed</strong></span> <span class='ocrx_word' id='word_1_187' title='bbox 1372 2418 1432 2461; x_wconf 91' lang='lat' dir='ltr'><strong>non</strong></span> 
     </span>
    </p>

    <p class='ocr_par' dir='ltr' id='par_1_10' title="bbox 95 2497 1433 4305">
     <span class='ocr_line' id='line_1_21' title="bbox 96 2497 1432 2580; baseline 0.001 -20"><span class='ocrx_word' id='word_1_188' title='bbox 96 2520 122 2560; x_wconf 77' lang='lat' dir='ltr'><strong>eo</strong></span> <span class='ocrx_word' id='word_1_189' title='bbox 135 2500 234 2560; x_wconf 88' lang='lat' dir='ltr'><strong>omnia</strong></span> <span class='ocrx_word' id='word_1_190' title='bbox 256 2500 433 2579; x_wconf 89' lang='lat' dir='ltr'><strong>pronomina</strong></span> <span class='ocrx_word' id='word_1_191' title='bbox 455 2516 509 2576; x_wconf 90' lang='lat' dir='ltr'><strong>per</strong></span> <span class='ocrx_word' id='word_1_192' title='bbox 531 2517 635 2560; x_wconf 90' lang='lat' dir='ltr'><strong>omnes</strong></span> <span class='ocrx_word' id='word_1_193' title='bbox 657 2517 709 2560; x_wconf 83' lang='lat' dir='ltr'><strong>ser</strong></span> <span class='ocrx_word' id='word_1_194' title='bbox 731 2516 816 2560; x_wconf 88' lang='lat' dir='ltr'><strong>casus</strong></span> <span class='ocrx_word' id='word_1_195' title='bbox 838 2497 1039 2560; x_wconf 87' lang='lat' dir='ltr'><strong>declinantur:</strong></span> <span class='ocrx_word' id='word_1_196' title='bbox 1071 2499 1225 2559; x_wconf 89' lang='lat' dir='ltr'><strong>inuenitur</strong></span> <span class='ocrx_word' id='word_1_197' title='bbox 1255 2501 1334 2561; x_wconf 91' lang='lat' dir='ltr'><strong>enim</strong></span> <span class='ocrx_word' id='word_1_198' title='bbox 1362 2519 1432 2580; x_wconf 92' lang='lat' dir='ltr'><strong>pro·</strong></span> 
     </span>
     <span class='ocr_line' id='line_1_22' title="bbox 133 2599 1433 2681; baseline -0.001 -18"><span class='ocrx_word' id='word_1_199' title='bbox 133 2619 259 2671; x_wconf 88' lang='lat' dir='ltr'><strong>nomeu,</strong></span> <span class='ocrx_word' id='word_1_200' title='bbox 283 2602 360 2661; x_wconf 91' lang='lat' dir='ltr'><strong>sicut</strong></span> <span class='ocrx_word' id='word_1_201' title='bbox 382 2602 579 2681; x_wconf 88' lang='lat' dir='ltr'><strong>Pompeius</strong></span> <span class='ocrx_word' id='word_1_202' title='bbox 601 2601 687 2670; x_wconf 88' lang='lat' dir='ltr'><strong>dicit,</strong></span> <span class='ocrx_word' id='word_1_203' title='bbox 711 2599 762 2662; x_wconf 80' lang='lat' dir='ltr'><strong>ulii</strong></span> <span class='ocrx_word' id='word_1_204' title='bbox 784 2619 861 2662; x_wconf 89' lang='lat' dir='ltr'><strong>uuus</strong></span> <span class='ocrx_word' id='word_1_205' title='bbox 884 2618 970 2661; x_wconf 91' lang='lat' dir='ltr'><strong>casus</strong></span> <span class='ocrx_word' id='word_1_206' title='bbox 991 2600 1082 2668; x_wconf 83' lang='lat' dir='ltr'><strong>(lesit,</strong></span> <span class='ocrx_word' id='word_1_207' title='bbox 1105 2599 1184 2661; x_wconf 88' lang='lat' dir='ltr'><strong>idest</strong></span> <span class='ocrx_word' id='word_1_208' title='bbox 1206 2602 1376 2671; x_wconf 87' lang='lat' dir='ltr'><strong>uocatiuus,</strong></span> <span class='ocrx_word' id='word_1_209' title='bbox 1400 2610 1433 2662; x_wconf 90' lang='lat' dir='ltr'><strong>ut</strong></span> 
     </span>
     <span class='ocr_line' id='line_1_23' title="bbox 135 2701 1432 2782; baseline 0.002 -20"><span class='ocrx_word' id='word_1_210' title='bbox 135 2720 191 2781; x_wconf 89' lang='lat' dir='ltr'><strong>ego</strong></span> <span class='ocrx_word' id='word_1_211' title='bbox 214 2704 273 2763; x_wconf 92' lang='lat' dir='ltr'><strong>mei</strong></span> <span class='ocrx_word' id='word_1_212' title='bbox 296 2701 368 2762; x_wconf 92' lang='lat' dir='ltr'><strong>mihi</strong></span> <span class='ocrx_word' id='word_1_213' title='bbox 390 2720 438 2763; x_wconf 90' lang='lat' dir='ltr'><strong>me</strong></span> <span class='ocrx_word' id='word_1_214' title='bbox 453 2720 469 2762; x_wconf 89' lang='lat' dir='ltr'><strong>a</strong></span> <span class='ocrx_word' id='word_1_215' title='bbox 485 2721 541 2762; x_wconf 91' lang='lat' dir='ltr'><strong>me.</strong></span> <span class='ocrx_word' id='word_1_216' title='bbox 572 2701 712 2781; x_wconf 87' lang='lat' dir='ltr'><strong>Plerique</strong></span> <span class='ocrx_word' id='word_1_217' title='bbox 734 2703 928 2782; x_wconf 89' lang='lat' dir='ltr'><strong>interponunt</strong></span> <span class='ocrx_word' id='word_1_218' title='bbox 949 2721 976 2772; x_wconf 91' lang='lat' dir='ltr'><strong>o,</strong></span> <span class='ocrx_word' id='word_1_219' title='bbox 1000 2711 1032 2762; x_wconf 94' lang='lat' dir='ltr'><strong>ut</strong></span> <span class='ocrx_word' id='word_1_220' title='bbox 1054 2719 1109 2780; x_wconf 88' lang='lat' dir='ltr'><strong>ego</strong></span> <span class='ocrx_word' id='word_1_221' title='bbox 1132 2703 1192 2762; x_wconf 85' lang='lat' dir='ltr'><strong>mei</strong></span> <span class='ocrx_word' id='word_1_222' title='bbox 1213 2701 1286 2762; x_wconf 80' lang='lat' dir='ltr'><strong>milti</strong></span> <span class='ocrx_word' id='word_1_223' title='bbox 1307 2720 1354 2763; x_wconf 84' lang='lat' dir='ltr'><strong>me</strong></span> <span class='ocrx_word' id='word_1_224' title='bbox 1375 2721 1393 2763; x_wconf 96' lang='lat' dir='ltr'><strong>o</strong></span> <span class='ocrx_word' id='word_1_225' title='bbox 1416 2723 1432 2765; x_wconf 89' lang='lat' dir='ltr'><strong>a</strong></span> 
     </span>
     <span class='ocr_line' id='line_1_24' title="bbox 133 2802 1432 2883; baseline 0.001 -18"><span class='ocrx_word' id='word_1_226' title='bbox 133 2822 196 2874; x_wconf 86' lang='lat' dir='ltr'><strong>me,</strong></span> <span class='ocrx_word' id='word_1_227' title='bbox 220 2812 252 2864; x_wconf 95' lang='lat' dir='ltr'><strong>ut</strong></span> <span class='ocrx_word' id='word_1_228' title='bbox 274 2803 331 2864; x_wconf 91' lang='lat' dir='ltr'><strong>hoc</strong></span> <span class='ocrx_word' id='word_1_229' title='bbox 353 2805 450 2883; x_wconf 89' lang='lat' dir='ltr'><strong>ipsum</strong></span> <span class='ocrx_word' id='word_1_230' title='bbox 474 2823 491 2864; x_wconf 94' lang='lat' dir='ltr'><strong>o</strong></span> <span class='ocrx_word' id='word_1_231' title='bbox 514 2802 654 2865; x_wconf 90' lang='lat' dir='ltr'><strong>articulus</strong></span> <span class='ocrx_word' id='word_1_232' title='bbox 676 2805 716 2864; x_wconf 89' lang='lat' dir='ltr'><strong>sit</strong></span> <span class='ocrx_word' id='word_1_233' title='bbox 731 2805 860 2864; x_wconf 90' lang='lat' dir='ltr'><strong>uocatiui</strong></span> <span class='ocrx_word' id='word_1_234' title='bbox 875 2821 975 2871; x_wconf 89' lang='lat' dir='ltr'><strong>casus;</strong></span> <span class='ocrx_word' id='word_1_235' title='bbox 999 2811 1097 2864; x_wconf 87' lang='lat' dir='ltr'><strong>tamen</strong></span> <span class='ocrx_word' id='word_1_236' title='bbox 1120 2802 1225 2864; x_wconf 82' lang='lat' dir='ltr'><strong>falsum</strong></span> <span class='ocrx_word' id='word_1_237' title='bbox 1247 2812 1291 2865; x_wconf 91' lang='grc' dir='ltr'><strong>εει</strong></span> <span class='ocrx_word' id='word_1_238' title='bbox 1306 2804 1432 2866; x_wconf 90' lang='lat' dir='ltr'><strong>docente</strong></span> 
     </span>
     <span class='ocr_line' id='line_1_25' title="bbox 133 2906 1430 2986; baseline -0.001 -18"><span class='ocrx_word' id='word_1_239' title='bbox 133 2908 324 2986; x_wconf 78' lang='lat' dir='ltr'><strong>Astyagis:</strong></span> <span class='ocrx_word' id='word_1_240' title='bbox 357 2923 415 2966; x_wconf 90' lang='lat' dir='ltr'><strong>non</strong></span> <span class='ocrx_word' id='word_1_241' title='bbox 438 2913 535 2985; x_wconf 87' lang='lat' dir='ltr'><strong>potest</strong></span> <span class='ocrx_word' id='word_1_242' title='bbox 556 2906 636 2975; x_wconf 90' lang='lat' dir='ltr'><strong>lieri,</strong></span> <span class='ocrx_word' id='word_1_243' title='bbox 669 2914 700 2965; x_wconf 94' lang='lat' dir='ltr'><strong>ut</strong></span> <span class='ocrx_word' id='word_1_244' title='bbox 722 2924 740 2964; x_wconf 94' lang='lat' dir='ltr'><strong>o</strong></span> <span class='ocrx_word' id='word_1_245' title='bbox 762 2923 928 2985; x_wconf 88' lang='lat' dir='ltr'><strong>pronomen</strong></span> <span class='ocrx_word' id='word_1_246' title='bbox 951 2907 989 2966; x_wconf 90' lang='lat' dir='ltr'><strong>sit</strong></span> <span class='ocrx_word' id='word_1_247' title='bbox 1011 2907 1140 2967; x_wconf 90' lang='lat' dir='ltr'><strong>uocatiui</strong></span> <span class='ocrx_word' id='word_1_248' title='bbox 1162 2923 1262 2972; x_wconf 88' lang='lat' dir='ltr'><strong>casus.</strong></span> <span class='ocrx_word' id='word_1_249' title='bbox 1292 2908 1430 2986; x_wconf 84' lang='lat' dir='ltr'><strong>quonium</strong></span> 
     </span>
     <span class='ocr_line' id='line_1_26' title="bbox 95 3004 1430 3088; baseline 0.001 -21"><span class='ocrx_word' id='word_1_250' title='bbox 95 3008 289 3068; x_wconf 72' lang='lat' dir='ltr'><strong>uuocatiuus</strong></span> <span class='ocrx_word' id='word_1_251' title='bbox 315 3006 474 3084; x_wconf 89' lang='lat' dir='ltr'><strong>singularis</strong></span> <span class='ocrx_word' id='word_1_252' title='bbox 502 3006 592 3067; x_wconf 77' lang='lat' dir='ltr'><strong>debet</strong></span> <span class='ocrx_word' id='word_1_253' title='bbox 619 3004 729 3083; x_wconf 88' lang='lat' dir='ltr'><strong>aliquid</strong></span> <span class='ocrx_word' id='word_1_254' title='bbox 760 3006 945 3068; x_wconf 79' lang='lat' dir='ltr'><strong>differentiae</strong></span> <span class='ocrx_word' id='word_1_255' title='bbox 975 3005 1084 3067; x_wconf 86' lang='lat' dir='ltr'><strong>habere</strong></span> <span class='ocrx_word' id='word_1_256' title='bbox 1108 3025 1124 3067; x_wconf 89' lang='lat' dir='ltr'><strong>a</strong></span> <span class='ocrx_word' id='word_1_257' title='bbox 1147 3007 1284 3067; x_wconf 87' lang='lat' dir='ltr'><strong>uocatiuo</strong></span> <span class='ocrx_word' id='word_1_258' title='bbox 1313 3006 1430 3088; x_wconf 90' lang='lat' dir='ltr'><strong>plurali.</strong></span> 
     </span>
     <span class='ocr_line' id='line_1_27' title="bbox 135 3106 1432 3188; baseline 0.002 -19"><span class='ocrx_word' id='word_1_259' title='bbox 135 3106 238 3169; x_wconf 89' lang='lat' dir='ltr'><strong>Omnis</strong></span> <span class='ocrx_word' id='word_1_260' title='bbox 261 3110 340 3168; x_wconf 88' lang='lat' dir='ltr'><strong>enim</strong></span> <span class='ocrx_word' id='word_1_261' title='bbox 364 3106 506 3170; x_wconf 89' lang='lat' dir='ltr'><strong>articulus</strong></span> <span class='ocrx_word' id='word_1_262' title='bbox 529 3127 582 3188; x_wconf 86' lang='lat' dir='ltr'><strong>per</strong></span> <span class='ocrx_word' id='word_1_263' title='bbox 597 3127 700 3169; x_wconf 87' lang='lat' dir='ltr'><strong>omues</strong></span> <span class='ocrx_word' id='word_1_264' title='bbox 722 3126 809 3170; x_wconf 91' lang='lat' dir='ltr'><strong>casus</strong></span> <span class='ocrx_word' id='word_1_265' title='bbox 831 3127 954 3170; x_wconf 85' lang='lat' dir='ltr'><strong>necesse</strong></span> <span class='ocrx_word' id='word_1_266' title='bbox 977 3106 1066 3169; x_wconf 87' lang='lat' dir='ltr'><strong>habet</strong></span> <span class='ocrx_word' id='word_1_267' title='bbox 1087 3110 1117 3168; x_wconf 93' lang='lat' dir='ltr'><strong>iu</strong></span> <span class='ocrx_word' id='word_1_268' title='bbox 1140 3108 1282 3186; x_wconf 90' lang='lat' dir='ltr'><strong>singulari</strong></span> <span class='ocrx_word' id='word_1_269' title='bbox 1306 3128 1432 3172; x_wconf 90' lang='lat' dir='ltr'><strong>numero</strong></span> 
     </span>
     <span class='ocr_line' id='line_1_28' title="bbox 134 3207 1431 3290; baseline 0.002 -20"><span class='ocrx_word' id='word_1_270' title='bbox 134 3208 221 3270; x_wconf 84' lang='lat' dir='ltr'><strong>aliter</strong></span> <span class='ocrx_word' id='word_1_271' title='bbox 244 3207 386 3269; x_wconf 89' lang='lat' dir='ltr'><strong>declinari</strong></span> <span class='ocrx_word' id='word_1_272' title='bbox 410 3217 439 3269; x_wconf 91' lang='lat' dir='ltr'><strong>et</strong></span> <span class='ocrx_word' id='word_1_273' title='bbox 461 3207 546 3270; x_wconf 86' lang='lat' dir='ltr'><strong>aliter</strong></span> <span class='ocrx_word' id='word_1_274' title='bbox 568 3212 598 3270; x_wconf 93' lang='lat' dir='ltr'><strong>in</strong></span> <span class='ocrx_word' id='word_1_275' title='bbox 621 3209 747 3289; x_wconf 87' lang='lat' dir='ltr'><strong>plurali,</strong></span> <span class='ocrx_word' id='word_1_276' title='bbox 770 3219 802 3271; x_wconf 94' lang='lat' dir='ltr'><strong>ut</strong></span> <span class='ocrx_word' id='word_1_277' title='bbox 823 3219 894 3290; x_wconf 89' lang='lat' dir='ltr'><strong>puta</strong></span> <span class='ocrx_word' id='word_1_278' title='bbox 918 3209 966 3270; x_wconf 87' lang='lat' dir='ltr'><strong>lric</strong></span> <span class='ocrx_word' id='word_1_279' title='bbox 988 3209 1077 3271; x_wconf 90' lang='lat' dir='ltr'><strong>huius</strong></span> <span class='ocrx_word' id='word_1_280' title='bbox 1100 3209 1168 3270; x_wconf 85' lang='lat' dir='ltr'><strong>huic</strong></span> <span class='ocrx_word' id='word_1_281' title='bbox 1183 3209 1263 3271; x_wconf 89' lang='lat' dir='ltr'><strong>lruuc</strong></span> <span class='ocrx_word' id='word_1_282' title='bbox 1279 3228 1296 3270; x_wconf 94' lang='lat' dir='ltr'><strong>o</strong></span> <span class='ocrx_word' id='word_1_283' title='bbox 1312 3211 1348 3272; x_wconf 86' lang='lat' dir='ltr'><strong>alr</strong></span> <span class='ocrx_word' id='word_1_284' title='bbox 1365 3212 1431 3282; x_wconf 86' lang='lat' dir='ltr'><strong>hoc,</strong></span> 
     </span>
     <span class='ocr_line' id='line_1_29' title="bbox 135 3309 1430 3391; baseline 0.004 -21"><span class='ocrx_word' id='word_1_285' title='bbox 135 3310 166 3370; x_wconf 89' lang='lat' dir='ltr'><strong>hi</strong></span> <span class='ocrx_word' id='word_1_286' title='bbox 188 3309 294 3372; x_wconf 91' lang='lat' dir='ltr'><strong>horum</strong></span> <span class='ocrx_word' id='word_1_287' title='bbox 318 3310 365 3370; x_wconf 89' lang='lat' dir='ltr'><strong>his</strong></span> <span class='ocrx_word' id='word_1_288' title='bbox 388 3310 443 3370; x_wconf 86' lang='lat' dir='ltr'><strong>hos</strong></span> <span class='ocrx_word' id='word_1_289' title='bbox 464 3331 482 3371; x_wconf 91' lang='lat' dir='ltr'><strong>o</strong></span> <span class='ocrx_word' id='word_1_290' title='bbox 504 3311 542 3373; x_wconf 91' lang='lat' dir='ltr'><strong>ab</strong></span> <span class='ocrx_word' id='word_1_291' title='bbox 564 3311 620 3372; x_wconf 90' lang='lat' dir='ltr'><strong>his.</strong></span> <span class='ocrx_word' id='word_1_292' title='bbox 667 3312 702 3373; x_wconf 92' lang='lat' dir='ltr'><strong>lli</strong></span> <span class='ocrx_word' id='word_1_293' title='bbox 731 3330 834 3372; x_wconf 89' lang='lat' dir='ltr'><strong>omncs</strong></span> <span class='ocrx_word' id='word_1_294' title='bbox 862 3330 949 3372; x_wconf 86' lang='lat' dir='ltr'><strong>rasus</strong></span> <span class='ocrx_word' id='word_1_295' title='bbox 971 3313 1001 3372; x_wconf 92' lang='lat' dir='ltr'><strong>io</strong></span> <span class='ocrx_word' id='word_1_296' title='bbox 1024 3309 1167 3388; x_wconf 88' lang='lat' dir='ltr'><strong>singulari</strong></span> <span class='ocrx_word' id='word_1_297' title='bbox 1189 3320 1219 3372; x_wconf 90' lang='lat' dir='ltr'><strong>et</strong></span> <span class='ocrx_word' id='word_1_298' title='bbox 1241 3311 1347 3391; x_wconf 90' lang='lat' dir='ltr'><strong>plurali</strong></span> <span class='ocrx_word' id='word_1_299' title='bbox 1376 3332 1430 3376; x_wconf 93' lang='lat' dir='ltr'><strong>nu·</strong></span> 
     </span>
     <span class='ocr_line' id='line_1_30' title="bbox 133 3412 1432 3493; baseline 0.001 -20"><span class='ocrx_word' id='word_1_300' title='bbox 133 3430 217 3474; x_wconf 91' lang='lat' dir='ltr'><strong>mero</strong></span> <span class='ocrx_word' id='word_1_301' title='bbox 241 3415 320 3473; x_wconf 88' lang='lat' dir='ltr'><strong>inter</strong></span> <span class='ocrx_word' id='word_1_302' title='bbox 342 3431 374 3473; x_wconf 88' lang='lat' dir='ltr'><strong>se</strong></span> <span class='ocrx_word' id='word_1_303' title='bbox 397 3415 477 3492; x_wconf 87' lang='lat' dir='ltr'><strong>ipsos</strong></span> <span class='ocrx_word' id='word_1_304' title='bbox 498 3413 712 3475; x_wconf 85' lang='lat' dir='ltr'><strong>diuersi-suut.</strong></span> <span class='ocrx_word' id='word_1_305' title='bbox 757 3412 780 3473; x_wconf 87' lang='lat' dir='ltr'>E</span> <span class='ocrx_word' id='word_1_306' title='bbox 803 3413 953 3474; x_wconf 88' lang='lat' dir='ltr'><strong>contrario</strong></span> <span class='ocrx_word' id='word_1_307' title='bbox 975 3414 1006 3473; x_wconf 90' lang='lat' dir='ltr'><strong>in</strong></span> <span class='ocrx_word' id='word_1_308' title='bbox 1027 3413 1084 3473; x_wconf 88' lang='lat' dir='ltr'><strong>isto</strong></span> <span class='ocrx_word' id='word_1_309' title='bbox 1108 3415 1258 3481; x_wconf 89' lang='lat' dir='ltr'><strong>uocatiuo,</strong></span> <span class='ocrx_word' id='word_1_310' title='bbox 1289 3416 1339 3493; x_wconf 91' lang='lat' dir='ltr'><strong>qui</strong></span> <span class='ocrx_word' id='word_1_311' title='bbox 1362 3415 1432 3476; x_wconf 88' lang='lat' dir='ltr'><strong>iacit</strong></span> 
     </span>
     <span class='ocr_line' id='line_1_31' title="bbox 95 3512 1430 3592; baseline 0.003 -18"><span class='ocrx_word' id='word_1_312' title='bbox 95 3534 121 3574; x_wconf 86' lang='lat' dir='ltr'><strong>ao</strong></span> <span class='ocrx_word' id='word_1_313' title='bbox 134 3516 165 3575; x_wconf 76' lang='lat' dir='ltr'><strong>‘o</strong></span> <span class='ocrx_word' id='word_1_314' title='bbox 187 3515 293 3575; x_wconf 82' lang='lat' dir='ltr'><strong>&#39;lurni&#39;</strong></span> <span class='ocrx_word' id='word_1_315' title='bbox 315 3515 378 3574; x_wconf 82' lang='lat' dir='ltr'><strong>siue</strong></span> <span class='ocrx_word' id='word_1_316' title='bbox 402 3518 431 3574; x_wconf 73' lang='lat' dir='ltr'><strong>‘o</strong></span> <span class='ocrx_word' id='word_1_317' title='bbox 447 3520 490 3576; x_wconf 91' lang='lat' dir='ltr'><strong>tu’</strong></span> <span class='ocrx_word' id='word_1_318' title='bbox 508 3523 537 3577; x_wconf 88' lang='lat' dir='ltr'><strong>et</strong></span> <span class='ocrx_word' id='word_1_319' title='bbox 552 3519 582 3575; x_wconf 79' lang='lat' dir='ltr'><strong>‘o</strong></span> <span class='ocrx_word' id='word_1_320' title='bbox 597 3517 676 3592; x_wconf 88' lang='lat' dir='ltr'><strong>uos&#39;,</strong></span> <span class='ocrx_word' id='word_1_321' title='bbox 700 3515 778 3575; x_wconf 85' lang='lat' dir='ltr'><strong>idem</strong></span> <span class='ocrx_word' id='word_1_322' title='bbox 802 3512 944 3575; x_wconf 86' lang='lat' dir='ltr'><strong>articulus</strong></span> <span class='ocrx_word' id='word_1_323' title='bbox 966 3521 1020 3574; x_wconf 76' lang='lat' dir='ltr'><strong>est.</strong></span> <span class='ocrx_word' id='word_1_324' title='bbox 1064 3513 1101 3575; x_wconf 85' lang='lat' dir='ltr'><strong>Et</strong></span> <span class='ocrx_word' id='word_1_325' title='bbox 1122 3513 1233 3575; x_wconf 89' lang='lat' dir='ltr'><strong>idcirco</strong></span> <span class='ocrx_word' id='word_1_326' title='bbox 1254 3513 1326 3575; x_wconf 90' lang='lat' dir='ltr'><strong>illud</strong></span> <span class='ocrx_word' id='word_1_327' title='bbox 1343 3517 1430 3578; x_wconf 90' lang='lat' dir='ltr'><strong>etiam</strong></span> 
     </span>
     <span class='ocr_line' id='line_1_32' title="bbox 134 3614 1429 3697; baseline 0.001 -20"><span class='ocrx_word' id='word_1_328' title='bbox 134 3615 318 3697; x_wconf 85' lang='lat' dir='ltr'><strong>sequendum</strong></span> <span class='ocrx_word' id='word_1_329' title='bbox 342 3623 401 3687; x_wconf 89' lang='lat' dir='ltr'><strong>est,</strong></span> <span class='ocrx_word' id='word_1_330' title='bbox 426 3626 459 3676; x_wconf 91' lang='lat' dir='ltr'><strong>ut</strong></span> <span class='ocrx_word' id='word_1_331' title='bbox 480 3616 538 3677; x_wconf 89' lang='lat' dir='ltr'><strong>hoc</strong></span> <span class='ocrx_word' id='word_1_332' title='bbox 561 3615 655 3686; x_wconf 88' lang='lat' dir='ltr'><strong>dicas,</strong></span> <span class='ocrx_word' id='word_1_333' title='bbox 679 3635 696 3676; x_wconf 95' lang='lat' dir='ltr'><strong>o</strong></span> <span class='ocrx_word' id='word_1_334' title='bbox 719 3617 956 3676; x_wconf 87' lang='lat' dir='ltr'><strong>interiectionem</strong></span> <span class='ocrx_word' id='word_1_335' title='bbox 979 3623 1029 3677; x_wconf 88' lang='lat' dir='ltr'><strong>aut</strong></span> <span class='ocrx_word' id='word_1_336' title='bbox 1050 3622 1132 3676; x_wconf 89' lang='lat' dir='ltr'><strong>certe</strong></span> <span class='ocrx_word' id='word_1_337' title='bbox 1155 3614 1331 3678; x_wconf 85' lang='lat' dir='ltr'><strong>aduerhium</strong></span> <span class='ocrx_word' id='word_1_338' title='bbox 1355 3635 1429 3687; x_wconf 87' lang='lat' dir='ltr'><strong>esse,</strong></span> 
     </span>
     <span class='ocr_line' id='line_1_33' title="bbox 133 3714 1431 3799; baseline 0 -20"><span class='ocrx_word' id='word_1_339' title='bbox 133 3717 212 3799; x_wconf 86' lang='lat' dir='ltr'><strong>quod</strong></span> <span class='ocrx_word' id='word_1_340' title='bbox 235 3720 376 3797; x_wconf 90' lang='lat' dir='ltr'><strong>iungatur</strong></span> <span class='ocrx_word' id='word_1_341' title='bbox 399 3721 536 3780; x_wconf 89' lang='lat' dir='ltr'><strong>uocatiuo</strong></span> <span class='ocrx_word' id='word_1_342' title='bbox 559 3720 652 3779; x_wconf 87' lang='lat' dir='ltr'><strong>casui.</strong></span> <span class='ocrx_word' id='word_1_343' title='bbox 697 3717 836 3780; x_wconf 81' lang='lat' dir='ltr'><strong>Ceterum</strong></span> <span class='ocrx_word' id='word_1_344' title='bbox 859 3714 1002 3778; x_wconf 84' lang='lat' dir='ltr'><strong>articulus</strong></span> <span class='ocrx_word' id='word_1_345' title='bbox 1025 3718 1154 3778; x_wconf 92' lang='lat' dir='ltr'><strong>uocatiui</strong></span> <span class='ocrx_word' id='word_1_346' title='bbox 1176 3736 1261 3778; x_wconf 90' lang='lat' dir='ltr'><strong>casus</strong></span> <span class='ocrx_word' id='word_1_347' title='bbox 1282 3737 1342 3779; x_wconf 90' lang='lat' dir='ltr'><strong>non</strong></span> <span class='ocrx_word' id='word_1_348' title='bbox 1365 3727 1431 3798; x_wconf 95' lang='lat' dir='ltr'><strong>pot·</strong></span> 
     </span>
     <span class='ocr_line' id='line_1_34' title="bbox 134 3817 1430 3899; baseline 0 -18"><span class='ocrx_word' id='word_1_349' title='bbox 134 3828 179 3881; x_wconf 86' lang='lat' dir='ltr'><strong>est</strong></span> <span class='ocrx_word' id='word_1_350' title='bbox 201 3819 269 3879; x_wconf 89' lang='lat' dir='ltr'><strong>dici.</strong></span> <span class='ocrx_word' id='word_1_351' title='bbox 313 3818 387 3879; x_wconf 90' lang='lat' dir='ltr'><strong>ltem</strong></span> <span class='ocrx_word' id='word_1_352' title='bbox 409 3817 501 3879; x_wconf 85' lang='lat' dir='ltr'><strong>habes</strong></span> <span class='ocrx_word' id='word_1_353' title='bbox 522 3837 704 3899; x_wconf 90' lang='lat' dir='ltr'><strong>pronomen.</strong></span> <span class='ocrx_word' id='word_1_354' title='bbox 733 3818 785 3879; x_wconf 90' lang='lat' dir='ltr'><strong>ubi</strong></span> <span class='ocrx_word' id='word_1_355' title='bbox 806 3836 865 3879; x_wconf 90' lang='lat' dir='ltr'><strong>non</strong></span> <span class='ocrx_word' id='word_1_356' title='bbox 889 3820 1006 3880; x_wconf 88' lang='lat' dir='ltr'><strong>iuuenis</strong></span> <span class='ocrx_word' id='word_1_357' title='bbox 1028 3821 1244 3881; x_wconf 86' lang='lat' dir='ltr'><strong>nominatiuum</strong></span> <span class='ocrx_word' id='word_1_358' title='bbox 1268 3828 1298 3881; x_wconf 87' lang='lat' dir='ltr'><strong>et</strong></span> <span class='ocrx_word' id='word_1_359' title='bbox 1321 3821 1430 3881; x_wconf 88' lang='lat' dir='ltr'><strong>uocati·</strong></span> 
     </span>
     <span class='ocr_line' id='line_1_35' title="bbox 134 3919 1430 4001; baseline 0.001 -19"><span class='ocrx_word' id='word_1_360' title='bbox 134 3938 222 3990; x_wconf 88' lang='lat' dir='ltr'><strong>uum,</strong></span> <span class='ocrx_word' id='word_1_361' title='bbox 239 3929 271 3982; x_wconf 95' lang='lat' dir='ltr'><strong>ut</strong></span> <span class='ocrx_word' id='word_1_362' title='bbox 286 3930 331 3981; x_wconf 89' lang='lat' dir='ltr'><strong>est</strong></span> <span class='ocrx_word' id='word_1_363' title='bbox 346 3922 393 3982; x_wconf 93' lang='lat' dir='ltr'><strong>sui</strong></span> <span class='ocrx_word' id='word_1_364' title='bbox 407 3920 464 3981; x_wconf 89' lang='lat' dir='ltr'><strong>sibi</strong></span> <span class='ocrx_word' id='word_1_365' title='bbox 479 3939 511 3981; x_wconf 87' lang='lat' dir='ltr'><strong>se</strong></span> <span class='ocrx_word' id='word_1_366' title='bbox 526 3939 542 3980; x_wconf 91' lang='lat' dir='ltr'><strong>a</strong></span> <span class='ocrx_word' id='word_1_367' title='bbox 558 3938 599 3980; x_wconf 92' lang='grc' dir='ltr'><strong>εε.</strong></span> <span class='ocrx_word' id='word_1_368' title='bbox 631 3919 775 3992; x_wconf 84' lang='lat' dir='ltr'><strong>Quattuor</strong></span> <span class='ocrx_word' id='word_1_369' title='bbox 790 3937 876 3981; x_wconf 90' lang='lat' dir='ltr'><strong>casus</strong></span> <span class='ocrx_word' id='word_1_370' title='bbox 891 3919 981 3981; x_wconf 85' lang='lat' dir='ltr'><strong>hahet</strong></span> <span class='ocrx_word' id='word_1_371' title='bbox 997 3923 1150 4001; x_wconf 81' lang='lat' dir='ltr'><strong>utriusque</strong></span> <span class='ocrx_word' id='word_1_372' title='bbox 1166 3923 1282 3983; x_wconf 90' lang='lat' dir='ltr'><strong>numeri</strong></span> <span class='ocrx_word' id='word_1_373' title='bbox 1298 3940 1430 3983; x_wconf 92' lang='lat' dir='ltr'><strong>commu·</strong></span> 
     </span>
     <span class='ocr_line' id='line_1_36' title="bbox 95 4021 1429 4092; baseline 0.004 -13"><span class='ocrx_word' id='word_1_374' title='bbox 95 4038 120 4079; x_wconf 79' lang='lat' dir='ltr'><strong>ss</strong></span> <span class='ocrx_word' id='word_1_375' title='bbox 135 4040 204 4092; x_wconf 89' lang='lat' dir='ltr'><strong>nes.</strong></span> <span class='ocrx_word' id='word_1_376' title='bbox 227 4023 440 4083; x_wconf 89' lang='lat' dir='ltr'><strong>nominatiuum</strong></span> <span class='ocrx_word' id='word_1_377' title='bbox 464 4032 563 4084; x_wconf 89' lang='lat' dir='ltr'><strong>autem</strong></span> <span class='ocrx_word' id='word_1_378' title='bbox 586 4030 616 4083; x_wconf 89' lang='lat' dir='ltr'><strong>ct</strong></span> <span class='ocrx_word' id='word_1_379' title='bbox 638 4024 809 4084; x_wconf 88' lang='lat' dir='ltr'><strong>uocatiuurn</strong></span> <span class='ocrx_word' id='word_1_380' title='bbox 832 4039 891 4082; x_wconf 91' lang='lat' dir='ltr'><strong>nou</strong></span> <span class='ocrx_word' id='word_1_381' title='bbox 915 4021 1012 4083; x_wconf 88' lang='lat' dir='ltr'><strong>habet.</strong></span> <span class='ocrx_word' id='word_1_382' title='bbox 1050 4021 1245 4084; x_wconf 82' lang='lat' dir='ltr'><strong>Inueniuntur</strong></span> <span class='ocrx_word' id='word_1_383' title='bbox 1267 4026 1355 4086; x_wconf 88' lang='lat' dir='ltr'><strong>etiam</strong></span> <span class='ocrx_word' id='word_1_384' title='bbox 1377 4022 1429 4084; x_wconf 91' lang='lat' dir='ltr'><strong>ali·</strong></span> 
     </span>
     <span class='ocr_line' id='line_1_37' title="bbox 135 4121 1431 4206; baseline 0 -21"><span class='ocrx_word' id='word_1_385' title='bbox 135 4142 192 4206; x_wconf 86' lang='lat' dir='ltr'><strong>qua</strong></span> <span class='ocrx_word' id='word_1_386' title='bbox 220 4125 410 4202; x_wconf 88' lang='lat' dir='ltr'><strong>pronomina,</strong></span> <span class='ocrx_word' id='word_1_387' title='bbox 442 4142 516 4203; x_wconf 89' lang='lat' dir='ltr'><strong>quae</strong></span> <span class='ocrx_word' id='word_1_388' title='bbox 545 4125 666 4185; x_wconf 90' lang='lat' dir='ltr'><strong>omnino</strong></span> <span class='ocrx_word' id='word_1_389' title='bbox 695 4141 753 4184; x_wconf 92' lang='lat' dir='ltr'><strong>uon</strong></span> <span class='ocrx_word' id='word_1_390' title='bbox 781 4121 893 4185; x_wconf 85' lang='lat' dir='ltr'><strong>habent</strong></span> <span class='ocrx_word' id='word_1_391' title='bbox 922 4125 976 4184; x_wconf 85' lang='lat' dir='ltr'><strong>nisi</strong></span> <span class='ocrx_word' id='word_1_392' title='bbox 1004 4122 1137 4201; x_wconf 86' lang='lat' dir='ltr'><strong>singulos</strong></span> <span class='ocrx_word' id='word_1_393' title='bbox 1164 4142 1262 4198; x_wconf 88' lang='lat' dir='ltr'><strong>casus,</strong></span> <span class='ocrx_word' id='word_1_394' title='bbox 1292 4131 1324 4184; x_wconf 92' lang='lat' dir='ltr'><strong>ut</strong></span> <span class='ocrx_word' id='word_1_395' title='bbox 1346 4126 1431 4185; x_wconf 86' lang='lat' dir='ltr'><strong>cuius</strong></span> 
     </span>
     <span class='ocr_line' id='line_1_38' title="bbox 135 4224 1431 4305; baseline 0 -19"><span class='ocrx_word' id='word_1_396' title='bbox 135 4226 201 4286; x_wconf 91' lang='lat' dir='ltr'><strong>cuia</strong></span> <span class='ocrx_word' id='word_1_397' title='bbox 229 4227 344 4286; x_wconf 87' lang='lat' dir='ltr'><strong>cuium:</strong></span> <span class='ocrx_word' id='word_1_398' title='bbox 382 4227 413 4284; x_wconf 91' lang='lat' dir='ltr'><strong>in</strong></span> <span class='ocrx_word' id='word_1_399' title='bbox 441 4225 486 4285; x_wconf 86' lang='lat' dir='ltr'><strong>his</strong></span> <span class='ocrx_word' id='word_1_400' title='bbox 514 4224 741 4305; x_wconf 86' lang='lat' dir='ltr'><strong>pronominibus</strong></span> <span class='ocrx_word' id='word_1_401' title='bbox 770 4243 825 4286; x_wconf 90' lang='lat' dir='ltr'><strong>uec</strong></span> <span class='ocrx_word' id='word_1_402' title='bbox 852 4225 1052 4286; x_wconf 85' lang='lat' dir='ltr'><strong>nominatiuus</strong></span> <span class='ocrx_word' id='word_1_403' title='bbox 1074 4225 1225 4285; x_wconf 87' lang='lat' dir='ltr'><strong>inuenitur</strong></span> <span class='ocrx_word' id='word_1_404' title='bbox 1247 4243 1302 4285; x_wconf 90' lang='lat' dir='ltr'><strong>nec</strong></span> <span class='ocrx_word' id='word_1_405' title='bbox 1324 4224 1431 4304; x_wconf 91' lang='lat' dir='ltr'><strong>aliquis</strong></span> 
     </span>
    </p>
   </div>
   <div class='ocr_carea' id='block_1_3' title="bbox 119 4441 1431 4913">
    <p class='ocr_par' dir='ltr' id='par_1_11' title="bbox 119 4441 1431 4511">
     <span class='ocr_line' id='line_1_39' title="bbox 119 4441 1431 4511; baseline -0.001 -15"><span class='ocrx_word' id='word_1_406' title='bbox 119 4479 129 4496; x_wconf 48' lang='grc' dir='ltr'><strong>ι</strong></span> <span class='ocrx_word' id='word_1_407' title='bbox 203 4443 381 4495; x_wconf 73' lang='grc' dir='ltr'><strong>3ἰᾱεπιιίᾱεηι</strong></span> <span class='ocrx_word' id='word_1_408' title='bbox 434 4445 501 4495; x_wconf 72' lang='lat' dir='ltr'><strong>bad</strong></span> <span class='ocrx_word' id='word_1_409' title='bbox 519 4441 608 4511; x_wconf 87' lang='lat' dir='ltr'><strong>quam]</strong></span> <span class='ocrx_word' id='word_1_410' title='bbox 627 4445 738 4506; x_wconf 79' lang='lat' dir='ltr'><strong>aliquem</strong></span> <span class='ocrx_word' id='word_1_411' title='bbox 791 4454 819 4494; x_wconf 85' lang='lat' dir='ltr'><strong>ut</strong></span> <span class='ocrx_word' id='word_1_412' title='bbox 836 4444 873 4493; x_wconf 90' lang='lat' dir='ltr'><strong>tui</strong></span> <span class='ocrx_word' id='word_1_413' title='bbox 925 4445 1041 4509; x_wconf 74' lang='lat' dir='ltr'><strong>egenus</strong></span> <span class='ocrx_word' id='word_1_414' title='bbox 1094 4444 1202 4493; x_wconf 82' lang='lat' dir='ltr'><strong>9tercia</strong></span> <span class='ocrx_word' id='word_1_415' title='bbox 1271 4447 1301 4494; x_wconf 91' lang='lat'><strong>11</strong></span> <span class='ocrx_word' id='word_1_416' title='bbox 1320 4445 1431 4495; x_wconf 87' lang='lat' dir='ltr'><strong>cendum</strong></span> 
     </span>
    </p>

    <p class='ocr_par' dir='ltr' id='par_1_12' title="bbox 131 4508 1431 4913">
     <span class='ocr_line' id='line_1_40' title="bbox 167 4508 1431 4579; baseline 0.001 -18"><span class='ocrx_word' id='word_1_417' title='bbox 167 4510 312 4561; x_wconf 83' lang='lat' dir='ltr'><strong>modulatus</strong></span> <span class='ocrx_word' id='word_1_418' title='bbox 365 4513 397 4561; x_wconf 81' lang='lat'><strong>12</strong></span> <span class='ocrx_word' id='word_1_419' title='bbox 416 4508 565 4579; x_wconf 86' lang='lat' dir='ltr'><strong>Pompeius]</strong></span> <span class='ocrx_word' id='word_1_420' title='bbox 583 4529 610 4577; x_wconf 90' lang='lat' dir='ltr'><strong>p.</strong></span> <span class='ocrx_word' id='word_1_421' title='bbox 629 4515 695 4574; x_wconf 81' lang='lat'><strong>202,</strong></span> <span class='ocrx_word' id='word_1_422' title='bbox 715 4514 749 4563; x_wconf 79' lang='lat'><strong>30</strong></span> <span class='ocrx_word' id='word_1_423' title='bbox 818 4514 850 4563; x_wconf 87' lang='grc'><strong>13</strong></span> <span class='ocrx_word' id='word_1_424' title='bbox 868 4521 897 4561; x_wconf 86' lang='grc' dir='ltr'><strong>ιιι</strong></span> <span class='ocrx_word' id='word_1_425' title='bbox 912 4527 960 4561; x_wconf 89' lang='lat' dir='ltr'><strong>om.</strong></span> <span class='ocrx_word' id='word_1_426' title='bbox 1015 4512 1047 4562; x_wconf 80' lang='lat' dir='ltr'><strong>to</strong></span> <span class='ocrx_word' id='word_1_427' title='bbox 1064 4510 1114 4561; x_wconf 86' lang='lat' dir='ltr'><strong>due</strong></span> <span class='ocrx_word' id='word_1_428' title='bbox 1131 4512 1269 4579; x_wconf 81' lang='lat' dir='ltr'><strong>praecipue</strong></span> <span class='ocrx_word' id='word_1_429' title='bbox 1339 4515 1370 4564; x_wconf 87' lang='grc'><strong>16</strong></span> <span class='ocrx_word' id='word_1_430' title='bbox 1388 4515 1431 4563; x_wconf 85' lang='lat' dir='ltr'><strong>ide</strong></span> 
     </span>
     <span class='ocr_line' id='line_1_41' title="bbox 134 4578 1430 4645; baseline -0.002 -13"><span class='ocrx_word' id='word_1_431' title='bbox 134 4582 166 4632; x_wconf 73' lang='lat'><strong>17</strong></span> <span class='ocrx_word' id='word_1_432' title='bbox 184 4579 254 4643; x_wconf 83' lang='lat' dir='ltr'><strong>quod</strong></span> <span class='ocrx_word' id='word_1_433' title='bbox 323 4582 355 4631; x_wconf 88' lang='lat'><strong>18</strong></span> <span class='ocrx_word' id='word_1_434' title='bbox 375 4595 389 4629; x_wconf 94' lang='lat' dir='ltr'><strong>o</strong></span> <span class='ocrx_word' id='word_1_435' title='bbox 408 4579 514 4631; x_wconf 84' lang='lat' dir='ltr'><strong>hicum.</strong></span> <span class='ocrx_word' id='word_1_436' title='bbox 584 4581 615 4629; x_wconf 82' lang='lat'><strong>19</strong></span> <span class='ocrx_word' id='word_1_437' title='bbox 634 4594 648 4628; x_wconf 97' lang='lat' dir='ltr'><strong>o</strong></span> <span class='ocrx_word' id='word_1_438' title='bbox 667 4579 698 4628; x_wconf 84' lang='lat' dir='ltr'><strong>ab</strong></span> <span class='ocrx_word' id='word_1_439' title='bbox 751 4593 801 4629; x_wconf 90' lang='lat' dir='ltr'><strong>non</strong></span> <span class='ocrx_word' id='word_1_440' title='bbox 821 4580 917 4639; x_wconf 85' lang='lat' dir='ltr'><strong>omniu]</strong></span> <span class='ocrx_word' id='word_1_441' title='bbox 936 4581 1040 4629; x_wconf 81' lang='lat' dir='ltr'><strong>uomina</strong></span> <span class='ocrx_word' id='word_1_442' title='bbox 1090 4582 1122 4629; x_wconf 80' lang='lat'><strong>21</strong></span> <span class='ocrx_word' id='word_1_443' title='bbox 1141 4578 1291 4645; x_wconf 82' lang='lat' dir='ltr'><strong>Pompeius]</strong></span> <span class='ocrx_word' id='word_1_444' title='bbox 1307 4598 1334 4644; x_wconf 84' lang='lat' dir='ltr'><strong>p.</strong></span> <span class='ocrx_word' id='word_1_445' title='bbox 1345 4582 1430 4645; x_wconf 52' lang='grc'><strong>2031</strong></span> 
     </span>
     <span class='ocr_line' id='line_1_42' title="bbox 131 4644 1430 4713; baseline 0.001 -14"><span class='ocrx_word' id='word_1_446' title='bbox 131 4649 166 4699; x_wconf 76' lang='grc'><strong>33</strong></span> <span class='ocrx_word' id='word_1_447' title='bbox 184 4647 280 4697; x_wconf 83' lang='lat' dir='ltr'><strong>milrio</strong></span> <span class='ocrx_word' id='word_1_448' title='bbox 365 4649 400 4698; x_wconf 74' lang='grc'><strong>24</strong></span> <span class='ocrx_word' id='word_1_449' title='bbox 416 4644 539 4713; x_wconf 85' lang='lat' dir='ltr'><strong>ostingio]</strong></span> <span class='ocrx_word' id='word_1_450' title='bbox 559 4648 593 4710; x_wconf 82' lang='lat' dir='ltr'><strong>ef.</strong></span> <span class='ocrx_word' id='word_1_451' title='bbox 612 4647 701 4711; x_wconf 86' lang='lat' dir='ltr'><strong>Pomp.</strong></span> <span class='ocrx_word' id='word_1_452' title='bbox 720 4650 737 4700; x_wconf 82' lang='lat' dir='ltr'><strong>l.</strong></span> <span class='ocrx_word' id='word_1_453' title='bbox 755 4649 808 4701; x_wconf 70' lang='grc' dir='ltr'>Η</span> <span class='ocrx_word' id='word_1_454' title='bbox 876 4648 960 4697; x_wconf 78' lang='lat' dir='ltr'><strong>uocati</strong></span> <span class='ocrx_word' id='word_1_455' title='bbox 1028 4646 1062 4697; x_wconf 77' lang='grc'><strong>26</strong></span> <span class='ocrx_word' id='word_1_456' title='bbox 1080 4645 1168 4697; x_wconf 84' lang='lat' dir='ltr'><strong>Omnis</strong></span> <span class='ocrx_word' id='word_1_457' title='bbox 1187 4644 1266 4711; x_wconf 86' lang='lat' dir='ltr'><strong>enim]</strong></span> <span class='ocrx_word' id='word_1_458' title='bbox 1286 4649 1321 4711; x_wconf 79' lang='lat' dir='ltr'><strong>cf.</strong></span> <span class='ocrx_word' id='word_1_459' title='bbox 1341 4649 1430 4712; x_wconf 83' lang='lat' dir='ltr'><strong>Pomp.</strong></span> 
     </span>
     <span class='ocr_line' id='line_1_43' title="bbox 132 4710 1430 4780; baseline -0.002 -13"><span class='ocrx_word' id='word_1_460' title='bbox 132 4718 150 4768; x_wconf 77' lang='lat' dir='ltr'><strong>l.</strong></span> <span class='ocrx_word' id='word_1_461' title='bbox 168 4717 189 4769; x_wconf 88' lang='lat' dir='ltr'><strong>l.</strong></span> <span class='ocrx_word' id='word_1_462' title='bbox 207 4717 241 4765; x_wconf 77' lang='lat' dir='ltr'><strong>u</strong></span> <span class='ocrx_word' id='word_1_463' title='bbox 257 4730 312 4780; x_wconf 78' lang='lat' dir='ltr'><strong>rep.</strong></span> <span class='ocrx_word' id='word_1_464' title='bbox 381 4718 414 4765; x_wconf 80' lang='lat'><strong>29</strong></span> <span class='ocrx_word' id='word_1_465' title='bbox 433 4732 446 4765; x_wconf 90' lang='lat' dir='ltr'><strong>e</strong></span> <span class='ocrx_word' id='word_1_466' title='bbox 464 4710 604 4778; x_wconf 75' lang='lat' dir='ltr'><strong>contrario]</strong></span> <span class='ocrx_word' id='word_1_467' title='bbox 623 4715 658 4776; x_wconf 80' lang='lat' dir='ltr'><strong>cs.</strong></span> <span class='ocrx_word' id='word_1_468' title='bbox 677 4715 766 4778; x_wconf 84' lang='lat' dir='ltr'><strong>Pomp.</strong></span> <span class='ocrx_word' id='word_1_469' title='bbox 785 4718 801 4767; x_wconf 82' lang='lat' dir='ltr'><strong>l.</strong></span> <span class='ocrx_word' id='word_1_470' title='bbox 819 4716 836 4768; x_wconf 85' lang='lat'><strong>1.</strong></span> <span class='ocrx_word' id='word_1_471' title='bbox 856 4717 889 4765; x_wconf 84' lang='lat'><strong>13</strong></span> <span class='ocrx_word' id='word_1_472' title='bbox 958 4717 992 4766; x_wconf 88' lang='grc'><strong>30</strong></span> <span class='ocrx_word' id='word_1_473' title='bbox 1010 4714 1042 4764; x_wconf 83' lang='grc' dir='ltr'><strong>Ει</strong></span> <span class='ocrx_word' id='word_1_474' title='bbox 1058 4713 1164 4778; x_wconf 86' lang='lat' dir='ltr'><strong>idcirco]</strong></span> <span class='ocrx_word' id='word_1_475' title='bbox 1181 4717 1216 4779; x_wconf 79' lang='lat' dir='ltr'><strong>cf.</strong></span> <span class='ocrx_word' id='word_1_476' title='bbox 1231 4716 1319 4779; x_wconf 84' lang='lat' dir='ltr'><strong>Pomp.</strong></span> <span class='ocrx_word' id='word_1_477' title='bbox 1336 4717 1354 4764; x_wconf 88' lang='lat' dir='ltr'><strong>l.</strong></span> <span class='ocrx_word' id='word_1_478' title='bbox 1367 4718 1383 4767; x_wconf 87' lang='lat' dir='ltr'><strong>i.</strong></span> <span class='ocrx_word' id='word_1_479' title='bbox 1397 4718 1430 4765; x_wconf 80' lang='lat'><strong>21</strong></span> 
     </span>
     <span class='ocr_line' id='line_1_44' title="bbox 132 4778 1429 4849; baseline 0.002 -15"><span class='ocrx_word' id='word_1_480' title='bbox 132 4784 166 4834; x_wconf 77' lang='grc'><strong>32</strong></span> <span class='ocrx_word' id='word_1_481' title='bbox 184 4778 284 4849; x_wconf 85' lang='lat' dir='ltr'><strong>potest]</strong></span> <span class='ocrx_word' id='word_1_482' title='bbox 303 4795 342 4832; x_wconf 87' lang='grc' dir='ltr'><strong>εει</strong></span> <span class='ocrx_word' id='word_1_483' title='bbox 426 4786 459 4835; x_wconf 89' lang='grc'><strong>33</strong></span> <span class='ocrx_word' id='word_1_484' title='bbox 481 4784 542 4832; x_wconf 83' lang='lat' dir='ltr'><strong>ltem</strong></span> <span class='ocrx_word' id='word_1_485' title='bbox 560 4779 651 4846; x_wconf 86' lang='lat' dir='ltr'><strong>habes]</strong></span> <span class='ocrx_word' id='word_1_486' title='bbox 675 4784 710 4846; x_wconf 78' lang='lat' dir='ltr'><strong>cs.</strong></span> <span class='ocrx_word' id='word_1_487' title='bbox 730 4783 817 4847; x_wconf 82' lang='lat' dir='ltr'><strong>Pomp.</strong></span> <span class='ocrx_word' id='word_1_488' title='bbox 836 4785 853 4831; x_wconf 86' lang='lat' dir='ltr'><strong>l.</strong></span> <span class='ocrx_word' id='word_1_489' title='bbox 872 4785 889 4834; x_wconf 88' lang='lat' dir='ltr'><strong>l.</strong></span> <span class='ocrx_word' id='word_1_490' title='bbox 909 4785 942 4832; x_wconf 79' lang='lat'><strong>2⁶</strong></span> <span class='ocrx_word' id='word_1_491' title='bbox 1027 4785 1060 4834; x_wconf 79' lang='lat'><strong>35</strong></span> <span class='ocrx_word' id='word_1_492' title='bbox 1077 4779 1219 4849; x_wconf 83' lang='lat' dir='ltr'><strong>luueuitur]</strong></span> <span class='ocrx_word' id='word_1_493' title='bbox 1243 4782 1278 4843; x_wconf 76' lang='lat' dir='ltr'><strong>cf.</strong></span> <span class='ocrx_word' id='word_1_494' title='bbox 1296 4783 1385 4848; x_wconf 83' lang='lat' dir='ltr'><strong>Pomp.</strong></span> <span class='ocrx_word' id='word_1_495' title='bbox 1402 4800 1429 4849; x_wconf 84' lang='lat' dir='ltr'><strong>p.</strong></span> 
     </span>
     <span class='ocr_line' id='line_1_45' title="bbox 133 4851 434 4913; baseline 0.007 -14"><span class='ocrx_word' id='word_1_496' title='bbox 133 4851 192 4909; x_wconf 79' lang='lat' dir='ltr'><strong>no,</strong></span> <span class='ocrx_word' id='word_1_497' title='bbox 212 4852 245 4899; x_wconf 68' lang='lat'><strong>14</strong></span> <span class='ocrx_word' id='word_1_498' title='bbox 313 4852 347 4901; x_wconf 86' lang='grc'><strong>36</strong></span> <span class='ocrx_word' id='word_1_499' title='bbox 364 4852 434 4913; x_wconf 84' lang='lat' dir='ltr'><strong>quod</strong></span> 
     </span>
    </p>
   </div>
   <div class='ocr_carea' id='block_1_4' title="bbox 0 0 1696 5476">
    <p class='ocr_par' dir='ltr' id='par_1_13' title="bbox 0 0 1696 5476">
     <span class='ocr_line' id='line_1_46' title="bbox 0 0 1696 5476; baseline 0 2"><span class='ocrx_word' id='word_1_500' title='bbox 0 0 1696 5476; x_wconf 95' lang='lat' dir='ltr'><strong> </strong></span> 
     </span>
    </p>
   </div>
  </div>
 </body>
</html>
