3382 5476
555 394 631 446 CVM
649 393 856 445 excesterls
873 394 1046 447 mttnl'rts.
1288 407 1443 455 (20le

232 583 307 656 Sed,
338 600 375 640 ne
401 585 510 657 lonpus
537 580 609 655 dm,
644 584 701 643 icoc
734 585 828 643 solum
856 599 1090 643 commemorare
1117 579 1201 655 libet,
1237 583 1320 657 quod
1340 600 1375 658 p.
1405 588 1443 641 32

145 683 248 744 editor
268 684 423 744 Romanus
445 685 488 743 ad
507 686 781 761 metamorphoseos
808 701 915 745 nomen
943 686 1158 744 illustrandum
1185 701 1226 742 esc
1247 682 1353 744 codice
1381 685 1441 743 Va·

147 785 251 847 trenno
269 790 431 863 proponit:
459 787 534 846 sient
563 786 688 847 Ouidius
716 786 837 865 scripsit
865 784 958 846 libros
983 784 1033 846 XV
1063 784 1111 846 uel
1134 784 1274 864 amplius,
1301 782 1334 845 in
1362 786 1443 845 libro

148 887 297 949 Bernensi
318 890 503 949 emendatius
523 886 633 949 scribi:
663 891 741 948 sicut
770 887 888 948 cnidius
917 887 1040 948 scribsit
1061 890 1090 948 in
1114 886 1206 948 libros
1228 885 1278 947 XV
1301 885 1348 947 nel
1371 905 1442 966 apu-

148 988 218 1059 tins,
243 990 390 1067 Apuleius
409 989 539 1060 scilice&
567 999 596 1050 et
617 1007 697 1066 quae
713 1008 748 1065 p.
774 996 811 1048 38
840 992 1000 1065 lepuntur:
1029 998 1060 1049 nt
1089 988 1198 1049 locutio
1227 986 1264 1049 ab
1292 986 1443 1049 inanimali

147 1092 183 1153 nd
207 1092 349 1162 animate,
374 1102 421 1153 ut:
450 1092 493 1152 ‘Si
515 1099 630 1153 tantun}
653 1101 775 1170 pectore
798 1091 892 1151 robur
915 1093 1067 1170 concipit’.
1113 1089 1185 1150 Nan]
1210 1097 1242 1151 ut
1262 1089 1356 1151 robur
1379 1091 1441 1151 ani·

147 1213 224 1254 marn
248 1194 427 1264 nonhabet,
451 1197 489 1255 ita
513 1195 667 1261 Traianus,
692 1196 739 1256 cui
762 1193 818 1255 hnc
841 1192 958 1262 dicitnr,
983 1195 1113 1254 animuin
1137 1192 1241 1261 habet,
1267 1210 1328 1269 pro
1350 1191 1389 1254 iis
1409 1195 1442 1252 in

148 1305 215 1355 arte
237 1297 388 1357 Bernerssi
408 1297 484 1357 ilaec
505 1305 630 1358 extare:
654 1304 688 1357 ut
709 1296 841 1375 loquutin
864 1305 1054 1374 perornetur,
1078 1303 1107 1354 et
1131 1296 1160 1354 in
1177 1294 1347 1373 euangelio:
1372 1296 1439 1373 ‘ego

147 1415 214 1457 snm
242 1400 312 1458 uitis
340 1401 440 1459 nera'.
484 1397 528 1460 Ab
556 1396 710 1459 inanimati
739 1397 774 1456 ad
798 1397 938 1466 animate,
970 1406 1003 1458 ut
1029 1430 1071 1440 —
1097 1397 1256 1476 conspicis.
1307 1395 1380 1457 Narn
1409 1403 1441 1455 nt

147 1496 240 1558 robnr
262 1501 365 1560 —ita
388 1509 493 1560 turnus
515 1502 563 1560 cni
588 1499 661 1559 haec
684 1495 792 1560 dicitnr
815 1500 942 1560 animam
965 1497 1063 1561 habet.
1101 1499 1163 1559 Sed
1183 1500 1222 1558 de
1242 1496 1366 1559 Iuliano
1380 1501 1442 1558 iam

147 1604 222 1660 satis
243 1603 355 1663 diction
377 1610 429 1662 est.

704 2239 885 2322 VIII.

504 2435 581 2516 DE
603 2435 901 2519 SMARAGDI
922 2436 1084 2518 ARTE.

233 2847 320 2907 Inter
346 2846 474 2907 schedas
502 2845 617 2908 codicis
646 2852 808 2909 tiernensis
838 2851 864 2908 Α
894 2855 930 2908 92
956 2867 1005 2908 nr.
1032 2853 1069 2906 22
1095 2845 1305 2922 Smarapdi
1329 2861 1446 2922 quoque

149 2954 227 3010 artis
248 2958 335 3011 extat
352 2949 561 3024 frapmentum
583 2953 699 3012 sacculi
718 2951 930 3025 XIJ—XIII,
954 2954 1054 3026 euius,
1080 2965 1261 3026 quamquam
1282 2949 1373 3008 multo
1394 2964 1445 3008 ue·

149 3051 290 3113 tustiores
318 3054 361 3110 ad
388 3060 493 3112 nostra
521 3061 657 3129 tempora
686 3055 834 3114 deuenere
860 3052 925 3114 eius
948 3054 1084 3130 opusculi
1103 3050 1177 3112 libri
1198 3047 1441 3126 Francopallici,

150 3157 188 3214 de
211 3154 316 3230 anmals
339 3156 434 3214 adeas
455 3154 494 3214 H.
518 3157 667 3216 Keilium:
690 3157 729 3215 de
748 3153 960 3231 prammaticas
982 3153 1162 3231 quibusdam
1183 3151 1302 3214 Latinis
1323 3149 1445 3224 intimae

150 3261 259 3317 aetatis
275 3276 309 3334 p.
338 3263 369 3314 m
391 3273 468 3331 seq„
498 3264 598 3316 tamen
627 3264 799 3333 opporturto
827 3255 877 3317 rei
903 3258 1131 3332 capnoscmdae
1153 3256 1253 3316 oblato
1275 3255 1442 3327 occasione,

150 3357 224 3432 quia
246 3360 301 3417 illa
324 3376 376 3417 ars
398 3358 533 3417 nondum
554 3361 633 3434 typis
654 3375 801 3437 expresso
823 3367 881 3437 est,
909 3360 963 3419 sed
989 3376 1029 3419 ex
1052 3356 1167 3436 mucis
1188 3356 1370 3418 solmnmodo
1392 3371 1444 3414 ea-

150 3468 321 3535 cerptorum
341 3459 480 3530 snlstulis
501 3457 638 3533 innotuit,
663 3462 811 3520 nonnulla
833 3459 969 3522 delibare
990 3457 1207 3521 constituimus.
1248 3458 1370 3518 Constat
1383 3454 1443 3531 ipi-

100 3591 110 3608 o
151 3571 200 3621 tur
226 3561 434 3636 frapmentum
465 3560 621 3622 Bonnense
654 3570 797 3638 quattuor
822 3561 927 3637 solies,
962 3577 1087 3639 quornm
1119 3563 1192 3622 bina
1224 3558 1270 3620 ita
1301 3558 1383 3620 inter
1413 3575 1446 3618 se

150 3671 252 3724 mutuo
274 3666 436 3724 coniuncta
458 3671 544 3736 sant,
575 3672 607 3722 m
623 3666 759 3739 primum
781 3672 981 3740 quartumque
1002 3665 1046 3723 ad
1060 3661 1198 3740 priorem
1220 3660 1294 3723 libri
1312 3668 1441 3738 partem

149 3767 312 3825 secundum
336 3783 408 3824 nero
430 3774 459 3823 et
480 3762 602 3824 tertium
625 3767 667 3825 ad
688 3773 855 3827 extremum
870 3763 1010 3843 opusculi
1021 3768 1111 3839 finem
1128 3762 1317 3841 pertinuisse
1325 3770 1442 3839 potent.

152 3870 246 3942 Atque
263 3867 323 3940 sol.
346 3869 365 3926 I
386 3869 424 3926 de
445 3868 565 3927 nomine
579 3871 685 3943 opiter
697 3869 862 3930 seeundum
881 3868 997 3929 Donati
1016 3874 1112 3926 artem
1128 3868 1165 3927 II
1180 3885 1215 3943 p.
1232 3873 1300 3940 373,
1319 3865 1379 3938 sol.
1395 3865 1449 3925 IV

150 3969 189 4029 de
209 3968 378 4030 nominibus
394 3966 575 4045 possessiuis
589 3977 618 4031 et
624 3967 855 4047 patronomacis,
874 3970 933 4043 fol.
950 3970 989 4031 ΙΙ
1001 3970 1039 4030 de
1049 3966 1296 4046 praepositione,
1316 3967 1375 4040 fol.
1391 3967 1448 4028 III

150 4072 188 4130 de
209 4069 428 4133 interiectione.

235 4202 324 4286 ssFnl.
342 4204 401 4288 1³11
425 4255 431 4267 .
456 4254 463 4267 .
488 4257 493 4267 .
519 4255 525 4267 .
549 4217 733 4287 segregaret,
758 4217 808 4270 ant
829 4208 911 4278 idco,
941 4209 1010 4286 quia
1033 4226 1093 4268 non
1115 4208 1267 4268 inuenitur
1289 4207 1320 4267 in
1343 4223 1444 4266 rernm

150 4299 254 4351 natura
277 4311 394 4362 nomen,
419 4292 498 4371 quod
521 4294 641 4354 omnino
664 4305 765 4355 careat
787 4312 858 4356 casn
882 4292 929 4353 uel
953 4300 1034 4355 certe
1049 4299 1218 4372 propterea,
1241 4300 1274 4352 nt
1296 4293 1443 4371 suspicor,

150 4374 245 4456 qnod,
276 4385 308 4437 nt
335 4377 493 4456 diligenter
521 4377 677 4448 adtendas,
706 4379 776 4440 hnic
804 4379 860 4440 soli
890 4387 1003 4440 tantum
1032 4381 1110 4458 parti
1136 4377 1311 4439 naturaliter
1339 4374 1446 4437 accidit
1535 4450 1538 4457 Ι

151 4479 246 4521 casus.
289 4461 362 4522 Nam
387 4465 575 4542 participium
598 4481 656 4524 non
681 4482 697 4523 a
719 4483 752 4524 se
774 4464 872 4534 habet,
897 4462 948 4525 sed
972 4472 1005 4524 nt
1025 4463 1190 4525 Donatus
1213 4464 1263 4532 ait,
1287 4481 1303 4522 a
1325 4461 1444 4523 nomine

123 4547 260 4624 eaccipit
275 4565 385 4625 genera
408 4556 438 4608 et
454 4567 548 4609 casus.
580 4548 749 4609 Prononren
765 4559 863 4611 antem
881 4557 909 4610 et
931 4548 1188 4625 Aristotelici,
1210 4544 1262 4629 qui
1284 4547 1357 4609 duas
1379 4555 1443 4608 tan·

152 4641 214 4691 turn
243 4651 307 4692 esse
334 4633 474 4695 dixerunt
502 4641 602 4710 partes
632 4637 787 4704 orationis,
816 4634 893 4695 idest
915 4652 1023 4695 nomen
1047 4644 1076 4695 et
1098 4635 1233 4704 uerbum,
1258 4641 1287 4694 et
1309 4633 1442 4702 Stoici,

219 4817 264 4868 lot.
285 4820 309 4866 Ι·
329 4822 341 4867 1
362 4817 518 4885 segregaret]
538 4821 635 4872 Donati
642 4837 670 4884 p.
681 4823 769 4884 37³,2
782 4822 875 4873 uerba:
895 4825 1000 4872 ‘nomen
1018 4832 1134 4887 estpars
1154 4823 1277 4879 orationis
1295 4834 1353 4869 curn
1370 4823 1443 4870 casn'

150 4889 314 4951 explicantur
382 4887 542 4952 tllnnatns]
559 4907 586 4954 p.
607 4890 667 4952 ³87,
686 4891 718 4938 ts
