3382 5476
183 336 249 402 250
576 337 813 389 COMMENTVM
830 335 1073 388 EINSIDLENSE

96 526 527 594 sar,ademonstratione,
551 523 670 604 quando
693 524 868 604 pronomina
892 529 969 585 sunt
998 522 1139 584 Neuter
1160 529 1244 585 uter
1265 540 1363 586 unus
1384 522 1485 587 alter

185 627 283 709 ullus
312 616 417 688 ambo
445 636 615 704 uterque.
659 625 739 687 llaec
761 626 879 686 nomina
903 624 1021 704 quidam
1049 626 1284 687 aestimauerunt
1409 644 1483 707 pro-

186 731 302 791 nomina
326 747 392 790 εεεε
414 737 537 809 propter
559 727 802 797 declinationem,
831 745 920 806 quam
942 725 1061 788 habent
1107 702 1387 790 ‘Alter’⁸‘alterius'
1410 728 1485 790 iacit

184 831 370 911 genetiuum,
395 831 473 890 sicut
495 827 568 891 ‘ille'
592 827 705 903 ‘illius',
729 836 855 908 excepto
870 829 1001 889 ‘neuter'
1016 830 1150 899 ‘neutri’,
1173 827 1252 909 quod
1269 836 1316 889 εει
1329 829 1482 891 secundae

185 929 416 1013 declinationisll
436 928 540 1009 1741,
570 939 600 991 et
621 929 688 990 ideo
710 930 888 1011 pronomina
911 929 1106 991 existimanda
1129 938 1215 1001 sunt,
1244 948 1281 991 eo
1303 928 1383 1010 quod
1405 933 1507 993 arti-a

184 1033 260 1096 culis
282 1035 311 1095 in
335 1031 534 1094 declinatione
557 1039 671 1092 carent.
716 1031 788 1092 Nam
817 1048 877 1091 non
899 1032 1013 1094 dieder
1035 1030 1101 1093 ‘hic
1123 1031 1216 1093 ullus’
1240 1038 1270 1092 et
1291 1031 1341 1093 ‘lri
1363 1032 1480 1095 ambo’.

727 1216 775 1278 DE
797 1215 932 1279 VERBO.

83 1355 172 1403 εει,ε
249 1337 405 1399 Verbum
429 1345 486 1398 est
507 1355 596 1418 pars
617 1336 820 1403 orationis,
844 1336 864 1395 i·
888 1354 945 1397 una
969 1335 1272 1414 specieslocutionis;
1296 1336 1396 1400 exhis
1412 1346 1482 1400 octo

183 1441 319 1522 partibus
341 1458 398 1500 nna
423 1457 492 1518 pars
514 1445 560 1499 εει
580 1437 722 1499 uerbum:
747 1435 876 1498 uerbera
891 1455 938 1507 as,
961 1437 1031 1499 inde
1045 1437 1206 1499 ‘uertunt
1229 1436 1364 1500 Verbum
1378 1447 1480 1502 εειεει

184 1543 292 1604 dicitur
314 1561 330 1602 a
353 1538 579 1609 ‘uerberando’,
602 1541 622 1599 i·
646 1537 855 1620 percutiendo,
879 1557 915 1599 eo
937 1539 1017 1619 quod
1040 1538 1199 1602 uerberato
1221 1558 1291 1601 aere
1313 1548 1343 1601 et
1364 1539 1515 1621 plectroro

183 1645 301 1724 linguae
329 1644 489 1709 formetur:
519 1640 567 1701 nel
596 1640 760 1702 secundum
789 1641 1039 1719 augustinum
1068 1640 1194 1704 uerbum
1223 1641 1330 1704 dicitur
1351 1647 1383 1704 ‘a
1406 1662 1479 1705 uere

185 1746 302 1807 boando
325 1746 344 1803 i·
370 1760 473 1804 auare
488 1742 647 1815 sonando’,
672 1750 702 1803 et
723 1740 887 1803 secundum
910 1743 987 1803 hanc
1010 1742 1228 1814 definitionem,
1257 1744 1377 1824 quando
1405 1763 1480 1807 uere

184 1856 283 1916 sonat,
307 1843 511 1906 tantummodo
535 1843 660 1904 dicimus
682 1843 824 1913 uerbum,
854 1841 924 1904 falsa
948 1862 1021 1904 nero
1044 1863 1103 1905 non
1127 1854 1197 1906 εεει
1220 1844 1321 1906 uerba.
1367 1847 1479 1909 Omnes

185 1960 283 2029 partes
306 1945 457 2009 ‘uerbum'
481 1964 640 2025 possumus
662 1944 775 2006 dicere:
800 1944 886 2004 nerlii
901 1947 996 2023 gratia
1013 1945 1143 2006 solemus
1158 1945 1271 2008 dicere:
1295 1950 1374 2028 ‘quis
1389 1947 1478 2010 hodie

185 2050 255 2112 iecit
278 2047 402 2109 uerbum
427 2047 456 2106 in
479 2046 646 2121 ecclesial’,
674 2065 741 2107 cum
765 2065 823 2107 non
846 2044 968 2107 desolo
992 2046 1085 2107 uerbo
1107 2047 1258 2129 loquatur:
1287 2048 1339 2111 sed
1362 2053 1477 2131 specia—
1491 2066 1514 2107 rs

184 2151 251 2211 liter
273 2150 347 2211 haec
370 2167 439 2229 pars
462 2166 570 2209 nomen
592 2146 670 2208 istud
693 2148 798 2217 habet,
823 2145 901 2229 quod
924 2149 953 2208 in
976 2149 1110 2210 oratione
1132 2150 1321 2230 frequentius
1342 2153 1479 2221 iteretur.

185 2253 232 2314 uel
256 2249 336 2329 qnod
359 2250 536 2330 prolixiores
559 2249 648 2311 habet
676 2249 898 2312 declinationes.
945 2247 1028 2310 Nulla
1058 2252 1136 2311 enim
1165 2270 1235 2331 pars
1262 2254 1406 2314 orationis
1435 2263 1481 2316 est

184 2358 248 2416 sine
270 2353 372 2415 uerbo.
418 2352 499 2413 Bene
522 2351 595 2412 dixit
618 2353 697 2412 ‘cnm
720 2360 855 2431 tempore
878 2359 908 2410 ει
930 2352 1081 2428 ρεεεοεε’,
1110 2354 1177 2432 quia
1206 2354 1280 2415 haec
1308 2354 1368 2415 duo
1391 2354 1479 2417 simul

184 2459 214 2517 in
237 2455 331 2516 uerbo
353 2463 433 2516 sunt.
471 2452 561 2513 Verbi
583 2455 675 2531 gratia
692 2452 782 2532 ‘lego'
798 2471 940 2532 praesens
953 2445 1081 2532 tempus
1103 2464 1148 2515 est
1170 2463 1199 2516 ει
1222 2457 1315 2536 prima
1339 2474 1478 2535 persona,

184 2558 279 2636 ‘legi'
303 2557 497 2637 praeteritum
520 2555 685 2633 perlectum
710 2565 738 2616 et
760 2556 855 2635 prima
883 2572 1010 2634 persona
1033 2556 1209 2636 etreliqua.
1253 2556 1383 2619 Pulchre
1406 2557 1514 2618 dixitto

182 2660 260 2719 ‘sine
282 2663 364 2719 casu’
388 2669 510 2738 propter
533 2675 598 2726 eos,
622 2660 672 2736 qui
695 2657 836 2719 uolebant
858 2677 957 2720 casum
982 2678 1046 2721 esse
1069 2660 1233 2730 inlinitiuis,
1256 2659 1333 2720 sicut
1347 2658 1480 2721 solemus

184 2760 299 2821 dicere:
329 2758 384 2818 ‘da
408 2759 481 2819 milri
504 2757 625 2820 bibere'
648 2778 704 2838 pro
726 2778 776 2827 eo,
807 2759 886 2838 quod
910 2769 955 2821 εει
983 2760 1039 2822 ‘da
1062 2760 1134 2821 milri
1162 2762 1285 2841 potum’
1310 2767 1340 2820 ει
1361 2761 1478 2822 ‘meum

185 2864 275 2922 scire'
299 2879 353 2939 pro
376 2861 455 2922 ‘mea
478 2861 624 2921 scientia’.
671 2860 752 2921 Vnde
774 2861 940 2922 Persius:

312 2962 420 3021 Scire
443 2968 541 3021 tuum
565 2961 657 3023 ninii
681 2971 737 3022 εει
760 2964 836 3023 nisi
860 2972 893 3024 te
916 2965 1015 3024 scire
1039 2962 1107 3024 lroc
1129 2965 1223 3025 sciat
1244 2962 1349 3026 alter.

69 3086 158 3134 :aaa
184 3067 253 3125 Αει
289 3080 402 3140 agere
437 3060 580 3142 aliquid
617 3073 677 3122 aut
713 3066 788 3144 pati
824 3073 897 3125 aut
935 3072 1142 3127 neutrum
1178 3067 1514 3145 significansas

251 3284 350 3333 2Ροει
367 3283 595 3334 ‘destinauerunt’
619 3285 732 3334 lacuama
755 3285 878 3348 indicaui,
903 3301 976 3351 quam
991 3287 1030 3336 tic
1047 3289 1168 3351 empleas:
1198 3286 1245 3337 sed
1271 3296 1342 3352 patet
1363 3302 1394 3336 aa
1461 3288 1478 3337 d

183 3352 276 3402 dicitur
293 3352 386 3401 addidi
487 3353 517 3402 11
536 3349 721 3417 augustinum]
748 3355 785 3402 De
804 3355 938 3403 dialectiea
956 3371 981 3418 p.
999 3357 1030 3417 3,
1049 3358 1085 3405 13
1102 3355 1143 3405 ed.
1163 3354 1292 3406 urceatim
1309 3354 1478 3417 Elderfeldae

184 3422 273 3471 1857:
290 3434 352 3484 ergo
371 3419 476 3468 uerbum
496 3420 591 3469 dictum
610 3430 648 3468 est
665 3421 740 3482 quasi
758 3436 773 3469 a
791 3436 878 3470 uerum
899 3422 997 3470 boando
1019 3423 1105 3485 (qnasi
1124 3437 1183 3471 uere
1201 3423 1302 3472 boando
1320 3424 1378 3473 eod.
1395 3422 1477 3474 Bm.

182 3489 235 3539 548
245 3503 314 3538 saec.
326 3486 362 3550 X)
382 3486 430 3536 hoc
447 3498 487 3536 εει
504 3501 593 3536 uerum
611 3488 740 3544 sonando,
760 3489 794 3551 rs.
808 3489 844 3541 II.
858 3488 920 3538 Keil
936 3492 1021 3540 annal.
1037 3490 1124 3554 philol.
1137 3499 1194 3541 tora.
1207 3489 1333 3541 LXXIX
1342 3507 1371 3555 p.
1385 3495 1436 3541 155
1452 3496 1479 3541 ει

182 3571 263 3620 supra
279 3572 306 3618 p.
325 3558 389 3615 205,
408 3559 449 3605 20.
520 3557 552 3605 14
569 3556 641 3617 quies
712 3558 743 3606 17
761 3554 956 3622 declinationes]
980 3558 1164 3608 declarationes
1182 3574 1267 3609 aomar.
1286 3557 1398 3609 Eiasidl.
1418 3558 1437 3608 I
1450 3574 1478 3624 p.

182 3626 242 3682 205,
261 3625 296 3673 25
363 3625 397 3673 23
414 3620 529 3689 Persius]
549 3623 605 3675 Sat.
623 3623 640 3672 Ι
657 3626 700 3685 27,
719 3625 753 3686 cf.
771 3640 852 3690 supra
867 3642 896 3690 p.
914 3628 974 3688 205,
995 3628 1030 3676 34
1106 3628 1139 3676 24
1157 3627 1182 3675 in
1201 3636 1225 3676 ιε
1243 3627 1308 3676 scire

250 3793 267 3840 2
291 3791 382 3840 Glosaa
406 3792 502 3842 codicia
523 3791 666 3843 Beraeasis
684 3796 737 3843 386
756 3795 778 3856 f.
797 3798 827 3843 9·
845 3810 923 3859 marp.
941 3797 1052 3849 siamtra
1089 3795 1159 3845 llaec
1175 3796 1330 3860 pronomina
1347 3807 1437 3845 neuter
1453 3806 1478 3847 ει

184 3870 239 3908 ιιιεε
261 3869 286 3907 ει
307 3858 369 3907 :riter
391 3870 416 3908 ει
437 3859 502 3908 alias
526 3859 592 3909 allus
615 3871 639 3909 ει
661 3861 736 3910 ambo
760 3863 859 3924 utrique
882 3874 943 3912 sunt
964 3863 1008 3924 qui
1032 3874 1122 3929 putant
1139 3877 1169 3911 ea
1186 3878 1245 3912 εεεε
1267 3864 1384 3926 nomina,
1411 3865 1479 3913 sicat

183 3927 387 3988 Priscianus,
406 3928 449 3989 qni
468 3940 536 3976 certa
553 3927 651 3977 ratione
669 3931 773 3978 nomina
791 3945 819 3978 ea
838 3945 895 3979 esse
907 3930 979 3979 dixit.
999 3929 1063 3979 Nam
1077 3946 1142 3980 εεεε
1155 3940 1180 3980 et
1191 3931 1242 3980 duo
1253 3941 1286 3980 -et
1303 3943 1353 3980 tres
1372 3932 1478 3981 aomina

183 4005 243 4045 εεει
269 3995 366 4043 numeri
394 4007 418 4044 ct
443 3995 548 4045 stultum
575 4007 614 4045 est
639 3997 723 4047 dicere
750 3997 791 4046 illa
817 3999 971 4062 pronomina
997 4011 1102 4065 propter
1127 3999 1207 4048 solam
1234 3999 1439 4050 declinationem.

251 4065 266 4112 9
281 4062 371 4113 Glosaa
381 4064 476 4114 codicia
484 4063 625 4115 Barneasis
635 4065 715 4128 asaf.
726 4063 759 4114 9¹)
768 4081 847 4131 marp.
855 4068 919 4115 sim:
939 4066 1050 4115 Verbum
1063 4067 1179 4116 dicitura
1190 4067 1347 4117 uerberando
1359 4067 1377 4117 l.
1386 4082 1477 4133 percu-

183 4131 268 4180 tiendo
279 4147 308 4180 eo
319 4131 389 4193 quod
399 4133 530 4181 uerberato
540 4147 598 4182 aare
608 4132 703 4197 plectro
713 4133 815 4198 linguae
824 4133 960 4183 lonnetur:
973 4150 1030 4183 aere
1039 4136 1107 4184 enim
1116 4134 1181 4183 inter
1190 4144 1280 4200 saepta
1290 4135 1341 4185 oris
1351 4150 1477 4200 percusso

183 4198 228 4261 (rs.
237 4215 263 4262 p.
272 4201 332 4258 205,
345 4200 388 4262 19)
401 4199 525 4250 lormatur
537 4215 597 4250 uox.
618 4199 711 4250 Omnes
724 4200 826 4262 qrridem
845 4212 931 4266 partes
950 4202 1027 4251 uerba
1045 4215 1155 4267 possunt
1173 4202 1306 4268 appellari,
1325 4213 1353 4252 ut
1369 4203 1475 4253 dicitnr:

183 4267 301 4315 ‘uerbum
320 4266 380 4316 lecit
396 4267 473 4317 hodie
491 4269 629 4333 episeopus
647 4269 680 4318 ad
698 4269 842 4333 populnnr’‚
865 4269 911 4319 sed
933 4269 995 4319 haec
1018 4285 1077 4335 pars
1096 4270 1153 4319 ideo
1172 4270 1220 4319 lroc
1239 4285 1331 4320 nomen
1349 4271 1398 4320 sibi
1417 4287 1478 4336 spe-

182 4334 278 4384 cialiter
296 4336 405 4384 assumit
426 4350 456 4384 eo
479 4336 547 4396 quod
571 4336 724 4401 prolixiores
747 4336 838 4386 habeat
856 4337 1039 4387 declinationes
1057 4339 1146 4387 ceteris
1165 4349 1190 4387 et
1207 4339 1311 4404 saepius
1329 4338 1433 4388 iteretur
1451 4341 1476 4389 in

184 4414 270 4451 nostra
289 4401 416 4451 locatione
434 4403 497 4452 adeo
516 4404 585 4466 qood
604 4405 659 4453 aine
678 4404 719 4453 illa
738 4403 806 4453 nulla
824 4406 905 4454 oratio
924 4406 1032 4470 proferri
1049 4406 1143 4471 possit.
1222 4407 1254 4457 18
1273 4407 1365 4457 Gloaaa
1380 4408 1478 4458 codicia

184 4468 325 4519 Beraeasie
341 4469 363 4531 f.
381 4469 415 4519 9¹³
433 4486 512 4535 marp.
532 4475 591 4524 alm:
611 4473 677 4521 Bene
694 4472 761 4522 dixit
778 4487 835 4520 cum
854 4484 967 4538 tempore
984 4486 1009 4523 ει
1026 4487 1146 4539 persona,
1159 4473 1219 4537 quia
1237 4473 1299 4523 lraec
1310 4473 1362 4523 dno
1375 4489 1478 4540 semper

183 4539 347 4587 inueniuntur
365 4538 389 4585 in
409 4538 487 4586 uerbo
506 4538 590 4600 simul,
610 4540 677 4588 uerbi
691 4541 773 4605 gratia
786 4544 867 4589 ‘amo’
881 4542 1023 4605 praesentis
1036 4543 1159 4606 temporis
1172 4553 1211 4591 εει
1223 4554 1247 4591 ει
1259 4543 1343 4607 prima
1355 4556 1475 4607 persona

251 4607 283 4654 22
303 4606 393 4656 Gloaaa
410 4606 506 4657 codicia
524 4605 701 4670 Beraenairs,
720 4606 755 4656 pn
772 4623 851 4673 marp.
870 4612 932 4658 aia:
963 4607 1023 4658 Sine
1046 4624 1107 4659 casn
1130 4610 1196 4658 dixit
1213 4621 1319 4675 propter
1336 4609 1409 4668 illos,
1433 4612 1477 4673 εει

183 4673 303 4723 inniabant
328 4688 415 4723 casum
442 4688 538 4738 ponere
566 4675 589 4723 in
609 4676 686 4725 uerbo
705 4677 730 4724 in
749 4675 883 4726 inlinitinis
902 4677 999 4739 modis,
1019 4688 1046 4727 ut
1063 4677 1148 4726 bibere
1166 4677 1259 4742 legere.
1294 4675 1384 4727 Solent
1409 4679 1476 4727 enim

182 4740 278 4790 dicere:
299 4741 343 4790 ‘da
360 4741 421 4791 milri
440 4742 535 4791 bibere'
554 4755 601 4806 pro
620 4757 649 4791 eo
668 4745 737 4806 qnod
756 4755 794 4793 εει
813 4743 861 4793 ‘da
879 4744 940 4794 mihi
960 4748 1073 4810 paturn’‚
1093 4746 1137 4794 ‘da
1155 4745 1217 4794 mihi
1235 4745 1411 4811 manducare,
1428 4761 1477 4812 pro

184 4806 228 4857 ‘da
246 4807 309 4857 milri
326 4809 420 4859 cibum‘
439 4820 464 4859 et
481 4815 563 4859 ‘tuum
582 4810 657 4859 scire'
676 4826 723 4875 pro
741 4812 931 4863 ‘tuascientia’.
952 4812 1026 4862 Vnde
1038 4813 1182 4868 Persius:
1201 4811 1273 4864 Scire
1281 4814 1477 4867 tuum-alter.
