3382 5476
732 1166 790 1244 X

125 1362 556 1462 commueret
586 1361 1022 1464 umsruuuusu
1054 1362 1130 1460 m
1155 1359 1415 1461 nonnul

512 1515 1019 1655 nnananrsuvu.

588 1939 650 2029 [nu
670 1942 945 2026 uerissime]

129 2196 242 2211 ......
251 2146 263 2230 ‘l
284 2145 383 2228 p.19'l
401 2146 415 2233 ΙΙ
439 2151 583 2209 ‘ecstasis’
607 2167 680 2211 nero
703 2168 843 2211 excessus
866 2150 983 2211 mentis.
1027 2147 1109 2209 ltalia
1133 2147 1412 2229 antepaenultimam
1428 2158 1512 2212 11111»
1528 2159 1552 2199 11

123 2251 200 2312 idest
227 2253 235 2310 i
266 2251 387 2311 breuem
417 2249 514 2310 babet.
560 2251 617 2312 Sed
647 2251 832 2329 Virgilius
860 2253 970 2312 ectasin
1005 2251 1116 2313 iaciens
1143 2259 1247 2312 contra
1276 2257 1411 2310 naturam

123 2353 272 2432 produxit.
317 2352 519 2430 Prologus,
544 2371 635 2431 porro
658 2354 777 2431 lugiens
800 2354 876 2414 idest
898 2354 994 2432 longe.
1427 2376 1448 2415 r·
1463 2364 1512 2411 ³⁰⁶·
1527 2365 1552 2404 1⁵

208 2454 354 2534 Systole
384 2463 438 2513 est
464 2456 661 2535 correptio
685 2455 725 2513 ·i·
749 2454 944 2515 adbreuiatio.
989 2456 1186 2515 Contraria
1216 2455 1351 2522 ectasi,
1374 2461 1447 2517 uto·
1462 2465 1512 2512 1111»
1527 2466 1551 2506 11

97 2570 284 2633 aaqnosus
306 2556 435 2624 Orion,
460 2574 536 2616 curn
560 2556 672 2617 Orion
696 2556 944 2637 antepaenultima
967 2555 1149 2636 producte
1171 2556 1246 2617 dici
1269 2554 1411 2616 debeat.

123 2658 214 2719 Orion
238 2659 327 2736 Gigas
350 2659 419 2726 luit,
449 2665 494 2718 est
515 2667 545 2718 et
566 2660 683 2737 signum
706 2660 736 2718 in
759 2658 842 2719 eaelo
871 2657 1083 2720 lucidissimum
1107 2666 1137 2718 et
1158 2656 1303 2738 pluuiale,
1332 2656 1412 2717 unde

122 2768 151 2821 et
173 2762 326 2839 ‘aquosus'
343 2759 459 2820 dicitnr.
497 2760 590 2822 Orion
605 2759 713 2821 dicitur
735 2762 818 2840 quasi
833 2761 939 2829 Vrion,
962 2780 998 2821 eo
1020 2760 1097 2840 quod
1122 2780 1156 2821 ex
1179 2763 1264 2822 urina
1287 2760 1410 2821 deorum

120 2862 158 2921 sit
180 2870 274 2926 natus

208 2964 401 3026 [liaeresis
438 2973 494 3025 est
530 2963 710 3027 discissio
747 2965 859 3026 unius
896 2965 1062 3045 syllabae
1099 2967 1135 3025 in
1172 2965 1262 3026 duas
1298 2963 1510 3033 tactam-³⁹⁶.
1526 2976 1551 3015 1⁸

86 3065 240 3146 equando
268 3065 407 3127 uidelicet
435 3069 465 3127 in
494 3067 567 3128 duas
589 3065 717 3147 syllabas
739 3085 797 3129 una
821 3066 977 3136 diuiditur,
1006 3075 1045 3128 ul
1071 3064 1174 3129 aibat
1202 3067 1327 3145 longai
1356 3083 1411 3144 pro
1426 3077 1511 3128 11111,
1526 3079 1550 3117 11

122 3166 212 3228 Albae
246 3168 360 3247 longae.
406 3168 551 3230 Iliaeresis
583 3177 628 3229 est
657 3168 807 3238 discissio,
841 3170 973 3230 haeresis
1005 3170 1108 3230 scissio
1139 3168 1207 3228 inde
1239 3167 1412 3229 Haeretieos

122 3268 261 3337 dicimus,
291 3272 343 3349 qui
365 3289 397 3330 se
419 3271 560 3331 scindunt
583 3272 624 3328 ·i·
648 3268 787 3332 diuidunt
813 3270 849 3330 ab
880 3273 991 3331 unitate
1012 3269 1091 3330 fidei.
1135 3269 1207 3330 Alba
1230 3269 1334 3330 ciuitas
1356 3277 1410 3336 est,

123 3388 211 3451 qoam
234 3372 398 3432 aedilioanit
419 3374 562 3434 Ascanius
584 3380 707 3451 propter
730 3370 902 3432 nouercales
924 3372 1063 3440 insidias,
1091 3373 1122 3430 in
1145 3389 1202 3450 qua
1224 3377 1343 3449 reperta
1366 3377 1412 3429 est

123 3489 214 3552 porea
236 3472 302 3534 alba
324 3491 393 3535 cnm
415 3474 536 3551 triginta
558 3470 707 3552 porcellis.

86 3587 109 3626 ¹⁵
208 3574 428 3655 synaeresis
451 3580 507 3634 est
528 3571 803 3652 conglutinatio
826 3574 979 3635 duarum
1002 3572 1231 3654 syllabarum
1247 3574 1282 3634 in
1306 3588 1550 3639 anamntssfflv

122 3675 229 3736 lacta.
268 3676 327 3755 Syn
351 3676 463 3737 Graece
486 3693 558 3744 con,
581 3674 682 3754 gluten
704 3693 754 3736 res
776 3677 959 3737 tenacissima
983 3685 1037 3747 est,
1060 3675 1139 3738 unde
1157 3694 1229 3737 aues
1243 3678 1411 3757 capiuntur,

190 3931 252 3985 Ood.
272 3930 381 3981 Einsldl.
402 3933 451 3980 172
467 3946 495 3995 p.
514 3933 659 3996 197-200,
678 3933 826 3982 209-214
929 3936 940 3982 1
962 3932 1065 3982 Extasis
1085 3929 1156 3999 uero]
1174 3934 1269 3998 Agitur
1285 3934 1318 3983 de
1335 3949 1411 3983 uoca-

121 4000 233 4050 bulorum
251 4001 366 4048 ‘ectasis‘
385 4005 411 4047 et
428 4000 557 4049 ‘ecstasis'
576 4000 725 4065 differentia
793 4001 1030 4066 antepenultimam,
1048 4002 1087 4050 eie
1103 4016 1204 4066 semper
1288 4003 1305 4050 4
1323 4000 1412 4050 sistole

120 4068 278 4117 lidiberesls
365 4069 395 4116 11
414 4066 510 4134 heresis
579 4067 704 4117 hereticos
775 4071 807 4120 lb
824 4069 962 4120 sinberesis
1032 4070 1063 4119 16
1081 4068 1122 4118 sin

190 4341 202 4388 l
223 4337 314 4389 illoesa
330 4341 427 4389 codicis
445 4338 623 4402 Belnensies.
642 4343 690 4390 21¹
707 4357 787 4406 marg.
807 4342 891 4392 dext:
921 4339 1019 4389 ltalism
1043 4338 1284 4406 proceleusmaticus
1307 4340 1409 4406 (proce-

121 4405 283 4471 leumaticus)
307 4417 346 4456 est
367 4407 412 4470 qui
435 4421 484 4456 nen
509 4418 594 4472 potest
616 4417 683 4458 stare
700 4410 725 4458 in
744 4408 846 4459 heroico
868 4418 962 4466 metro,
989 4407 1036 4458 sed
1057 4408 1196 4474 Virgilius,
1224 4409 1284 4471 quia
1306 4410 1410 4474 saepius

121 4483 174 4522 erat
196 4475 372 4524 nominaturus
394 4474 505 4534 Italiam,
529 4475 636 4540 primam
658 4476 782 4539 syllabam
805 4487 893 4526 contra
915 4475 1029 4542 regulam
1052 4476 1184 4542 produxit.
1285 4479 1302 4526 4
1321 4476 1411 4528 Glossa

121 4542 215 4591 codic&
232 4540 374 4592 Beruenses
389 4544 411 4607 f,
430 4545 480 4591 21·
498 4558 577 4606 marg.
601 4544 687 4596 dext:
718 4543 795 4593 Orion
819 4545 921 4608 signum
945 4554 984 4593 est
1006 4545 1031 4593 in
1054 4545 1124 4594 caelo
1147 4558 1275 4609 apparens
1299 4555 1411 4611 tempere

122 4608 210 4657 hiemis
234 4620 259 4657 et
280 4609 356 4658 babet
377 4611 487 4675 primam
510 4609 633 4674 syllabam
657 4611 774 4676 longam,
797 4627 862 4674 quae
884 4626 964 4662 causa
985 4613 1057 4661 metri
1075 4613 1213 4664 breuismr.
1248 4613 1332 4662 Verba
1351 4624 1411 4662 sunt

122 4680 211 4725 Annae
233 4675 265 4725 ad
288 4675 412 4728 Didonem
436 4691 552 4729 sororem
574 4693 660 4741 stram,
685 4689 712 4728 ut
734 4681 851 4729 retineret
873 4681 984 4729 Aeneam
1007 4680 1103 4739 bieme,
1128 4681 1189 4742 quia
1213 4679 1287 4730 rralde
1308 4681 1410 4731 amabat

120 4759 178 4793 enm
196 4744 433 4864 dicenszo‘indolge
451 4745 564 4811 bospitio
582 4761 726 4810 causasque
743 4747 988 4808 innectemoraudi,
1007 4749 1068 4799 dum
1085 4747 1177 4814 pelage
1194 4747 1310 4798 desecuit
1327 4748 1409 4800 hiems

121 4823 146 4862 et
162 4827 276 4876 aquosus
318 4815 396 4870 rion,’
