3382 5476
277 375 407 428 CLXXIV
814 362 1039 417 entscmnnn

275 564 372 615 cetera
442 551 484 616 28
515 561 545 614 et
566 572 673 615 aurora
743 549 785 614 29
814 563 905 615 tracta
935 553 1066 631 singulas
1087 560 1188 633 partes
1210 571 1268 615 om.
1339 550 1379 615 31
1408 555 1488 615 enim
1511 571 1571 619 ont.

275 652 317 717 32
339 655 522 717 oceanitidis
586 653 628 717 33
650 655 823 718 oceanitidis
887 658 1112 734 gpeorgicorum
1136 664 1192 716 etc.

363 759 480 819 Desinit
502 759 560 817 boc
578 757 787 831 sraqmentum
810 761 841 817 in
858 776 894 834 p.
919 764 985 831 511,
1011 765 1049 816 20
1069 761 1109 818 II.

834 1126 918 1191 Cae.
941 1125 1006 1192 III.

324 1279 384 1347 DE
413 1279 634 1347 PRISCIANI
664 1278 988 1346 COMMENTARIO
1016 1279 1294 1346 EINSIDLENSI
1322 1279 1523 1357 Annsovn

518 1399 689 1466 GLOSSIS
712 1397 986 1466 PRISOIANEIS
1008 1398 1324 1466 BERNENSIBVS.

367 1573 584 1638 Commentarii
605 1574 764 1636 cuiusdam
790 1573 823 1635 in
848 1573 1038 1636 Priscimmm
1067 1572 1267 1635 Einsidlensis
1293 1577 1469 1636 mentionem
1493 1571 1575 1646 fecit

281 1678 435 1739 Martinus
464 1675 610 1737 Hertzius
631 1676 741 1754 praes.
770 1679 790 1738 I
818 1695 850 1753 p.
874 1678 1045 1740 XXVIIII
1072 1680 1130 1750 ita,
1166 1685 1198 1737 nt
1225 1694 1266 1736 en
1295 1675 1575 1753 interpretamentis

278 1780 453 1861 Scotorum,
476 1782 611 1848 Donato,
634 1779 761 1853 Seruio,
786 1779 897 1847 Paulo,
921 1779 1024 1853 Beda,
1055 1776 1125 1838 aliis
1152 1794 1219 1838 eum
1240 1777 1489 1839 consarcinatum
1511 1794 1575 1837 esse

279 1880 403 1942 diceret.
449 1883 543 1956 Atque
571 1882 628 1941 ltoe
649 1889 732 1940 recte
752 1877 921 1952 intellexit,
951 1898 1131 1955 quamquam
1154 1878 1255 1947 nescio
1282 1896 1323 1940 an
1351 1898 1412 1941 non
1439 1877 1576 1941 seuerius

251 2040 254 2047 .
279 1981 376 2059 aper-it
404 1981 455 2043 nir
483 1982 685 2053 doctissimas,
715 1979 769 2056 qui
792 1979 946 2055 qmutuue
972 1983 1144 2056 solidaeque
1166 1979 1327 2042 doctrinae
1348 1979 1480 2056 nampio
1503 1998 1573 2041 nus-

280 2102 370 2160 quam
391 2084 462 2158 sere
483 2099 635 2158 apparere
656 2084 860 2142 contenderet.
906 2083 984 2142 Num
1012 2081 1069 2143 etsi
1097 2100 1195 2158 nuqas
1221 2081 1318 2143 inesse
1343 2092 1471 2144 nonest
1493 2083 1577 2158 quod

279 2203 437 2261 neqemus,
466 2193 566 2245 tantan
595 2187 637 2244 od
662 2185 901 2260 coqnoscendam
932 2183 1015 2245 illius
1037 2183 1148 2244 aetatis
1170 2183 1248 2244 artis
1267 2188 1488 2258 qrammaticae
1509 2191 1574 2244 tra-

279 2289 411 2349 ctandae
437 2285 587 2347 rationem
615 2283 849 2348 conenmntarius
875 2284 931 2347 iste
960 2303 1018 2347 non
1043 2285 1113 2347 'sine
1140 2284 1244 2362 aliquo
1265 2294 1413 2347 momento
1434 2302 1499 2346 esse
1520 2286 1575 2344 ba-

280 2391 393 2451 bendus
414 2396 468 2450 est.
516 2388 727 2466 Quamobrem,
752 2398 914 2466 postquam
936 2406 1001 2449 eum
1023 2387 1157 2449 codicem
1173 2405 1234 2464 per
1256 2386 1321 2449 dies
1343 2391 1472 2464 aliquot,
1502 2388 1575 2447 dum

280 2493 367 2568 apud
393 2491 557 2552 monacbos
585 2489 792 2551 Einsidtenses
817 2507 918 2551 moror
950 2488 1038 2551 libris
1065 2487 1263 2567 inspiciendis
1292 2506 1417 2565 operam
1444 2507 1574 2563 nauans,

281 2596 379 2654 denuo
398 2590 571 2669 perquisini
592 2600 683 2668 atque
702 2591 912 2669 pertractani,
942 2610 1003 2653 non
1027 2609 1135 2668 pauca
1156 2595 1280 2653 inuenta
1301 2599 1388 2667 sunt,
1418 2608 1496 2668 quae
1516 2609 1576 2651 rne-

281 2703 400 2756 moratu
422 2712 482 2755 non
505 2693 634 2769 indique
657 2693 845 2756 uiderentur.

365 2798 450 2857 Inest
463 2794 559 2870 iqitur
573 2799 605 2857 in
619 2795 726 2857 codice
748 2795 934 2857 Einsidlensi
948 2804 995 2869 32,
1019 2814 1099 2857 saec.
1117 2797 1150 2856 Χ
1154 2797 1254 2856 ——XI
1267 2797 1449 2857 scholiorum
1464 2812 1578 2871 corpses

281 2900 413 2973 undique
439 2916 480 2958 ea
508 2896 624 2972 aliquot
652 2897 810 2959 Prisciani
837 2896 1007 2972 codicibus,
1045 2897 1098 2973 qui
1125 2897 1248 2959 scholiis
1275 2896 1499 2972 murqinalibus
1529 2898 1578 2958 uel

282 2997 533 3060 interlinearibus
555 3003 658 3061 ornati
677 3008 774 3069 mant,
797 3009 969 3075 conpestum
992 3007 1083 3076 atque
1104 2999 1170 3060 sine
1193 3003 1255 3061 ullo
1276 3017 1378 3061 rerum
1400 2996 1510 3061 ordine
1529 2996 1578 3058 ita

283 3100 537 3178 consarcinatum,
561 3110 594 3163 ut
614 3100 761 3162 librorum
777 3104 1024 3177 exponendorum
1039 3100 1133 3162 series
1146 3103 1321 3177 compluries
1342 3103 1380 3161 ab
1394 3099 1461 3177 ipso
1476 3103 1578 3176 operis

283 3202 375 3265 initio
396 3213 593 3280 repeteretur,
616 3221 675 3278 quo
693 3203 812 3277 sactum
835 3212 888 3282 est,
911 3212 943 3265 ut
965 3206 1085 3265 eaedem
1106 3220 1198 3280 saepe
1212 3202 1418 3280 expositiones
1434 3194 1579 3279 plumbus

282 3304 357 3366 locis
385 3303 518 3366 iteratae
545 3307 697 3379 leqantur.
741 3307 857 3366 Eadem
878 3314 923 3366 est
944 3303 1025 3366 ratio
1048 3308 1180 3366 aliarum
1200 3308 1371 3382 planarum
1393 3305 1579 3365 Priscianeis

285 3405 528 3488 subiuncturum,
556 3424 634 3483 qnae
661 3408 704 3466 ad
732 3405 855 3468 diuersa
883 3405 1073 3469 diuersorum
1096 3416 1252 3469 oraclorum
1274 3407 1392 3483 scripta
1409 3404 1576 3482 pertinent.

284 3511 330 3570 lle
351 3507 460 3570 ceteris
480 3507 615 3585 scriptis,
639 3526 717 3585 quae
739 3507 772 3570 in
794 3526 829 3570 eo
850 3508 928 3570 libro
949 3509 1157 3584 continentur,
1181 3507 1349 3585 aliqnando
1370 3507 1404 3569 in
1428 3505 1579 3568 analectis

285 3612 523 3672 Einsidlensibus
543 3627 675 3685 aqcmus.

370 3711 550 3774 Pm'scianea
577 3711 674 3788 iqitnr
702 3712 818 3774 seboim
845 3717 1008 3775 maximam
1032 3724 1155 3791 partem
1183 3722 1322 3775 constant
1348 3731 1389 3774 ecc
1415 3709 1578 3773 inusitata·

285 3832 353 3877 rum
381 3833 486 3876 uocum
515 3818 564 3876 uel
590 3814 774 3876 locutionum
801 3815 1100 3892 interpretationibus
1127 3819 1175 3877 uel
1202 3818 1279 3876 adeo
1305 3832 1407 3876 rerum
1429 3817 1576 3890 ipsam,

287 3919 324 3978 de
346 3916 453 3992 quibus
474 3919 560 3993 apud
580 3916 770 3978 Priscianum
799 3920 849 3978 uel
876 3927 1016 3979 auctores
1037 3917 1191 3978 Prisciani
1212 3921 1326 3993 aqitur.
1371 3918 1438 3977 lom
1460 3933 1500 3976 ex
1521 3912 1579 3974 illa

282 4017 454 4094 sarraqine
475 4036 512 4078 ea
530 4034 709 4096 proponam,
733 4036 811 4094 quae
832 4023 862 4078 in
886 4019 1041 4080 Prisciani
1061 4020 1160 4079 uerbis
1181 4019 1277 4095 ipsius
1298 4028 1352 4080 ant
1373 4021 1578 4094 interpretan-

287 4122 334 4181 dis
349 4120 408 4181 ‘ant
430 4123 620 4182 recensendis
642 4129 814 4182 uersentur.

374 4224 471 4301 insti>
503 4240 624 4302 GLOSE
658 4239 708 4300 CX
741 4238 858 4302 entno
892 4238 1004 4301 titano
1032 4225 1117 4301 PRN.
1166 4238 1417 4319 Constantinopoli
1449 4240 1579 4318 scripsit.

288 4343 486 4403 Caesariensis
513 4360 528 4402 a
557 4343 693 4402 Caesario
724 4341 892 4402 derinatum
920 4351 964 4402 est
991 4343 1111 4403 ciuitate
1139 4342 1336 4411 Graecorum,
1365 4343 1396 4403 in
1425 4360 1481 4421 qua
1510 4340 1580 4402 licet

288 4444 436 4512 Romano,
465 4452 497 4504 ut
519 4443 638 4512 dicunt,
667 4445 810 4522 sangnine
839 4442 945 4505 ductus
973 4453 1058 4504 natns
1089 4453 1146 4514 est,
1175 4445 1226 4504 nbi
1251 4455 1279 4505 et
1301 4444 1404 4505 didicit
1425 4452 1455 4504 et
1476 4453 1578 4524 postea

290 4545 403 4627 (postex
424 4547 504 4626 cod.)
535 4546 788 4625 Constantinopoli
817 4545 916 4607 docuit
943 4555 1030 4623 atque
1058 4545 1100 4607 ibi
1128 4547 1208 4628 hunc
1236 4545 1344 4608 iibruni
1367 4546 1478 4607 lniiano
1500 4549 1577 4626 Apo·

289 4630 383 4709 statae
405 4649 533 4725 scripsit.

375 4750 383 4810 Ι
409 4769 436 4829 p.
455 4748 482 4819 1,
499 4746 573 4810 911:
598 4749 784 4828 Scrupulosis
799 4750 1036 4832 quaestionibus]
1061 4750 1202 4812 Metaiora
1226 4760 1270 4812 est
1293 4760 1384 4813 tracto
1408 4751 1456 4831 (sit
1471 4757 1580 4811 tractas

289 4851 368 4932 cod.)
392 4852 428 4912 ab
453 4854 579 4926 lnrena;
608 4851 765 4936 scrupulus
788 4864 833 4915 est
855 4856 934 4914 einim
957 4854 1060 4916 breuis
1082 4853 1214 4937 lapillus,
1244 4853 1321 4916 unde
1344 4855 1527 4937 tseruputum
1551 4862 1581 4918 et
