3382 5476
191 363 260 410 c1,11
739 346 930 397 PROBIANA.

192 557 262 599 uon
293 555 330 596 se
361 536 461 597 luxui
491 552 610 612 uoque
643 536 805 596 inertiae
839 535 1150 615 corrumpendum
1179 535 1294 603 dedit,
1330 535 1408 606 sed,
1441 543 1483 597 ut

192 658 266 701 mos
293 639 416 717 gentis
444 636 551 697 iliius
578 647 647 706 est,
677 637 836 698 iaculari
865 640 1040 715 equitare
1071 655 1180 698 eursu
1208 656 1287 699 eum
1309 637 1478 716 aequali·

192 741 257 803 bus
285 748 449 809 certare,
481 749 516 799 et
547 757 625 812 euru
653 741 773 799 omnis
801 736 922 818 gloria
953 740 1133 806 anteiret,
1167 738 1338 800 omuibus
1369 758 1481 800 cerus

192 845 301 912 esse’,
324 860 379 921 pro
403 860 453 909 eo,
482 839 563 921 quod
586 847 629 901 et:
658 843 703 900 ‘ut
730 859 794 901 mos
821 842 917 918 gentis
945 840 1023 901 iliius
1046 849 1100 909 est,
1128 840 1309 902 iaculabatur
1333 840 1482 922 equitabat

193 964 282 1006 eursu
305 963 373 1004 curu
402 942 574 1023 aequalibus
602 941 752 1011 certabat,
782 951 812 1003 et
838 963 904 1003 euru
933 944 1029 1002 oiuuis
1056 942 1149 1021 gioria
1175 943 1315 1013 anteiret,
1344 943 1510 1005 omuibuse

193 1055 291 1108 tumen
315 1064 402 1107 eorus
425 1047 509 1107 erat)

259 1167 420 1175 ---—·-—

260 1220 276 1266 ‘i
300 1214 403 1265 ἰιιοιιίιιιί
430 1216 536 1276 equitari
563 1214 676 1276 equitare
702 1229 804 1263 cursum
831 1230 878 1262 euu
906 1214 1038 1276 equalibus
1065 1225 1159 1264 cernue
1182 1225 1206 1264 et
1229 1231 1276 1264 eon
1300 1218 1383 1266 omnis
1401 1216 1484 1281 gioria

193 1284 284 1336 uffiret
351 1286 486 1334 5cureuui
505 1282 688 1345 coaequalibus
741 1293 765 1330 et
782 1296 830 1330 eou
850 1282 933 1330 oiuuis
952 1282 1032 1346 gioria
1051 1280 1141 1332 uffiuet
1219 1307 1221 1317 ·

281 1457 370 1528 Quem
394 1455 487 1515 Probi
506 1457 601 1514 iocum
624 1453 764 1513 Diomedi
780 1461 906 1528 praesto
924 1453 1038 1527 serisso,
1067 1472 1134 1514 eum
1156 1471 1193 1513 eu
1214 1456 1378 1531 scribebat,
1407 1472 1487 1530 quae

190 1580 223 1638 p.
248 1566 315 1629 311,
343 1566 361 1617 t
383 1574 444 1632 seq.
470 1558 508 1617 K.
530 1558 680 1630 loquutur,
703 1557 763 1615 iom
786 1557 856 1616 otim
876 1565 945 1615 erat
965 1558 1153 1630 intellectum,
1177 1556 1220 1629 cs.
1240 1558 1370 1618 Keiiium
1378 1557 1486 1633 praes.

192 1679 322 1739 qramm.
349 1661 410 1720 Lat.
435 1661 492 1719 etot.
516 1658 593 1720 IIII
606 1676 640 1734 p.
665 1658 768 1717 XXII
785 1666 814 1717 et
833 1659 947 1718 echaia
972 1659 1138 1718 Beruensia
1162 1658 1269 1734 praes.
1290 1676 1322 1735 p.
1348 1665 1413 1734 727,
1439 1667 1485 1727 22,

195 1782 273 1842 qaue
295 1762 413 1838 quidem
435 1762 581 1820 sententio
603 1761 781 1821 authenticis
805 1761 897 1820 trebi
922 1751 1020 1822 ue‘rbis
1047 1763 1175 1837 repertis
1201 1764 1309 1836 optime
1328 1764 1487 1833 firmatur:

195 1884 266 1928 nam
289 1864 457 1925 Diomedem
478 1864 626 1937 pleraque
647 1879 687 1922 ex
711 1863 806 1921 Probo
828 1864 913 1922 nutta
931 1861 1002 1934 sere
1024 1864 1272 1923 transmutatione
1289 1862 1382 1935 sucta
1403 1870 1487 1923 tron-

196 1970 352 2044 scripsisse
373 1966 467 2025 uides.
513 1964 609 2039 Atque
630 1981 666 2024 eo
687 1966 754 2025 loeo
763 1981 914 2040 perquam
928 1965 1120 2024 memorabile
1134 1972 1186 2032 est,
1210 1967 1240 2024 in
1257 1973 1325 2025 orto
1341 1965 1491 2026 ticinensi

193 2070 381 2149 praecedere
403 2067 619 2126 Geminiani
638 2069 736 2126 tecum
754 2084 787 2142 p.
817 2072 881 2138 tit,
909 2074 944 2124 25
968 2067 1114 2125 Charisii:
1138 2064 1199 2125 lloe
1222 2065 1385 2134 seieruium,
1408 2067 1488 2146 quod

198 2180 316 2233 ueteres
339 2169 515 2230 infinitiuuui
539 2166 716 2245 (-iuo.eod.)
746 2187 800 2247 pro
828 2167 986 2227 iudicetiuo
1015 2167 1186 2245 imperfecto
1216 2168 1280 2246 (pru
1309 2169 1490 2230 iudicatione

198 2272 349 2354 impersit),
372 2277 405 2331 ut
428 2269 670 2330 Comiuiauus
692 2267 775 2330 dicit:
801 2269 970 2330 ‘Praeterea
991 2266 1143 2330 dicebatur
1162 2305 1197 2311 -
1216 2272 1354 2348 cognosci
1370 2275 1489 2351 potest,

198 2385 290 2452 atque
311 2375 396 2449 sequi
415 2373 546 2432 eiusdmn
569 2374 738 2432 Geminiani
757 2377 949 2447 excerptum:
1485 2446 1488 2453 ,

284 2477 342 2537 Cur
371 2474 539 2534 iuueuimus
567 2493 656 2554 saepe
683 2474 713 2533 iu
729 2464 892 2533 ‘historicis
919 2471 1002 2533 libris
1031 2474 1145 2554 pessiua
1174 2474 1315 2534 iufiuitiuu
1340 2475 1368 2534 in
1392 2493 1434 2541 er,
1459 2483 1493 2534 ut

201 2580 318 2658 ‘legier’
342 2577 515 2654 ‘mergier’t
560 2575 638 2644 Ideo,
662 2575 739 2655 quod
763 2575 861 2636 omnia
884 2576 1029 2636 influitiua
1053 2577 1178 2655 passiue,
1202 2595 1277 2655 equae
1301 2576 1387 2654 (quod
1410 2579 1491 2656 coti.)

201 2681 278 2762 apud
302 2699 357 2741 uos
378 2678 466 2739 hodie
489 2680 517 2737 iu
540 2680 551 2738 i
573 2678 711 2739 desinunt
732 2678 822 2755 (diss-
844 2678 933 2754 coa),
958 2676 1036 2756 apud
1051 2687 1169 2739 ueteres
1191 2679 1220 2738 iu
1245 2697 1277 2738 er
1293 2677 1492 2738 terminabun-

201 2795 260 2852 tur,
284 2790 316 2842 ut
338 2781 578 2841 Cuuuiiiiauus
601 2780 687 2840 dieii:
710 2780 758 2841 ‘Vt
772 2789 868 2839 etitem
885 2816 926 2821 --
943 2777 999 2857 legi
1015 2779 1122 2840 audIri’
1140 2808 1181 2829 =
1197 2782 1313 2840 Charis.
1326 2799 1359 2856 p.
1379 2787 1444 2854 175,
1466 2789 1492 2840 2.

286 2885 365 2944 Huic
386 2884 500 2942 addam
523 2885 615 2943 alium
638 2884 732 2943 Probi
750 2885 847 2943 locum
869 2899 909 2941 ex
931 2884 1040 2941 artium
1062 2885 1207 2942 institutis
1228 2891 1418 2960 excerptum,
1442 2885 1497 2957 qui

201 2989 267 3048 cod.
296 2993 349 3043 123
366 2985 396 3058 s.
424 2981 455 3042 2⁶
476 2990 563 3044 extat
584 2986 683 3044 multis
710 2985 876 3044 nominibus
904 2986 986 3045 edito
1007 2987 1183 3052 correctior,
1207 2994 1238 3044 ut
1259 2988 1408 3060 inteqram
1430 2988 1495 3045 mres

202 3091 387 3165 scripturam
406 3103 579 3162 proponere
600 3103 660 3146 non
682 3085 856 3160 domitarim,
875 3104 910 3162 p.
936 3092 981 3152 ro,
1007 3095 1042 3144 ιι)
1064 3088 1109 3145 K:

291 3189 363 3250 item
387 3186 547 3248 Probus:
573 3186 689 3248 uocales
712 3195 781 3247 suut
803 3185 898 3246 littere
921 3205 1045 3248 numero
1069 3207 1086 3248 u
1111 3208 1164 3267 pro
1187 3209 1218 3270 se
1241 3189 1431 3268 proteruntur
1456 3186 1491 3248 11

204 3313 219 3354 a
239 3289 383 3353 uocabulo
406 3309 461 3350 suo
484 3297 515 3349 ut
537 3297 607 3369 pute
625 3286 663 3350 13
686 3289 848 3350 miscentur
871 3288 1013 3349 efficietur
1037 3299 1068 3349 ut
1092 3289 1188 3370 [quauta]
1214 3311 1262 3350 ae.
1277 3338 1284 3351 .
1299 3293 1383 3351 .u.io
1406 3291 1434 3350 iu
1458 3310 1494 3351 uu

208 3415 245 3456 ue
268 3413 304 3454 oe
326 3411 362 3453 au
387 3393 416 3452 ui
439 3399 469 3452 et
491 3400 589 3452 cetera
637 3387 676 3450 14
698 3410 799 3452 earum
823 3391 899 3452 idest
923 3391 1068 3451 uoeeliuui
1092 3400 1161 3450 tuuc
1184 3392 1271 3471 (qnae
1292 3395 1392 3453 media
1413 3404 1493 3467 sunt,

204 3500 272 3560 coo.
295 3498 400 3573 omisit)
454 3490 493 3554 15
515 3501 547 3553 ut
569 3495 640 3553 iuuo
663 3492 768 3572 uulgus
792 3492 839 3554 uel
862 3493 980 3570 quaudo
1032 3481 1071 3554 16
1094 3493 1246 3554 uoculibus
1268 3512 1325 3555 om.
1370 3495 1495 3572 iungan-

206 3608 255 3660 tur
278 3608 311 3659 ui
333 3598 409 3658 uatis
431 3592 554 3656 uee'¹0rs
600 3594 638 3656 18
660 3596 738 3656 iuter
760 3615 792 3656 se
808 3595 927 3656 uocales
942 3597 1035 3676 accipi
1051 3594 1179 3656 debeant
1227 3593 1263 3656 19
1285 3596 1424 3666 Oueritur
1439 3595 1496 3656 hoe

208 3717 364 3762 uuoueuius
407 3696 449 3758 20
470 3699 612 3778 {iraepuui
636 3696 790 3758 subiunete
812 3698 926 3778 etipse
948 3697 1066 3759 uocales
1089 3697 1227 3759 uidentur
1250 3706 1371 3777 utpute
1394 3699 1497 3759 iuncto

208 3803 275 3863 loeo
305 3802 496 3862 consonantis
525 3808 554 3860 et
582 3819 658 3861 u...
687 3798 753 3860 loco
782 3800 893 3862 uocalis
921 3802 1064 3879 accipitur
1093 3810 1124 3861 ut
1149 3800 1209 3861 itui.
1256 3800 1328 3861 item
1351 3799 1402 3860 hui
1425 3808 1497 3861 tune

211 3906 313 3981 utique
341 3922 420 3964 nuuc
450 3920 467 3962 u
477 3948 673 3962 ..........
708 3903 913 3963 consideratur
935 3934 941 3947 ·
964 3904 1006 3963 sie
1040 3910 1084 3961 est
1117 3904 1196 3961 iuxta
1230 3910 1345 3963 ceteras
1378 3901 1497 3963 uueeies

209 4005 281 4066 alias
304 4007 312 4063 i
336 4013 365 4064 et
387 4022 405 4063 u
429 4003 462 4064 lit
469 4050 602 4064 .......
631 4010 854 4083 praeponuntur
882 4005 966 4063 uiui
988 4005 1213 4064 consonantium
1238 4003 1341 4065 haberi
1363 4004 1495 4065 iudican-

208 4119 258 4168 tur
282 4108 305 4168 si
328 4124 400 4167 uero
423 4106 553 4167 subiecta
582 4147 739 4167 ........
746 4123 781 4165 co
803 4105 963 4184 tinguntur.

777 4340 859 4406 Cur.
882 4339 928 4405 11.

230 4476 289 4541 Du
314 4475 443 4541 Puessi
466 4474 682 4540 NOTARVM
704 4475 862 4543 CODIOE
887 4474 1107 4540 BERNENSI
1130 4475 1482 4543 MAROANOVANO.

296 4635 436 4695 Codicum
460 4635 715 4694 Marcunouanne
735 4638 886 4713 syttoqae,
910 4640 1053 4709 quotquot
1074 4640 1196 4708 entant,
1222 4636 1350 4695 omnium
1372 4643 1400 4696 et
1422 4640 1500 4697 anti-

212 4739 381 4810 quissimum
413 4745 442 4794 et
475 4739 618 4811 optimum
650 4754 712 4796 esse
739 4738 922 4797 Bonnensem
944 4736 974 4795 B
997 4744 1036 4795 42
1064 4753 1131 4796 coum
1160 4737 1344 4797 Mommseno
1375 4749 1502 4798 auctore

215 4837 345 4897 Gramm.
363 4839 431 4899 Lat.
447 4840 499 4899 IV
509 4856 543 4915 p.
562 4844 626 4897 20¹9.
647 4845 703 4897 270
724 4842 802 4898 iuter
817 4842 899 4899 uiros
921 4840 1024 4900 doctos
1046 4845 1172 4911 constet,
1197 4856 1255 4898 non
1278 4841 1383 4899 inutile
1404 4843 1502 4902 ur'sum
