3382 5476
198 352 260 418 190
581 331 591 349 “
647 352 815 406 vnnomn
834 342 1069 406 onrunarrcr

282 538 295 623 ll
311 542 331 602 1.
346 539 384 603 5·
401 539 414 623 ll
434 542 549 637 diones
571 542 806 618 grammatici
829 541 946 609 dicunt,
971 540 1049 619 quod
1073 547 1213 603 accentus
1234 542 1321 603 uocis
1342 557 1407 603 nou
1428 550 1494 623 pot·

196 650 241 703 ost
261 644 292 702 io
314 640 417 702 ultima
439 641 550 723 syllaba
573 660 639 703 csse
660 641 737 721 apud
754 641 890 711 latinos,
915 644 972 703 nisi
987 644 1017 703 in
1033 643 1147 722 paucis.
1178 640 1371 722 Vergilius
1393 652 1493 706 tameo

195 745 294 805 lilaro
320 745 351 803 io
374 742 476 804 multis
498 743 599 804 uerbis
622 744 707 822 ponit
729 744 759 803 in
783 741 882 804 ultima
906 745 945 804 ita
969 742 1088 804 dicens:
1127 741 1269 805 Nonnulli
1290 744 1390 815 siunt,
1413 744 1492 826 quod

195 848 224 906 io
248 863 307 905 nno
330 857 447 924 qnoque
470 862 591 923 gressu,
615 843 692 905 idest
713 862 787 904 sono
809 842 900 904 duum
923 844 1048 924 pedum,
1072 843 1150 905 idest
1171 841 1352 925 syllabarum
1375 845 1493 925 primus

196 946 329 1007 cleuetur
352 954 381 1006 et
402 945 550 1007 secundus
571 945 744 1015 inclinetur,
774 952 807 1004 nt
828 944 899 1022 legit
921 945 981 1023 igit
1007 943 1092 1006 mibit
1121 945 1213 1008 uidit
1257 944 1317 1006 Sed
1340 962 1399 1007 uos
1419 945 1517 1008 dici-s

195 1067 276 1118 mus,
300 1047 378 1127 quod
402 1055 516 1107 rectum
540 1063 605 1107 csse
633 1048 792 1117 sentimus,
820 1045 899 1124 qnod
929 1065 988 1107 non
1019 1048 1118 1109 minus
1145 1049 1315 1129 reperimus
1341 1048 1494 1111 secundos

195 1150 287 1229 pedes
309 1147 434 1218 eleuari,
459 1165 546 1225 quam
570 1150 697 1228 primos,
720 1156 754 1208 ut
776 1148 831 1226 ogd
853 1147 919 1208 emi
942 1147 1015 1208 doce
1038 1148 1118 1210 audi.
1148 1149 1275 1211 blaxime
1296 1156 1400 1211 autem
1420 1148 1494 1211 baec

195 1251 353 1312 diuersitas
375 1247 414 1309 ob
437 1248 622 1311 dissimilium
645 1265 785 1310 sonorum
809 1247 1021 1309 discretionem
1044 1260 1163 1330 reperta
1185 1257 1245 1319 est,
1268 1269 1309 1313 ne
1329 1250 1494 1315 confusibi-

195 1351 261 1413 litas
284 1351 380 1429 aliqua
404 1359 550 1412 nascatur.
587 1349 717 1411 Dicimus
733 1350 811 1409 enim
828 1350 1013 1411 nominatim
1036 1368 1106 1414 casu
1130 1351 1217 1412 se'des
1239 1350 1356 1415 eleuata
1379 1355 1493 1434 primm

188 1444 225 1513 'at
248 1456 274 1514 si
297 1451 422 1514 uerbum
443 1453 496 1521 sit,
530 1469 617 1513 uersa
650 1452 716 1512 uice
744 1450 907 1512 secundum
937 1450 1070 1513 leuantes
1096 1452 1202 1533 pedem
1230 1452 1359 1517 dicimus
1386 1454 1528 1524 sodimis

195 1557 237 1615 sio
260 1574 327 1616 com
350 1553 458 1615 dicitur
479 1553 581 1627 νέρθε,
615 1553 729 1631 primus
752 1554 891 1629 erigitur;
921 1560 950 1614 at
972 1571 1039 1613 cum
1063 1552 1190 1617 uerbum
1211 1554 1314 1636 regis,
1343 1538 1494 1617 secundun

196 1677 248 1736 pes
277 1657 426 1725 eleuatur,
463 1653 541 1735 qnod
572 1672 631 1715 non
659 1652 821 1714 secundum
849 1655 995 1715 rationem
1029 1665 1209 1725 metrorum,
1241 1659 1297 1717 sed
1326 1657 1492 1720 secundum

196 1757 383 1818 discretionis
405 1756 598 1836 aptitudinem
622 1757 721 1816 lacere
745 1753 887 1826 solemus,
911 1758 989 1817 sicut
1010 1758 1099 1817 ctiam
1121 1803 1289 1819 ......
1310 1759 1493 1838 imperotiuo

195 1859 283 1921 modo
305 1859 429 1936 primam
453 1859 586 1918 acuimus
609 1855 749 1935 syllabam
773 1864 803 1916 et
824 1859 1016 1919 nouissimam
1045 1858 1207 1928 calcamus;
1236 1866 1266 1919 at
1293 1878 1329 1920 ex
1359 1861 1493 1931 diuerso,

195 1959 245 2019 nbi
269 1957 444 2021 aduerbium
468 1960 506 2018 sit
527 1965 577 2017 aut
598 1958 788 2036 praepositio,
811 1959 906 2036 prima
931 1958 1070 2029 calcatur,
1095 1961 1254 2021 nouissima
1278 1963 1407 2024 acuitur.
1505 1980 1529 2021 rs

281 2060 293 2140 [l
311 2059 332 2119 i.
347 2056 389 2120 6¹>
406 2056 418 2138 ll
443 2061 479 2119 Vt
493 2058 686 2136 Vergilius
708 2057 792 2118 dicit:
817 2058 1012 2121 Haerentem
1029 2061 1170 2123 Latinitas
1191 2070 1316 2143 propter
1338 2070 1493 2125 oratorum

194 2164 416 2225 ornatissimum
441 2160 628 2236 eloquentiae
645 2160 777 2239 leporem
793 2163 886 2221 oratio
902 2171 1099 2242 nuncupatur,
1123 2163 1201 2224 unde
1224 2170 1325 2243 partes
1346 2166 1494 2227 orationis

194 2262 410 2341 intellegendae
438 2269 509 2323 suot
536 2260 573 2321 de
602 2260 725 2321 numero
748 2268 848 2340 partes
869 2263 1041 2325 Latinitatis.
1086 2265 1243 2325 Orationes
1265 2283 1321 2344 pro
1343 2270 1494 2329 sermoni·

194 2366 249 2427 bus
272 2363 545 2445 «locutionibusque
568 2362 759 2441 accipiendae
787 2373 871 2443 sunt,
901 2384 976 2445 quae
999 2368 1028 2426 in
1058 2372 1125 2426 octo
1146 2375 1248 2446 partes
1269 2365 1343 2428 nodi
1363 2366 1492 2430 soleant.

281 2465 293 2550 q
311 2469 330 2528 1.
349 2465 384 2528 i*
401 2462 414 2545 ll
440 2467 475 2525 l't
498 2463 702 2541 Vergilius:
727 2464 935 2537 Reddidimus,
960 2475 992 2528 nt
1012 2469 1171 2547 potuimus,
1195 2469 1360 2549 superioris
1382 2488 1528 2551 super-n

193 2571 363 2649 scriptionis
392 2569 518 2647 epitoma
547 2567 694 2626 rationem
724 2568 960 2646 requirentibus,
988 2587 1045 2647 qus
1074 2568 1111 2630 de
1139 2588 1226 2632 causa
1257 2588 1368 2632 nornen
1395 2571 1492 2634 uerbo

194 2671 430 2752 praetulerimus.
475 2667 560 2729 Nunc
588 2666 666 2729 allud
696 2671 878 2747 quaestionis
900 2670 1025 2729 inminet
1051 2688 1160 2749 genus,
1189 2689 1243 2732 cur
1265 2673 1354 2733 eliam
1376 2690 1490 2753 prono·

195 2793 261 2835 men
285 2773 410 2834 uerbum
433 2771 597 2850 praecedit,
622 2790 688 2831 curu
713 2770 838 2830 uerlmm
861 2772 993 2831 omnium
1016 2774 1145 2851 partium
1162 2774 1314 2852 egregium
1330 2775 1379 2835 sit.
1418 2776 1491 2848 Oui·

97 2928 102 2939 .
193 2875 249 2936 bus
275 2874 332 2935 boc
362 2873 449 2934 modo
482 2871 723 2952 respondendnm
753 2880 811 2942 est,
847 2873 925 2952 qnod
957 2875 988 2932 in
1022 2873 1168 2936 diuisione
1197 2876 1329 2938 omnium
1359 2878 1490 2956 partium

194 2977 337 3036 orationis
360 2973 409 3034 alil
432 2984 498 3034 octo
522 2983 623 3053 partes
646 2973 802 3042 eliserunt,
832 2973 966 3035 nonnulli
990 2974 1117 3036 eundem
1140 2995 1297 3039 numerum
1319 2978 1527 3042 minuentesrs

194 3096 302 3137 nomen
326 3085 356 3136 ot
377 3093 541 3155 pronomen
565 3075 594 3135 in
618 3075 741 3135 eandem
766 3082 879 3154 portem
903 3076 1099 3155 redigendum
1122 3086 1311 3158 putauerunt.
1356 3080 1489 3144 Verbum

194 3196 313 3256 quoque
335 3186 365 3238 et
385 3178 573 3257 participium
597 3179 625 3237 in
649 3195 741 3238 unum
764 3175 1021 3254 conglomerantes
1043 3178 1204 3241 absurdum
1226 3179 1382 3253 dixerunt,
1406 3181 1490 3245 uelut

193 3302 209 3343 a
232 3298 359 3360 corpore
380 3278 564 3348 membrum,
594 3281 632 3339 ita
657 3298 672 3339 a
697 3278 790 3340 uerlto
813 3297 953 3358 separare
975 3282 1171 3361 participium.
1217 3281 1365 3344 Aduerbio
1387 3293 1487 3346 autem

194 3392 223 3444 et
245 3383 470 3445 coniunctiones
497 3400 585 3442 unam
614 3389 728 3460 partem
758 3398 824 3441 esse
846 3389 1030 3460 putauerunt
1050 3383 1243 3463 sequestratis
1264 3386 1489 3464 praepositione

193 3494 222 3546 et
244 3487 467 3554 interiectione,
497 3492 585 3562 atque
612 3484 650 3542 ita
681 3490 749 3542 tnnc
778 3491 856 3553 erat,
886 3489 918 3543 nt
938 3501 993 3563 pro
1016 3492 1082 3544 octo
1104 3482 1239 3564 partibus
1262 3484 1286 3545 V
1307 3502 1522 3547 annumera-eo

192 3656 341 3665 ..---.

260 3762 276 3808 2
297 3753 436 3823 Vergilius]
458 3756 515 3805 Non
533 3760 606 3804 extat
624 3757 695 3819 opud
712 3755 816 3805 Moinm.
885 3757 902 3804 4
920 3756 986 3806 idest
1003 3757 1094 3806 addidi
1172 3758 1188 3806 5
1204 3750 1278 3820 legit]
1298 3757 1429 3809 Aeaeam
1445 3758 1486 3807 de

192 3834 259 3876 enin.
328 3827 412 3888 iique
430 3835 523 3872 rectum
580 3822 795 3873 8discrecionem
866 3825 898 3872 10
916 3824 993 3872 nteit
1061 3825 1184 3889 linoges
1202 3824 1301 3887 addidi,
1318 3826 1368 3875 ced
1383 3827 1488 3890 imper

192 3894 319 3945 ‘nominis’
337 3894 488 3958 siqniplcotio
506 3891 667 3940 intercidisse
685 3893 794 3940 uidetur.
865 3892 976 3955 eregltnr
994 3901 1039 3939 not
1055 3904 1113 3939 cnm
1200 3892 1231 3940 tt
1249 3905 1300 3940 nou
1319 3906 1371 3943 non
1441 3892 1485 3942 sed

192 3963 282 4012 reddidi
362 3964 393 4011 13
412 3956 498 4023 etiarn]
520 3958 682 4008 Ecccidernnt
699 3962 817 4008 nonnrtlta
834 3959 865 4008 ob
881 3961 1053 4022 putredinem,
1071 3960 1120 4009 sed
1136 3961 1168 4009 de
1185 3961 1274 4024 ‘pone'
1292 3960 1416 4011 uocabulo
1434 3962 1485 4026 opt·

192 4039 240 4083 tur.
312 4032 343 4079 15
359 4029 427 4078 coles
446 4027 587 4076 nouissimo
604 4028 718 4075 acerrime
802 4029 834 4076 ld
864 4023 1004 4092 Vergilius]
1024 4043 1051 4089 p.
1071 4015 1179 4078 ns'Mat
1246 4028 1278 4077 l‘l
1295 4029 1486 4079 omstisoirnnnt

192 4098 303 4162 leporem
324 4099 405 4147 orotio
424 4106 598 4166 nrmcnpatur:
618 4096 686 4143 unde
704 4106 729 4144 et
747 4104 833 4160 partes
844 4095 966 4143 orationis
980 4094 1164 4160 intellegendae
1175 4105 1233 4144 sunt
1251 4105 1337 4160 portes
1355 4095 1486 4147 latinitatis

192 4199 279 4250 Moins
348 4198 407 4249 uud⁰
425 4210 511 4264 penes
530 4159 719 4265 oratdmtcorr.
738 4212 769 4246 nr.
789 4195 835 4257 ΙΙ)
916 4195 948 4244 18
966 4196 1093 4246 orationes
1111 4213 1158 4246 om.
1177 4196 1265 4247 diates
1351 4199 1385 4248 tn
1402 4197 1486 4249 elocu-

191 4268 372 4331 tionibusqmre
423 4282 470 4334 pro
489 4270 648 4319 sermonibus
667 4264 882 4327 eloquentioribus
901 4264 1065 4328 accipiendae
1083 4265 1169 4314 illatus
1220 4263 1404 4316 solemniores
1454 4267 1486 4317 tt

192 4333 334 4400 Vergilius]
352 4353 380 4401 p.
398 4339 451 4387 137
468 4335 537 4384 Mai:
565 4335 703 4402 Srrprriore
719 4341 811 4398 coepto
830 4331 929 4381 reddita
946 4333 1011 4381 ratio
1030 4344 1070 4381 est
1086 4333 1271 4395 requirentibus
1289 4346 1341 4395 quo
1358 4332 1392 4383 de
1409 4346 1486 4383 cerras

261 4405 397 4469 uergilius,
421 4418 489 4455 corr.
508 4419 538 4455 m.
557 4404 593 4454 Il
610 4406 675 4469 nirg.
706 4453 718 4464 ,
745 4399 870 4465 superiori
888 4401 1087 4465 superscriptio,
1109 4416 1178 4451 corr.
1198 4401 1263 4450 ·iooi
1281 4416 1313 4451 ru.
1333 4399 1368 4450 11
1453 4402 1483 4452 at

191 4489 321 4556 epitlroma
373 4504 423 4550 qus
440 4487 521 4536 diruia
589 4490 623 4538 23
642 4468 719 4536 uerbd
806 4485 937 4549 egregium
956 4484 997 4533 sit.
1016 4483 1169 4549 Respondeo
1188 4484 1258 4547 quod
1279 4483 1403 4550 Virptiiue
1421 4485 1487 4537 nan

191 4559 224 4609 ib
242 4558 352 4608 errrrdem
371 4570 502 4604 numerum
521 4571 567 4605 om.
586 4555 674 4606 Maius
752 4554 785 4604 26
802 4553 828 4601 iu
846 4552 934 4601 eodem
955 4565 1027 4618 porte
1045 4552 1131 4603 Maius
1199 4563 1224 4601 et
1241 4553 1348 4603 uerbum
1366 4564 1393 4603 et
1408 4554 1485 4620 porti·

191 4626 286 4690 cipium
304 4625 392 4675 Maius
492 4624 525 4674 tt
543 4623 753 4688 conglobersutes
776 4635 854 4670 troam
876 4620 1002 4670 dixerunt.
1023 4621 1085 4670 ltem
1102 4620 1224 4671 nduerbio
1242 4632 1268 4671 et
1283 4622 1484 4678 coniunctiones.

191 4697 284 4744 ceteris
301 4693 399 4744 omissis
417 4691 503 4741 Maius
571 4692 709 4740 obsonium
787 4689 820 4738 28
838 4691 970 4738 menbrum
1039 4704 1156 4754 sperare,
1175 4688 1487 4755 eorr.eeporurem.11

191 4762 224 4810 29
243 4777 317 4811 nrrom
336 4770 495 4823 sequestrato
514 4760 705 4825 praepositione
723 4771 748 4809 et
765 4759 937 4807 interiectione
955 4758 989 4807 itu
1009 4768 1036 4805 nt
1048 4757 1070 4805 V
1083 4768 1168 4823 partes
1188 4757 1362 4816 nominarent,
1380 4759 1485 4824 rettqois

192 4831 288 4879 omissis
307 4830 392 4879 dloins
459 4830 492 4878 30
510 4838 571 4890 erut,
588 4843 720 4892 suprascr.
739 4840 798 4876 tnnc
815 4843 845 4875 nr.
859 4826 893 4874 II
943 4826 1175 4891 onrmrnrmuerint,
1192 4836 1391 4876 corn-onerent
1407 4842 1438 4877 nr.
1450 4823 1485 4877 11
