<?xml version="1.0" encoding="UTF-8"?>
<!DOCTYPE html PUBLIC "-//W3C//DTD XHTML 1.0 Transitional//EN"
    "http://www.w3.org/TR/xhtml1/DTD/xhtml1-transitional.dtd">
<html xmlns="http://www.w3.org/1999/xhtml" xml:lang="en" lang="en">
 <head>
  <title>
</title>
<meta http-equiv="Content-Type" content="text/html;charset=utf-8" />
  <meta name='ocr-system' content='tesseract 3.04.00' />
  <meta name='ocr-capabilities' content='ocr_page ocr_carea ocr_par ocr_line ocrx_word'/>
</head>
<body>
  <div class='ocr_page' id='page_1' title='image "./grammaticilatin06keilgoog_0464.png"; bbox 0 0 3382 5476; ppageno 0'>
   <div class='ocr_carea' id='block_1_1' title="bbox 712 379 1457 444">
    <p class='ocr_par' dir='ltr' id='par_1_1' title="bbox 712 379 1457 444">
     <span class='ocr_line' id='line_1_1' title="bbox 712 379 1457 444; baseline 0.001 -13"><span class='ocrx_word' id='word_1_1' title='bbox 712 380 915 433; x_wconf 80' lang='lat' dir='ltr'><strong>EXGERPTA.</strong></span> <span class='ocrx_word' id='word_1_2' title='bbox 1397 379 1457 444; x_wconf 88' lang='lat'><strong>191</strong></span> 
     </span>
    </p>
   </div>
   <div class='ocr_carea' id='block_1_2' title="bbox 118 568 1537 2674">
    <p class='ocr_par' dir='ltr' id='par_1_2' title="bbox 162 568 1459 932">
     <span class='ocr_line' id='line_1_2' title="bbox 164 568 1457 647; baseline -0.001 -18"><span class='ocrx_word' id='word_1_3' title='bbox 164 569 271 629; x_wconf 82' lang='lat' dir='ltr'><strong>uerint.</strong></span> <span class='ocrx_word' id='word_1_4' title='bbox 318 568 376 627; x_wconf 91' lang='lat' dir='ltr'><strong>Pro</strong></span> <span class='ocrx_word' id='word_1_5' title='bbox 400 568 453 629; x_wconf 89' lang='lat' dir='ltr'><strong>bac</strong></span> <span class='ocrx_word' id='word_1_6' title='bbox 477 586 548 646; x_wconf 90' lang='lat' dir='ltr'><strong>ergo</strong></span> <span class='ocrx_word' id='word_1_7' title='bbox 571 569 686 628; x_wconf 90' lang='lat' dir='ltr'><strong>ratione</strong></span> <span class='ocrx_word' id='word_1_8' title='bbox 708 585 874 647; x_wconf 82' lang='lat' dir='ltr'>pronomen</span> <span class='ocrx_word' id='word_1_9' title='bbox 902 587 918 628; x_wconf 94' lang='lat' dir='ltr'><strong>a</strong></span> <span class='ocrx_word' id='word_1_10' title='bbox 946 570 1065 629; x_wconf 91' lang='lat' dir='ltr'><strong>nomine</strong></span> <span class='ocrx_word' id='word_1_11' title='bbox 1098 585 1258 629; x_wconf 80' lang='lat' dir='ltr'><strong>secernere</strong></span> <span class='ocrx_word' id='word_1_12' title='bbox 1289 568 1457 644; x_wconf 87' lang='lat' dir='ltr'><strong>noluerunt,</strong></span> 
     </span>
     <span class='ocr_line' id='line_1_3' title="bbox 162 667 1459 749; baseline 0 -20"><span class='ocrx_word' id='word_1_13' title='bbox 162 672 238 730; x_wconf 89' lang='lat' dir='ltr'><strong>sicut</strong></span> <span class='ocrx_word' id='word_1_14' title='bbox 260 686 315 728; x_wconf 92' lang='lat' dir='ltr'><strong>nec</strong></span> <span class='ocrx_word' id='word_1_15' title='bbox 338 670 468 746; x_wconf 80' lang='lat' dir='ltr'><strong>armiger</strong></span> <span class='ocrx_word' id='word_1_16' title='bbox 488 672 658 730; x_wconf 68' lang='lat' dir='ltr'><strong>secernitur</strong></span> <span class='ocrx_word' id='word_1_17' title='bbox 679 687 695 729; x_wconf 92' lang='lat' dir='ltr'><strong>a</strong></span> <span class='ocrx_word' id='word_1_18' title='bbox 718 687 799 747; x_wconf 88' lang='lat' dir='ltr'><strong>rege.</strong></span> <span class='ocrx_word' id='word_1_19' title='bbox 838 669 1005 732; x_wconf 84' lang='lat' dir='ltr'><strong>Pronomeu</strong></span> <span class='ocrx_word' id='word_1_20' title='bbox 1029 677 1075 730; x_wconf 89' lang='lat' dir='ltr'><strong>est</strong></span> <span class='ocrx_word' id='word_1_21' title='bbox 1097 667 1367 731; x_wconf 88' lang='lat' dir='ltr'><strong>subministratoria</strong></span> <span class='ocrx_word' id='word_1_22' title='bbox 1389 687 1459 749; x_wconf 91' lang='lat' dir='ltr'><strong>pars</strong></span> 
     </span>
     <span class='ocr_line' id='line_1_4' title="bbox 162 769 1458 851; baseline 0.002 -23"><span class='ocrx_word' id='word_1_23' title='bbox 162 772 318 838; x_wconf 90' lang='lat' dir='ltr'><strong>orationis.</strong></span> <span class='ocrx_word' id='word_1_24' title='bbox 353 772 419 850; x_wconf 93' lang='lat' dir='ltr'><strong>quia</strong></span> <span class='ocrx_word' id='word_1_25' title='bbox 453 769 591 851; x_wconf 91' lang='lat' dir='ltr'><strong>quicquid</strong></span> <span class='ocrx_word' id='word_1_26' title='bbox 623 779 667 832; x_wconf 90' lang='lat' dir='ltr'><strong>est</strong></span> <span class='ocrx_word' id='word_1_27' title='bbox 695 769 807 851; x_wconf 80' lang='lat' dir='ltr'><strong>absque</strong></span> <span class='ocrx_word' id='word_1_28' title='bbox 840 771 969 832; x_wconf 91' lang='lat' dir='ltr'><strong>nominis</strong></span> <span class='ocrx_word' id='word_1_29' title='bbox 1000 771 1207 841; x_wconf 89' lang='lat' dir='ltr'><strong>amminiculo,</strong></span> <span class='ocrx_word' id='word_1_30' title='bbox 1241 772 1357 833; x_wconf 88' lang='lat' dir='ltr'><strong>iniirma</strong></span> <span class='ocrx_word' id='word_1_31' title='bbox 1392 790 1458 832; x_wconf 89' lang='lat' dir='ltr'><strong>esse</strong></span> 
     </span>
     <span class='ocr_line' id='line_1_5' title="bbox 162 871 289 932; baseline -0.008 0"><span class='ocrx_word' id='word_1_32' title='bbox 162 871 289 932; x_wconf 84' lang='lat' dir='ltr'><strong>uidetur.</strong></span> 
     </span>
    </p>

    <p class='ocr_par' dir='ltr' id='par_1_3' title="bbox 123 970 1457 1460">
     <span class='ocr_line' id='line_1_6' title="bbox 123 970 1457 1056; baseline 0.004 -27"><span class='ocrx_word' id='word_1_33' title='bbox 123 989 137 1029; x_wconf 85' lang='lat' dir='ltr'><strong>s</strong></span> <span class='ocrx_word' id='word_1_34' title='bbox 249 971 261 1056; x_wconf 67' lang='lat' dir='ltr'><strong>l}</strong></span> <span class='ocrx_word' id='word_1_35' title='bbox 279 972 298 1033; x_wconf 90' lang='lat' dir='ltr'><strong>l.</strong></span> <span class='ocrx_word' id='word_1_36' title='bbox 317 970 355 1033; x_wconf 71' lang='lat' dir='ltr'><strong>qs</strong></span> <span class='ocrx_word' id='word_1_37' title='bbox 371 971 384 1055; x_wconf 78' lang='grc' dir='ltr'><strong>ΙΙ</strong></span> <span class='ocrx_word' id='word_1_38' title='bbox 408 974 445 1033; x_wconf 85' lang='lat' dir='ltr'><strong>vt</strong></span> <span class='ocrx_word' id='word_1_39' title='bbox 466 973 660 1053; x_wconf 86' lang='lat' dir='ltr'><strong>Vergilius</strong></span> <span class='ocrx_word' id='word_1_40' title='bbox 682 974 767 1034; x_wconf 91' lang='lat' dir='ltr'><strong>dicit:</strong></span> <span class='ocrx_word' id='word_1_41' title='bbox 806 975 996 1052; x_wconf 78' lang='lat' dir='ltr'><strong>Interrogare</strong></span> <span class='ocrx_word' id='word_1_42' title='bbox 1018 973 1128 1041; x_wconf 89' lang='lat' dir='ltr'><strong>debeo,</strong></span> <span class='ocrx_word' id='word_1_43' title='bbox 1152 992 1206 1035; x_wconf 90' lang='lat' dir='ltr'><strong>cur</strong></span> <span class='ocrx_word' id='word_1_44' title='bbox 1230 992 1337 1035; x_wconf 91' lang='lat' dir='ltr'><strong>nomen</strong></span> <span class='ocrx_word' id='word_1_45' title='bbox 1362 977 1457 1034; x_wconf 93' lang='lat' dir='ltr'><strong>omni-</strong></span> 
     </span>
     <span class='ocr_line' id='line_1_7' title="bbox 162 1073 1457 1155; baseline 0.001 -20"><span class='ocrx_word' id='word_1_46' title='bbox 162 1073 217 1135; x_wconf 91' lang='lat' dir='ltr'><strong>bus</strong></span> <span class='ocrx_word' id='word_1_47' title='bbox 244 1074 381 1155; x_wconf 88' lang='lat' dir='ltr'><strong>partibus</strong></span> <span class='ocrx_word' id='word_1_48' title='bbox 409 1074 574 1136; x_wconf 74' lang='lat' dir='ltr'><strong>Latinitatis</strong></span> <span class='ocrx_word' id='word_1_49' title='bbox 600 1074 765 1154; x_wconf 91' lang='lat' dir='ltr'><strong>praelatum</strong></span> <span class='ocrx_word' id='word_1_50' title='bbox 795 1077 847 1145; x_wconf 86' lang='lat' dir='ltr'><strong>sit,</strong></span> <span class='ocrx_word' id='word_1_51' title='bbox 877 1094 945 1136; x_wconf 91' lang='lat' dir='ltr'><strong>cum</strong></span> <span class='ocrx_word' id='word_1_52' title='bbox 972 1077 1004 1135; x_wconf 92' lang='lat' dir='ltr'><strong>in</strong></span> <span class='ocrx_word' id='word_1_53' title='bbox 1031 1074 1209 1155; x_wconf 91' lang='lat' dir='ltr'><strong>†biborum</strong></span> <span class='ocrx_word' id='word_1_54' title='bbox 1237 1077 1404 1137; x_wconf 84' lang='lat' dir='ltr'><strong>elocutione</strong></span> <span class='ocrx_word' id='word_1_55' title='bbox 1428 1085 1457 1136; x_wconf 90' lang='lat' dir='ltr'><strong>et</strong></span> 
     </span>
     <span class='ocr_line' id='line_1_8' title="bbox 158 1163 1454 1256; baseline 0.001 -20"><span class='ocrx_word' id='word_1_56' title='bbox 158 1163 375 1256; x_wconf 83' lang='lat' dir='ltr'><strong>compositione</strong></span> <span class='ocrx_word' id='word_1_57' title='bbox 398 1178 590 1256; x_wconf 88' lang='lat' dir='ltr'><strong>praecipuum</strong></span> <span class='ocrx_word' id='word_1_58' title='bbox 607 1178 792 1238; x_wconf 81' lang='lat' dir='ltr'><strong>existimetur</strong></span> <span class='ocrx_word' id='word_1_59' title='bbox 807 1175 941 1236; x_wconf 89' lang='lat' dir='ltr'><strong>uerbum.</strong></span> <span class='ocrx_word' id='word_1_60' title='bbox 987 1175 1086 1256; x_wconf 86' lang='lat' dir='ltr'><strong>Super</strong></span> <span class='ocrx_word' id='word_1_61' title='bbox 1102 1177 1158 1239; x_wconf 88' lang='lat' dir='ltr'><strong>boc</strong></span> <span class='ocrx_word' id='word_1_62' title='bbox 1173 1180 1321 1238; x_wconf 81' lang='lat' dir='ltr'><strong>Aeneas</strong></span> <span class='ocrx_word' id='word_1_63' title='bbox 1341 1180 1454 1256; x_wconf 89' lang='lat' dir='ltr'><strong>iuquit:</strong></span> 
     </span>
     <span class='ocr_line' id='line_1_9' title="bbox 161 1277 1455 1359; baseline 0 -20"><span class='ocrx_word' id='word_1_64' title='bbox 161 1277 275 1339; x_wconf 87' lang='lat' dir='ltr'><strong>Nomen</strong></span> <span class='ocrx_word' id='word_1_65' title='bbox 298 1278 461 1339; x_wconf 85' lang='lat' dir='ltr'><strong>secuudum</strong></span> <span class='ocrx_word' id='word_1_66' title='bbox 484 1295 653 1339; x_wconf 88' lang='lat' dir='ltr'><strong>sermonem</strong></span> <span class='ocrx_word' id='word_1_67' title='bbox 675 1280 855 1358; x_wconf 91' lang='lat' dir='ltr'><strong>principium</strong></span> <span class='ocrx_word' id='word_1_68' title='bbox 871 1287 929 1348; x_wconf 85' lang='lat' dir='ltr'><strong>est,</strong></span> <span class='ocrx_word' id='word_1_69' title='bbox 953 1296 1012 1339; x_wconf 91' lang='lat' dir='ltr'><strong>non</strong></span> <span class='ocrx_word' id='word_1_70' title='bbox 1035 1277 1199 1339; x_wconf 87' lang='lat' dir='ltr'><strong>secundum</strong></span> <span class='ocrx_word' id='word_1_71' title='bbox 1215 1279 1455 1359; x_wconf 79' lang='lat' dir='ltr'><strong>appeliationem.</strong></span> 
     </span>
     <span class='ocr_line' id='line_1_10' title="bbox 161 1377 1455 1460; baseline -0.002 -19"><span class='ocrx_word' id='word_1_72' title='bbox 161 1380 235 1441; x_wconf 85' lang='lat' dir='ltr'><strong>Cum</strong></span> <span class='ocrx_word' id='word_1_73' title='bbox 258 1383 339 1441; x_wconf 91' lang='lat' dir='ltr'><strong>enirn</strong></span> <span class='ocrx_word' id='word_1_74' title='bbox 367 1382 502 1441; x_wconf 91' lang='lat' dir='ltr'><strong>nascitur</strong></span> <span class='ocrx_word' id='word_1_75' title='bbox 530 1379 634 1451; x_wconf 86' lang='lat' dir='ltr'><strong>homo,</strong></span> <span class='ocrx_word' id='word_1_76' title='bbox 664 1381 837 1460; x_wconf 91' lang='lat' dir='ltr'><strong>priusquam</strong></span> <span class='ocrx_word' id='word_1_77' title='bbox 865 1397 928 1440; x_wconf 90' lang='lat' dir='ltr'><strong>rem</strong></span> <span class='ocrx_word' id='word_1_78' title='bbox 957 1377 1085 1458; x_wconf 83' lang='lat' dir='ltr'><strong>aliquam</strong></span> <span class='ocrx_word' id='word_1_79' title='bbox 1113 1387 1182 1458; x_wconf 86' lang='lat' dir='ltr'><strong>agat</strong></span> <span class='ocrx_word' id='word_1_80' title='bbox 1209 1379 1258 1441; x_wconf 90' lang='lat' dir='ltr'><strong>uel</strong></span> <span class='ocrx_word' id='word_1_81' title='bbox 1286 1380 1382 1441; x_wconf 90' lang='lat' dir='ltr'><strong>discat</strong></span> <span class='ocrx_word' id='word_1_82' title='bbox 1408 1377 1455 1440; x_wconf 91' lang='lat' dir='ltr'><strong>uel</strong></span> 
     </span>
    </p>

    <p class='ocr_par' dir='ltr' id='par_1_4' title="bbox 122 1480 1456 1663">
     <span class='ocr_line' id='line_1_11' title="bbox 122 1480 1456 1561; baseline 0.003 -24"><span class='ocrx_word' id='word_1_83' title='bbox 122 1486 148 1537; x_wconf 87' lang='lat' dir='ltr'><strong>&#39;1o</strong></span> <span class='ocrx_word' id='word_1_84' title='bbox 160 1483 250 1551; x_wconf 85' lang='lat' dir='ltr'><strong>sciat,</strong></span> <span class='ocrx_word' id='word_1_85' title='bbox 273 1501 382 1543; x_wconf 89' lang='lat' dir='ltr'><strong>nornen</strong></span> <span class='ocrx_word' id='word_1_86' title='bbox 405 1481 446 1542; x_wconf 92' lang='lat' dir='ltr'><strong>illi</strong></span> <span class='ocrx_word' id='word_1_87' title='bbox 467 1480 595 1551; x_wconf 87' lang='lat' dir='ltr'><strong>inditur,</strong></span> <span class='ocrx_word' id='word_1_88' title='bbox 618 1498 715 1556; x_wconf 79' lang='lat' dir='ltr'><strong>quare</strong></span> <span class='ocrx_word' id='word_1_89' title='bbox 736 1480 832 1541; x_wconf 91' lang='lat' dir='ltr'><strong>uerbo</strong></span> <span class='ocrx_word' id='word_1_90' title='bbox 860 1480 1026 1560; x_wconf 86' lang='lat' dir='ltr'><strong>praecedit;</strong></span> <span class='ocrx_word' id='word_1_91' title='bbox 1056 1499 1165 1541; x_wconf 91' lang='lat' dir='ltr'><strong>nomen</strong></span> <span class='ocrx_word' id='word_1_92' title='bbox 1193 1499 1265 1560; x_wconf 87' lang='lat' dir='ltr'><strong>ergo</strong></span> <span class='ocrx_word' id='word_1_93' title='bbox 1293 1499 1362 1561; x_wconf 92' lang='lat' dir='ltr'><strong>pars</strong></span> <span class='ocrx_word' id='word_1_94' title='bbox 1390 1500 1456 1542; x_wconf 93' lang='lat' dir='ltr'><strong>ora-</strong></span> 
     </span>
     <span class='ocr_line' id='line_1_12' title="bbox 161 1582 644 1663; baseline -0.002 -20"><span class='ocrx_word' id='word_1_95' title='bbox 161 1584 251 1645; x_wconf 89' lang='lat' dir='ltr'><strong>tionis</strong></span> <span class='ocrx_word' id='word_1_96' title='bbox 273 1582 446 1663; x_wconf 91' lang='lat' dir='ltr'><strong>principalis</strong></span> <span class='ocrx_word' id='word_1_97' title='bbox 468 1582 644 1643; x_wconf 77' lang='lat' dir='ltr'><strong>latinitatis.</strong></span> 
     </span>
    </p>

    <p class='ocr_par' dir='ltr' id='par_1_5' title="bbox 161 1685 1457 1967">
     <span class='ocr_line' id='line_1_13' title="bbox 245 1685 1457 1767; baseline -0.002 -21"><span class='ocrx_word' id='word_1_98' title='bbox 245 1687 326 1746; x_wconf 78' lang='lat' dir='ltr'><strong>ibid.</strong></span> <span class='ocrx_word' id='word_1_99' title='bbox 372 1686 408 1745; x_wconf 86' lang='lat' dir='ltr'><strong>Vt</strong></span> <span class='ocrx_word' id='word_1_100' title='bbox 422 1685 619 1764; x_wconf 88' lang='lat' dir='ltr'><strong>Pompeius</strong></span> <span class='ocrx_word' id='word_1_101' title='bbox 649 1730 782 1745; x_wconf 91' lang='grc'><strong>.......</strong></span> <span class='ocrx_word' id='word_1_102' title='bbox 797 1686 844 1745; x_wconf 88' lang='lat' dir='ltr'><strong>uis</strong></span> <span class='ocrx_word' id='word_1_103' title='bbox 865 1693 1061 1767; x_wconf 64' lang='lat' dir='ltr'><strong>creaturaex</strong></span> <span class='ocrx_word' id='word_1_104' title='bbox 1083 1686 1205 1744; x_wconf 92' lang='lat' dir='ltr'><strong>nomine</strong></span> <span class='ocrx_word' id='word_1_105' title='bbox 1226 1703 1280 1745; x_wconf 91' lang='lat' dir='ltr'><strong>suo</strong></span> <span class='ocrx_word' id='word_1_106' title='bbox 1303 1685 1457 1762; x_wconf 88' lang='lat' dir='ltr'><strong>cognosci·</strong></span> 
     </span>
     <span class='ocr_line' id='line_1_14' title="bbox 161 1783 1456 1866; baseline -0.002 -19"><span class='ocrx_word' id='word_1_107' title='bbox 161 1790 237 1847; x_wconf 76' lang='lat' dir='ltr'><strong>turt‘</strong></span> <span class='ocrx_word' id='word_1_108' title='bbox 254 1788 310 1866; x_wconf 85' lang='lat' dir='ltr'><strong>nisi</strong></span> <span class='ocrx_word' id='word_1_109' title='bbox 334 1788 412 1847; x_wconf 88' lang='lat' dir='ltr'><strong>enim</strong></span> <span class='ocrx_word' id='word_1_110' title='bbox 436 1788 541 1847; x_wconf 89' lang='lat' dir='ltr'><strong>scieris</strong></span> <span class='ocrx_word' id='word_1_111' title='bbox 564 1803 687 1854; x_wconf 90' lang='lat' dir='ltr'><strong>nomeu,</strong></span> <span class='ocrx_word' id='word_1_112' title='bbox 711 1787 840 1863; x_wconf 79' lang='lat' dir='ltr'><strong>cognitio</strong></span> <span class='ocrx_word' id='word_1_113' title='bbox 863 1803 963 1846; x_wconf 89' lang='lat' dir='ltr'><strong>rerum</strong></span> <span class='ocrx_word' id='word_1_114' title='bbox 986 1787 1075 1866; x_wconf 80' lang='lat' dir='ltr'><strong>perit.</strong></span> <span class='ocrx_word' id='word_1_115' title='bbox 1118 1783 1212 1846; x_wconf 86' lang='lat' dir='ltr'><strong>tiliter</strong></span> <span class='ocrx_word' id='word_1_116' title='bbox 1233 1804 1306 1846; x_wconf 90' lang='lat' dir='ltr'><strong>uero</strong></span> <span class='ocrx_word' id='word_1_117' title='bbox 1330 1787 1456 1862; x_wconf 88' lang='lat' dir='ltr'><strong>Vergi-</strong></span> 
     </span>
     <span class='ocr_line' id='line_1_15' title="bbox 161 1885 1456 1967; baseline -0.002 -19"><span class='ocrx_word' id='word_1_118' title='bbox 161 1887 236 1948; x_wconf 92' lang='lat' dir='ltr'><strong>lius</strong></span> <span class='ocrx_word' id='word_1_119' title='bbox 264 1888 350 1949; x_wconf 92' lang='lat' dir='ltr'><strong>dicit:</strong></span> <span class='ocrx_word' id='word_1_120' title='bbox 380 1888 451 1948; x_wconf 91' lang='lat' dir='ltr'><strong>ldeo</strong></span> <span class='ocrx_word' id='word_1_121' title='bbox 472 1889 668 1967; x_wconf 88' lang='lat' dir='ltr'><strong>praeponitur</strong></span> <span class='ocrx_word' id='word_1_122' title='bbox 691 1904 813 1961; x_wconf 86' lang='lat' dir='ltr'><strong>nomen,</strong></span> <span class='ocrx_word' id='word_1_123' title='bbox 842 1886 921 1966; x_wconf 90' lang='lat' dir='ltr'><strong>quod</strong></span> <span class='ocrx_word' id='word_1_124' title='bbox 945 1885 1063 1967; x_wconf 91' lang='lat' dir='ltr'><strong>quando</strong></span> <span class='ocrx_word' id='word_1_125' title='bbox 1085 1933 1177 1948; x_wconf 90' lang='grc'><strong>.....</strong></span> <span class='ocrx_word' id='word_1_126' title='bbox 1199 1886 1310 1955; x_wconf 88' lang='lat' dir='ltr'><strong>inians,</strong></span> <span class='ocrx_word' id='word_1_127' title='bbox 1333 1904 1456 1946; x_wconf 88' lang='lat' dir='ltr'><strong>necesse</strong></span> 
     </span>
    </p>

    <p class='ocr_par' dir='ltr' id='par_1_6' title="bbox 121 1988 1456 2171">
     <span class='ocr_line' id='line_1_16' title="bbox 121 1988 1456 2068; baseline 0.001 -23"><span class='ocrx_word' id='word_1_128' title='bbox 121 2004 148 2046; x_wconf 77' lang='lat' dir='ltr'><strong>us</strong></span> <span class='ocrx_word' id='word_1_129' title='bbox 163 1996 225 2060; x_wconf 89' lang='lat' dir='ltr'><strong>est,</strong></span> <span class='ocrx_word' id='word_1_130' title='bbox 248 1991 400 2051; x_wconf 87' lang='lat' dir='ltr'><strong>utstatim</strong></span> <span class='ocrx_word' id='word_1_131' title='bbox 424 1988 531 2050; x_wconf 90' lang='lat' dir='ltr'><strong>babeat</strong></span> <span class='ocrx_word' id='word_1_132' title='bbox 553 2007 678 2057; x_wconf 90' lang='lat' dir='ltr'><strong>uomeu;</strong></span> <span class='ocrx_word' id='word_1_133' title='bbox 706 1997 803 2049; x_wconf 91' lang='lat' dir='ltr'><strong>actum</strong></span> <span class='ocrx_word' id='word_1_134' title='bbox 826 2004 899 2048; x_wconf 90' lang='lat' dir='ltr'><strong>uero</strong></span> <span class='ocrx_word' id='word_1_135' title='bbox 922 2006 981 2049; x_wconf 92' lang='lat' dir='ltr'><strong>non</strong></span> <span class='ocrx_word' id='word_1_136' title='bbox 1004 1997 1102 2068; x_wconf 89' lang='lat' dir='ltr'><strong>potest</strong></span> <span class='ocrx_word' id='word_1_137' title='bbox 1123 1989 1234 2049; x_wconf 90' lang='lat' dir='ltr'><strong>lacere:</strong></span> <span class='ocrx_word' id='word_1_138' title='bbox 1257 1990 1385 2064; x_wconf 85' lang='lat' dir='ltr'><strong>proprie</strong></span> <span class='ocrx_word' id='word_1_139' title='bbox 1399 1989 1456 2048; x_wconf 79' lang='lat' dir='ltr'><strong>icoc</strong></span> 
     </span>
     <span class='ocr_line' id='line_1_17' title="bbox 163 2091 584 2171; baseline -0.002 -20"><span class='ocrx_word' id='word_1_140' title='bbox 163 2099 347 2153; x_wconf 87' lang='lat' dir='ltr'><strong>monstratur</strong></span> <span class='ocrx_word' id='word_1_141' title='bbox 369 2110 424 2171; x_wconf 90' lang='lat' dir='ltr'><strong>per</strong></span> <span class='ocrx_word' id='word_1_142' title='bbox 447 2091 584 2153; x_wconf 90' lang='lat' dir='ltr'><strong>uerbum.</strong></span> 
     </span>
    </p>

    <p class='ocr_par' dir='ltr' id='par_1_7' title="bbox 247 2188 1455 2276">
     <span class='ocr_line' id='line_1_18' title="bbox 247 2188 1455 2276; baseline -0.001 -24"><span class='ocrx_word' id='word_1_143' title='bbox 247 2190 259 2272; x_wconf 76' lang='lat' dir='ltr'><strong>ll</strong></span> <span class='ocrx_word' id='word_1_144' title='bbox 280 2193 300 2253; x_wconf 92' lang='lat' dir='ltr'><strong>l.</strong></span> <span class='ocrx_word' id='word_1_145' title='bbox 319 2189 376 2253; x_wconf 74' lang='lat' dir='ltr'><strong>10b</strong></span> <span class='ocrx_word' id='word_1_146' title='bbox 392 2191 403 2276; x_wconf 89' lang='grc' dir='ltr'><strong>ΙΙ</strong></span> <span class='ocrx_word' id='word_1_147' title='bbox 435 2194 595 2254; x_wconf 85' lang='lat' dir='ltr'><strong>[tiridatiua</strong></span> <span class='ocrx_word' id='word_1_148' title='bbox 623 2191 731 2252; x_wconf 88' lang='lat' dir='ltr'><strong>multas</strong></span> <span class='ocrx_word' id='word_1_149' title='bbox 752 2192 977 2255; x_wconf 88' lang='lat' dir='ltr'><strong>terminationes</strong></span> <span class='ocrx_word' id='word_1_150' title='bbox 1000 2189 1110 2253; x_wconf 86' lang='lat' dir='ltr'><strong>babent</strong></span> <span class='ocrx_word' id='word_1_151' title='bbox 1137 2194 1168 2252; x_wconf 93' lang='lat' dir='ltr'><strong>in</strong></span> <span class='ocrx_word' id='word_1_152' title='bbox 1192 2191 1305 2253; x_wconf 88' lang='lat' dir='ltr'><strong>ultimis</strong></span> <span class='ocrx_word' id='word_1_153' title='bbox 1326 2188 1455 2269; x_wconf 82' lang='lat' dir='ltr'><strong>syllabis,</strong></span> 
     </span>
    </p>

    <p class='ocr_par' dir='ltr' id='par_1_8' title="bbox 118 2292 1537 2674">
     <span class='ocr_line' id='line_1_19' title="bbox 161 2292 1537 2372; baseline -0.001 -16"><span class='ocrx_word' id='word_1_154' title='bbox 161 2304 194 2356; x_wconf 90' lang='lat' dir='ltr'><strong>ut</strong></span> <span class='ocrx_word' id='word_1_155' title='bbox 215 2293 406 2372; x_wconf 89' lang='lat' dir='ltr'><strong>Vergilius</strong></span> <span class='ocrx_word' id='word_1_156' title='bbox 429 2294 513 2355; x_wconf 89' lang='lat' dir='ltr'><strong>dicit:</strong></span> <span class='ocrx_word' id='word_1_157' title='bbox 551 2294 712 2355; x_wconf 85' lang='lat' dir='ltr'><strong>Diriuatiua</strong></span> <span class='ocrx_word' id='word_1_158' title='bbox 741 2300 839 2353; x_wconf 92' lang='lat' dir='ltr'><strong>autem</strong></span> <span class='ocrx_word' id='word_1_159' title='bbox 869 2310 929 2353; x_wconf 93' lang='lat' dir='ltr'><strong>non</strong></span> <span class='ocrx_word' id='word_1_160' title='bbox 959 2294 1046 2352; x_wconf 92' lang='lat' dir='ltr'><strong>unius</strong></span> <span class='ocrx_word' id='word_1_161' title='bbox 1067 2302 1136 2353; x_wconf 90' lang='lat' dir='ltr'><strong>sunt</strong></span> <span class='ocrx_word' id='word_1_162' title='bbox 1158 2295 1260 2354; x_wconf 87' lang='lat' dir='ltr'><strong>moris.</strong></span> <span class='ocrx_word' id='word_1_163' title='bbox 1305 2292 1455 2363; x_wconf 85' lang='lat' dir='ltr'><strong>Quaedam</strong></span> <span class='ocrx_word' id='word_1_164' title='bbox 1529 2346 1537 2354; x_wconf 94' lang='lat'><strong>.</strong></span> 
     </span>
     <span class='ocr_line' id='line_1_20' title="bbox 160 2392 1455 2476; baseline -0.002 -20"><span class='ocrx_word' id='word_1_165' title='bbox 160 2397 239 2457; x_wconf 90' lang='lat' dir='ltr'><strong>enim</strong></span> <span class='ocrx_word' id='word_1_166' title='bbox 263 2398 292 2456; x_wconf 95' lang='lat' dir='ltr'><strong>in</strong></span> <span class='ocrx_word' id='word_1_167' title='bbox 317 2415 352 2456; x_wconf 91' lang='lat' dir='ltr'><strong>us</strong></span> <span class='ocrx_word' id='word_1_168' title='bbox 374 2395 517 2476; x_wconf 81' lang='lat' dir='ltr'><strong>syllabam</strong></span> <span class='ocrx_word' id='word_1_169' title='bbox 541 2395 694 2464; x_wconf 85' lang='lat' dir='ltr'><strong>desinunt,</strong></span> <span class='ocrx_word' id='word_1_170' title='bbox 718 2404 751 2454; x_wconf 90' lang='lat' dir='ltr'><strong>ut</strong></span> <span class='ocrx_word' id='word_1_171' title='bbox 772 2392 809 2454; x_wconf 91' lang='lat' dir='ltr'><strong>de</strong></span> <span class='ocrx_word' id='word_1_172' title='bbox 834 2401 912 2454; x_wconf 90' lang='lat' dir='ltr'><strong>terra</strong></span> <span class='ocrx_word' id='word_1_173' title='bbox 936 2402 1082 2463; x_wconf 89' lang='lat' dir='ltr'><strong>terrenus,</strong></span> <span class='ocrx_word' id='word_1_174' title='bbox 1106 2394 1142 2454; x_wconf 93' lang='lat' dir='ltr'><strong>de</strong></span> <span class='ocrx_word' id='word_1_175' title='bbox 1165 2403 1266 2455; x_wconf 87' lang='lat' dir='ltr'><strong>monte</strong></span> <span class='ocrx_word' id='word_1_176' title='bbox 1289 2403 1455 2462; x_wconf 77' lang='lat' dir='ltr'><strong>montaum,</strong></span> 
     </span>
     <span class='ocr_line' id='line_1_21' title="bbox 118 2494 1458 2576; baseline -0.001 -22"><span class='ocrx_word' id='word_1_177' title='bbox 118 2497 306 2576; x_wconf 84' lang='lat' dir='ltr'><strong>soqnaedam</strong></span> <span class='ocrx_word' id='word_1_178' title='bbox 334 2499 364 2558; x_wconf 91' lang='lat' dir='ltr'><strong>io</strong></span> <span class='ocrx_word' id='word_1_179' title='bbox 392 2516 444 2558; x_wconf 90' lang='lat' dir='ltr'><strong>cus</strong></span> <span class='ocrx_word' id='word_1_180' title='bbox 472 2500 614 2566; x_wconf 83' lang='lat' dir='ltr'><strong>maxime,</strong></span> <span class='ocrx_word' id='word_1_181' title='bbox 643 2514 719 2575; x_wconf 89' lang='lat' dir='ltr'><strong>quae</strong></span> <span class='ocrx_word' id='word_1_182' title='bbox 747 2494 784 2555; x_wconf 93' lang='lat' dir='ltr'><strong>de</strong></span> <span class='ocrx_word' id='word_1_183' title='bbox 812 2495 982 2575; x_wconf 85' lang='lat' dir='ltr'><strong>regionibus</strong></span> <span class='ocrx_word' id='word_1_184' title='bbox 1010 2504 1037 2555; x_wconf 93' lang='lat' dir='ltr'><strong>et</strong></span> <span class='ocrx_word' id='word_1_185' title='bbox 1065 2494 1203 2573; x_wconf 87' lang='lat' dir='ltr'><strong>gentibus</strong></span> <span class='ocrx_word' id='word_1_186' title='bbox 1230 2494 1399 2558; x_wconf 92' lang='lat' dir='ltr'><strong>diriuaotur</strong></span> <span class='ocrx_word' id='word_1_187' title='bbox 1428 2502 1458 2554; x_wconf 90' lang='lat' dir='ltr'><strong>et</strong></span> 
     </span>
     <span class='ocr_line' id='line_1_22' title="bbox 159 2595 1455 2674; baseline -0.004 -12"><span class='ocrx_word' id='word_1_188' title='bbox 159 2602 264 2670; x_wconf 85' lang='lat' dir='ltr'><strong>sactis,</strong></span> <span class='ocrx_word' id='word_1_189' title='bbox 287 2608 320 2660; x_wconf 90' lang='lat' dir='ltr'><strong>ut</strong></span> <span class='ocrx_word' id='word_1_190' title='bbox 341 2598 549 2660; x_wconf 85' lang='lat' dir='ltr'><strong>Macedonicus</strong></span> <span class='ocrx_word' id='word_1_191' title='bbox 571 2599 753 2660; x_wconf 88' lang='lat' dir='ltr'><strong>Sarmaticus</strong></span> <span class='ocrx_word' id='word_1_192' title='bbox 775 2598 969 2660; x_wconf 85' lang='lat' dir='ltr'><strong>Germanicus</strong></span> <span class='ocrx_word' id='word_1_193' title='bbox 989 2598 1209 2674; x_wconf 87' lang='lat' dir='ltr'><strong>grammaticus.</strong></span> <span class='ocrx_word' id='word_1_194' title='bbox 1253 2595 1404 2667; x_wconf 83' lang='lat' dir='ltr'><strong>Quaedam</strong></span> <span class='ocrx_word' id='word_1_195' title='bbox 1424 2598 1455 2657; x_wconf 94' lang='lat' dir='ltr'><strong>in</strong></span> 
     </span>
    </p>
   </div>
   <div class='ocr_carea' id='block_1_3' title="bbox 160 2690 1454 2882">
    <p class='ocr_par' dir='ltr' id='par_1_9' title="bbox 160 2690 1454 2882">
     <span class='ocr_line' id='line_1_23' title="bbox 160 2690 1454 2776; baseline -0.003 -15"><span class='ocrx_word' id='word_1_196' title='bbox 160 2702 214 2770; x_wconf 88' lang='lat' dir='ltr'><strong>tis,</strong></span> <span class='ocrx_word' id='word_1_197' title='bbox 238 2709 272 2763; x_wconf 92' lang='lat' dir='ltr'><strong>ut</strong></span> <span class='ocrx_word' id='word_1_198' title='bbox 292 2699 441 2762; x_wconf 87' lang='lat' dir='ltr'><strong>caelestis.</strong></span> <span class='ocrx_word' id='word_1_199' title='bbox 486 2699 637 2770; x_wconf 81' lang='lat' dir='ltr'><strong>Quaedam</strong></span> <span class='ocrx_word' id='word_1_200' title='bbox 665 2703 695 2760; x_wconf 92' lang='lat' dir='ltr'><strong>in</strong></span> <span class='ocrx_word' id='word_1_201' title='bbox 724 2718 791 2769; x_wconf 86' lang='lat' dir='ltr'><strong>eus,</strong></span> <span class='ocrx_word' id='word_1_202' title='bbox 821 2706 853 2759; x_wconf 92' lang='lat' dir='ltr'><strong>ut</strong></span> <span class='ocrx_word' id='word_1_203' title='bbox 880 2701 994 2776; x_wconf 84' lang='lat' dir='ltr'><strong>igneus.</strong></span> <span class='ocrx_word' id='word_1_204' title='bbox 1038 2690 1188 2766; x_wconf 86' lang='lat' dir='ltr'><strong>Quaedam</strong></span> <span class='ocrx_word' id='word_1_205' title='bbox 1210 2700 1240 2759; x_wconf 94' lang='lat' dir='ltr'><strong>in</strong></span> <span class='ocrx_word' id='word_1_206' title='bbox 1264 2699 1323 2767; x_wconf 87' lang='lat' dir='ltr'><strong>ius,</strong></span> <span class='ocrx_word' id='word_1_207' title='bbox 1346 2705 1379 2758; x_wconf 86' lang='lat' dir='ltr'><strong>ut</strong></span> <span class='ocrx_word' id='word_1_208' title='bbox 1399 2701 1454 2759; x_wconf 79' lang='lat' dir='ltr'><strong>Ae-</strong></span> 
     </span>
     <span class='ocr_line' id='line_1_24' title="bbox 160 2800 980 2882; baseline -0.005 -19"><span class='ocrx_word' id='word_1_209' title='bbox 160 2803 287 2882; x_wconf 77' lang='lat' dir='ltr'><strong>gyptius.</strong></span> <span class='ocrx_word' id='word_1_210' title='bbox 331 2801 481 2872; x_wconf 88' lang='lat' dir='ltr'><strong>Quaedam</strong></span> <span class='ocrx_word' id='word_1_211' title='bbox 505 2803 535 2861; x_wconf 93' lang='lat' dir='ltr'><strong>in</strong></span> <span class='ocrx_word' id='word_1_212' title='bbox 559 2801 609 2870; x_wconf 90' lang='lat' dir='ltr'><strong>lis,</strong></span> <span class='ocrx_word' id='word_1_213' title='bbox 634 2810 666 2862; x_wconf 92' lang='lat' dir='ltr'><strong>ut</strong></span> <span class='ocrx_word' id='word_1_214' title='bbox 688 2801 815 2862; x_wconf 85' lang='lat' dir='ltr'><strong>carnalis</strong></span> <span class='ocrx_word' id='word_1_215' title='bbox 836 2800 980 2861; x_wconf 85' lang='lat' dir='ltr'><strong>animalis.</strong></span> 
     </span>
    </p>
   </div>
   <div class='ocr_carea' id='block_1_4' title="bbox 119 2917 1488 3407">
    <p class='ocr_par' dir='ltr' id='par_1_10' title="bbox 121 2917 1457 3202">
     <span class='ocr_line' id='line_1_25' title="bbox 239 2917 1457 3002; baseline 0 -22"><span class='ocrx_word' id='word_1_216' title='bbox 239 2917 287 3001; x_wconf 75' lang='lat' dir='ltr'><strong>lli.</strong></span> <span class='ocrx_word' id='word_1_217' title='bbox 305 2918 361 2981; x_wconf 88' lang='lat'><strong>11·</strong></span> <span class='ocrx_word' id='word_1_218' title='bbox 384 2917 395 3002; x_wconf 80' lang='grc' dir='ltr'><strong>ΙΙ</strong></span> <span class='ocrx_word' id='word_1_219' title='bbox 425 2919 528 2979; x_wconf 88' lang='lat' dir='ltr'><strong>Vtrum</strong></span> <span class='ocrx_word' id='word_1_220' title='bbox 557 2918 720 2981; x_wconf 88' lang='lat' dir='ltr'><strong>obseruant</strong></span> <span class='ocrx_word' id='word_1_221' title='bbox 751 2919 926 2979; x_wconf 89' lang='lat' dir='ltr'><strong>diminutiua</strong></span> <span class='ocrx_word' id='word_1_222' title='bbox 958 2936 1067 2997; x_wconf 87' lang='lat' dir='ltr'><strong>genera</strong></span> <span class='ocrx_word' id='word_1_223' title='bbox 1101 2921 1269 2988; x_wconf 90' lang='lat' dir='ltr'><strong>nominum,</strong></span> <span class='ocrx_word' id='word_1_224' title='bbox 1305 2939 1320 2980; x_wconf 93' lang='lat' dir='ltr'><strong>a</strong></span> <span class='ocrx_word' id='word_1_225' title='bbox 1350 2919 1457 2998; x_wconf 91' lang='lat' dir='ltr'><strong>quibus</strong></span> 
     </span>
     <span class='ocr_line' id='line_1_26' title="bbox 121 3019 1454 3101; baseline 0.002 -22"><span class='ocrx_word' id='word_1_226' title='bbox 121 3023 345 3084; x_wconf 76' lang='lat' dir='ltr'><strong>renascuntur?</strong></span> <span class='ocrx_word' id='word_1_227' title='bbox 388 3020 552 3101; x_wconf 77' lang='lat' dir='ltr'><strong>Aliquando</strong></span> <span class='ocrx_word' id='word_1_228' title='bbox 588 3020 765 3096; x_wconf 85' lang='lat' dir='ltr'><strong>obseruant‚</strong></span> <span class='ocrx_word' id='word_1_229' title='bbox 800 3019 957 3099; x_wconf 89' lang='lat' dir='ltr'><strong>aliquando</strong></span> <span class='ocrx_word' id='word_1_230' title='bbox 990 3038 1064 3091; x_wconf 93' lang='lat' dir='ltr'><strong>non,</strong></span> <span class='ocrx_word' id='word_1_231' title='bbox 1100 3029 1132 3080; x_wconf 88' lang='lat' dir='ltr'><strong>ut</strong></span> <span class='ocrx_word' id='word_1_232' title='bbox 1155 3020 1336 3099; x_wconf 79' lang='lat' dir='ltr'><strong>Virgilius</strong></span> <span class='ocrx_word' id='word_1_233' title='bbox 1369 3020 1454 3081; x_wconf 87' lang='lat' dir='ltr'><strong>dicit:</strong></span> 
     </span>
     <span class='ocr_line' id='line_1_27' title="bbox 161 3120 1455 3202; baseline -0.001 -17"><span class='ocrx_word' id='word_1_234' title='bbox 161 3123 342 3185; x_wconf 88' lang='lat' dir='ltr'><strong>Diminutiua</strong></span> <span class='ocrx_word' id='word_1_235' title='bbox 366 3132 479 3192; x_wconf 88' lang='lat' dir='ltr'><strong>autern,</strong></span> <span class='ocrx_word' id='word_1_236' title='bbox 504 3125 639 3202; x_wconf 90' lang='lat' dir='ltr'><strong>quamuis</strong></span> <span class='ocrx_word' id='word_1_237' title='bbox 662 3124 777 3202; x_wconf 89' lang='lat' dir='ltr'><strong>etipsa</strong></span> <span class='ocrx_word' id='word_1_238' title='bbox 800 3121 952 3182; x_wconf 90' lang='lat' dir='ltr'><strong>inmobilia</strong></span> <span class='ocrx_word' id='word_1_239' title='bbox 975 3130 1058 3191; x_wconf 91' lang='lat' dir='ltr'><strong>sunt,</strong></span> <span class='ocrx_word' id='word_1_240' title='bbox 1083 3120 1200 3202; x_wconf 87' lang='lat' dir='ltr'><strong>quando</strong></span> <span class='ocrx_word' id='word_1_241' title='bbox 1220 3121 1310 3183; x_wconf 92' lang='lat' dir='ltr'><strong>nullis</strong></span> <span class='ocrx_word' id='word_1_242' title='bbox 1324 3123 1455 3184; x_wconf 86' lang='lat' dir='ltr'><strong>adiciun-</strong></span> 
     </span>
    </p>

    <p class='ocr_par' dir='ltr' id='par_1_11' title="bbox 119 3223 1488 3407">
     <span class='ocr_line' id='line_1_28' title="bbox 119 3223 1454 3304; baseline -0.002 -17"><span class='ocrx_word' id='word_1_243' title='bbox 119 3223 124 3234; x_wconf 91' lang='lat'>&#39;</span> <span class='ocrx_word' id='word_1_244' title='bbox 160 3232 219 3295; x_wconf 87' lang='lat' dir='ltr'><strong>tur,</strong></span> <span class='ocrx_word' id='word_1_245' title='bbox 249 3225 287 3286; x_wconf 94' lang='lat' dir='ltr'><strong>ab</strong></span> <span class='ocrx_word' id='word_1_246' title='bbox 310 3225 355 3286; x_wconf 91' lang='lat' dir='ltr'><strong>bis</strong></span> <span class='ocrx_word' id='word_1_247' title='bbox 378 3234 476 3286; x_wconf 84' lang='lat' dir='ltr'><strong>tamen</strong></span> <span class='ocrx_word' id='word_1_248' title='bbox 499 3223 682 3292; x_wconf 90' lang='lat' dir='ltr'><strong>nominibus.</strong></span> <span class='ocrx_word' id='word_1_249' title='bbox 714 3224 823 3304; x_wconf 91' lang='lat' dir='ltr'><strong>quibus</strong></span> <span class='ocrx_word' id='word_1_250' title='bbox 850 3223 988 3294; x_wconf 89' lang='lat' dir='ltr'><strong>haerent,</strong></span> <span class='ocrx_word' id='word_1_251' title='bbox 1017 3241 1107 3303; x_wconf 89' lang='lat' dir='ltr'><strong>saepe</strong></span> <span class='ocrx_word' id='word_1_252' title='bbox 1136 3240 1248 3301; x_wconf 87' lang='lat' dir='ltr'><strong>genere</strong></span> <span class='ocrx_word' id='word_1_253' title='bbox 1276 3224 1454 3302; x_wconf 90' lang='lat' dir='ltr'><strong>discrepant.</strong></span> 
     </span>
     <span class='ocr_line' id='line_1_29' title="bbox 160 3323 1488 3407; baseline -0.003 -19"><span class='ocrx_word' id='word_1_254' title='bbox 160 3326 389 3407; x_wconf 88' lang='lat' dir='ltr'><strong>Nonnumquam</strong></span> <span class='ocrx_word' id='word_1_255' title='bbox 413 3335 511 3387; x_wconf 74' lang='lat' dir='ltr'><strong>mnaso</strong></span> <span class='ocrx_word' id='word_1_256' title='bbox 535 3325 729 3387; x_wconf 84' lang='lat' dir='ltr'><strong>concordant.</strong></span> <span class='ocrx_word' id='word_1_257' title='bbox 773 3325 852 3387; x_wconf 81' lang='lat' dir='ltr'><strong>ilicis</strong></span> <span class='ocrx_word' id='word_1_258' title='bbox 875 3327 953 3385; x_wconf 91' lang='lat' dir='ltr'><strong>enim</strong></span> <span class='ocrx_word' id='word_1_259' title='bbox 983 3323 1150 3395; x_wconf 74' lang='lat' dir='ltr'><strong>‘taberna’,</strong></span> <span class='ocrx_word' id='word_1_260' title='bbox 1182 3345 1215 3386; x_wconf 85' lang='lat' dir='ltr'><strong>ex</strong></span> <span class='ocrx_word' id='word_1_261' title='bbox 1244 3343 1301 3404; x_wconf 91' lang='lat' dir='ltr'><strong>qua</strong></span> <span class='ocrx_word' id='word_1_262' title='bbox 1330 3325 1456 3386; x_wconf 91' lang='lat' dir='ltr'><strong>diminu·</strong></span> <span class='ocrx_word' id='word_1_263' title='bbox 1485 3378 1488 3384; x_wconf 93' lang='lat'><strong>.</strong></span> 
     </span>
    </p>
   </div>
   <div class='ocr_carea' id='block_1_5' title="bbox 160 3498 395 3506">
    <p class='ocr_par' dir='ltr' id='par_1_12' title="bbox 160 3498 395 3506">
     <span class='ocr_line' id='line_1_30' title="bbox 160 3498 395 3506; baseline 0.004 -1"><span class='ocrx_word' id='word_1_264' title='bbox 160 3498 395 3506; x_wconf 77' lang='lat'><strong>———</strong></span> 
     </span>
    </p>
   </div>
   <div class='ocr_carea' id='block_1_6' title="bbox 103 3613 1457 4696">
    <p class='ocr_par' dir='ltr' id='par_1_13' title="bbox 230 3613 1454 3679">
     <span class='ocr_line' id='line_1_31' title="bbox 230 3613 1454 3679; baseline 0.001 -16"><span class='ocrx_word' id='word_1_265' title='bbox 230 3616 243 3663; x_wconf 93' lang='lat'>1</span> <span class='ocrx_word' id='word_1_266' title='bbox 263 3613 311 3662; x_wconf 87' lang='lat' dir='ltr'><strong>bac</strong></span> <span class='ocrx_word' id='word_1_267' title='bbox 329 3630 346 3678; x_wconf 87' lang='lat' dir='ltr'><strong>g</strong></span> <span class='ocrx_word' id='word_1_268' title='bbox 364 3615 470 3672; x_wconf 83' lang='lat' dir='ltr'><strong>tatione,</strong></span> <span class='ocrx_word' id='word_1_269' title='bbox 490 3630 560 3665; x_wconf 86' lang='lat' dir='ltr'><strong>corr.</strong></span> <span class='ocrx_word' id='word_1_270' title='bbox 579 3630 626 3679; x_wconf 91' lang='lat' dir='ltr'><strong>pro</strong></span> <span class='ocrx_word' id='word_1_271' title='bbox 645 3613 692 3663; x_wconf 88' lang='lat' dir='ltr'><strong>bac</strong></span> <span class='ocrx_word' id='word_1_272' title='bbox 711 3629 772 3679; x_wconf 88' lang='lat' dir='ltr'><strong>ergo</strong></span> <span class='ocrx_word' id='word_1_273' title='bbox 790 3630 811 3665; x_wconf 89' lang='lat' dir='ltr'><strong>r.</strong></span> <span class='ocrx_word' id='word_1_274' title='bbox 828 3629 860 3666; x_wconf 82' lang='lat' dir='ltr'><strong>aa.</strong></span> <span class='ocrx_word' id='word_1_275' title='bbox 878 3613 913 3663; x_wconf 89' lang='lat' dir='ltr'><strong>Il</strong></span> <span class='ocrx_word' id='word_1_276' title='bbox 981 3616 996 3662; x_wconf 80' lang='lat'>2</span> <span class='ocrx_word' id='word_1_277' title='bbox 1016 3627 1061 3660; x_wconf 90' lang='lat' dir='ltr'><strong>nec</strong></span> <span class='ocrx_word' id='word_1_278' title='bbox 1078 3615 1169 3674; x_wconf 55' lang='lat' dir='ltr'><strong>sucina,</strong></span> <span class='ocrx_word' id='word_1_279' title='bbox 1193 3628 1207 3662; x_wconf 89' lang='lat' dir='ltr'><strong>a</strong></span> <span class='ocrx_word' id='word_1_280' title='bbox 1226 3628 1299 3679; x_wconf 83' lang='lat' dir='ltr'><strong>rege,</strong></span> <span class='ocrx_word' id='word_1_281' title='bbox 1321 3629 1454 3678; x_wconf 80' lang='lat' dir='ltr'><strong>suprascr.</strong></span> 
     </span>
    </p>

    <p class='ocr_par' dir='ltr' id='par_1_14' title="bbox 103 3680 1457 4696">
     <span class='ocr_line' id='line_1_32' title="bbox 103 3680 1454 3746; baseline 0.001 -17"><span class='ocrx_word' id='word_1_282' title='bbox 103 3692 107 3697; x_wconf 85' lang='lat'><em>·</em></span> <span class='ocrx_word' id='word_1_283' title='bbox 161 3682 271 3746; x_wconf 89' lang='lat' dir='ltr'><strong>armiger</strong></span> <span class='ocrx_word' id='word_1_284' title='bbox 288 3683 427 3730; x_wconf 86' lang='lat' dir='ltr'><strong>secernitur</strong></span> <span class='ocrx_word' id='word_1_285' title='bbox 444 3699 472 3730; x_wconf 86' lang='lat' dir='ltr'><strong>m.</strong></span> <span class='ocrx_word' id='word_1_286' title='bbox 495 3682 528 3730; x_wconf 93' lang='lat' dir='ltr'><strong>II</strong></span> <span class='ocrx_word' id='word_1_287' title='bbox 614 3685 718 3744; x_wconf 86' lang='lat' dir='ltr'><strong>3quae</strong></span> <span class='ocrx_word' id='word_1_288' title='bbox 786 3682 863 3745; x_wconf 88' lang='lat' dir='ltr'><strong>quid,</strong></span> <span class='ocrx_word' id='word_1_289' title='bbox 890 3697 959 3737; x_wconf 85' lang='lat' dir='ltr'><strong>corr.</strong></span> <span class='ocrx_word' id='word_1_290' title='bbox 978 3680 1099 3743; x_wconf 88' lang='lat' dir='ltr'><strong>quicquid</strong></span> <span class='ocrx_word' id='word_1_291' title='bbox 1121 3696 1151 3728; x_wconf 87' lang='lat' dir='ltr'><strong>m.</strong></span> <span class='ocrx_word' id='word_1_292' title='bbox 1171 3680 1205 3729; x_wconf 92' lang='lat' dir='ltr'><strong>II</strong></span> <span class='ocrx_word' id='word_1_293' title='bbox 1273 3681 1454 3745; x_wconf 83' lang='lat' dir='ltr'><strong>amminucnlo‚</strong></span> 
     </span>
     <span class='ocr_line' id='line_1_33' title="bbox 160 3747 1453 3814; baseline 0.001 -16"><span class='ocrx_word' id='word_1_294' title='bbox 160 3764 293 3814; x_wconf 79' lang='lat' dir='ltr'><strong>suprascr.</strong></span> <span class='ocrx_word' id='word_1_295' title='bbox 311 3749 438 3799; x_wconf 90' lang='lat' dir='ltr'><strong>adiutorio</strong></span> <span class='ocrx_word' id='word_1_296' title='bbox 457 3766 487 3799; x_wconf 86' lang='lat' dir='ltr'><strong>m.</strong></span> <span class='ocrx_word' id='word_1_297' title='bbox 507 3750 541 3799; x_wconf 92' lang='grc' dir='ltr'><strong>ΙΙ</strong></span> <span class='ocrx_word' id='word_1_298' title='bbox 608 3748 722 3808; x_wconf 88' lang='lat' dir='ltr'><strong>iuilrma,</strong></span> <span class='ocrx_word' id='word_1_299' title='bbox 747 3764 879 3813; x_wconf 75' lang='lat' dir='ltr'><strong>suprascr.</strong></span> <span class='ocrx_word' id='word_1_300' title='bbox 901 3764 952 3797; x_wconf 91' lang='lat' dir='ltr'><strong>non</strong></span> <span class='ocrx_word' id='word_1_301' title='bbox 975 3748 1122 3798; x_wconf 77' lang='lat' dir='ltr'><strong>stabiliam.</strong></span> <span class='ocrx_word' id='word_1_302' title='bbox 1141 3748 1175 3797; x_wconf 86' lang='grc' dir='ltr'><strong>ΙΙ</strong></span> <span class='ocrx_word' id='word_1_303' title='bbox 1278 3747 1453 3814; x_wconf 83' lang='lat' dir='ltr'><strong>5Vergilins]</strong></span> 
     </span>
     <span class='ocr_line' id='line_1_34' title="bbox 159 3816 1456 3883; baseline 0.001 -17"><span class='ocrx_word' id='word_1_304' title='bbox 159 3833 188 3881; x_wconf 90' lang='lat' dir='ltr'><strong>p.</strong></span> <span class='ocrx_word' id='word_1_305' title='bbox 207 3819 260 3867; x_wconf 76' lang='lat'><strong>132</strong></span> <span class='ocrx_word' id='word_1_306' title='bbox 277 3817 346 3867; x_wconf 83' lang='lat' dir='ltr'><strong>Mai:</strong></span> <span class='ocrx_word' id='word_1_307' title='bbox 365 3816 401 3865; x_wconf 84' lang='lat' dir='ltr'><strong>De</strong></span> <span class='ocrx_word' id='word_1_308' title='bbox 420 3819 522 3867; x_wconf 88' lang='lat' dir='ltr'><strong>nomine</strong></span> <span class='ocrx_word' id='word_1_309' title='bbox 541 3818 692 3866; x_wconf 85' lang='lat' dir='ltr'><strong>breuiariam</strong></span> <span class='ocrx_word' id='word_1_310' title='bbox 711 3818 849 3883; x_wconf 77' lang='lat' dir='ltr'><strong>episomam</strong></span> <span class='ocrx_word' id='word_1_311' title='bbox 867 3818 982 3866; x_wconf 81' lang='lat' dir='ltr'><strong>editurus</strong></span> <span class='ocrx_word' id='word_1_312' title='bbox 1001 3830 1120 3881; x_wconf 82' lang='lat' dir='ltr'><strong>rerogate</strong></span> <span class='ocrx_word' id='word_1_313' title='bbox 1138 3818 1209 3881; x_wconf 85' lang='lat' dir='ltr'><strong>prius</strong></span> <span class='ocrx_word' id='word_1_314' title='bbox 1228 3816 1309 3866; x_wconf 85' lang='lat' dir='ltr'><strong>debeo</strong></span> <span class='ocrx_word' id='word_1_315' title='bbox 1326 3819 1456 3880; x_wconf 86' lang='lat' dir='ltr'><strong>querimo-</strong></span> 
     </span>
     <span class='ocr_line' id='line_1_35' title="bbox 162 3883 1455 3950; baseline 0.002 -17"><span class='ocrx_word' id='word_1_316' title='bbox 162 3885 280 3934; x_wconf 82' lang='lat' dir='ltr'><strong>nautibns</strong></span> <span class='ocrx_word' id='word_1_317' title='bbox 304 3899 354 3946; x_wconf 83' lang='lat' dir='ltr'><strong>qun</strong></span> <span class='ocrx_word' id='word_1_318' title='bbox 375 3885 408 3933; x_wconf 87' lang='lat' dir='ltr'><strong>de</strong></span> <span class='ocrx_word' id='word_1_319' title='bbox 430 3900 507 3934; x_wconf 76' lang='lat' dir='ltr'><strong>cerasa</strong></span> <span class='ocrx_word' id='word_1_320' title='bbox 531 3899 623 3934; x_wconf 89' lang='lat' dir='ltr'><strong>nomen</strong></span> <span class='ocrx_word' id='word_1_321' title='bbox 642 3886 760 3935; x_wconf 81' lang='lat' dir='ltr'><strong>omuibus</strong></span> <span class='ocrx_word' id='word_1_322' title='bbox 778 3885 893 3950; x_wconf 84' lang='lat' dir='ltr'><strong>partibus</strong></span> <span class='ocrx_word' id='word_1_323' title='bbox 912 3885 1043 3934; x_wconf 83' lang='lat' dir='ltr'><strong>latinitatis</strong></span> <span class='ocrx_word' id='word_1_324' title='bbox 1061 3884 1201 3949; x_wconf 87' lang='lat' dir='ltr'><strong>praelatum</strong></span> <span class='ocrx_word' id='word_1_325' title='bbox 1220 3887 1263 3935; x_wconf 78' lang='lat' dir='ltr'><strong>sit.</strong></span> <span class='ocrx_word' id='word_1_326' title='bbox 1299 3883 1395 3936; x_wconf 87' lang='lat' dir='ltr'><strong>Nomen</strong></span> <span class='ocrx_word' id='word_1_327' title='bbox 1415 3902 1455 3935; x_wconf 90' lang='lat' dir='ltr'><strong>se·</strong></span> 
     </span>
     <span class='ocr_line' id='line_1_36' title="bbox 161 3950 1457 4018; baseline 0.001 -17"><span class='ocrx_word' id='word_1_328' title='bbox 161 3950 272 4001; x_wconf 83' lang='lat' dir='ltr'><strong>eundum</strong></span> <span class='ocrx_word' id='word_1_329' title='bbox 290 3966 395 4002; x_wconf 85' lang='lat' dir='ltr'><strong>sertsum</strong></span> <span class='ocrx_word' id='word_1_330' title='bbox 412 3960 461 4005; x_wconf 86' lang='lat' dir='ltr'><strong>etc.</strong></span> <span class='ocrx_word' id='word_1_331' title='bbox 480 3952 548 4002; x_wconf 85' lang='lat' dir='ltr'><strong>Maii</strong></span> <span class='ocrx_word' id='word_1_332' title='bbox 564 3960 689 4018; x_wconf 67' lang='lat' dir='ltr'><strong>excerpta</strong></span> <span class='ocrx_word' id='word_1_333' title='bbox 794 3955 809 4002; x_wconf 83' lang='grc'><strong>7</strong></span> <span class='ocrx_word' id='word_1_334' title='bbox 831 3950 1003 4017; x_wconf 79' lang='lat' dir='ltr'><strong>existimetur]</strong></span> <span class='ocrx_word' id='word_1_335' title='bbox 1027 3955 1144 4018; x_wconf 69' lang='lat' dir='ltr'><strong>estiatur,</strong></span> <span class='ocrx_word' id='word_1_336' title='bbox 1170 3968 1302 4017; x_wconf 85' lang='lat' dir='ltr'><strong>suprascr.</strong></span> <span class='ocrx_word' id='word_1_337' title='bbox 1322 3955 1356 4002; x_wconf 87' lang='lat' dir='ltr'><strong>sit</strong></span> <span class='ocrx_word' id='word_1_338' title='bbox 1372 3970 1402 4003; x_wconf 86' lang='lat' dir='ltr'><strong>m.</strong></span> <span class='ocrx_word' id='word_1_339' title='bbox 1422 3953 1457 4002; x_wconf 89' lang='lat' dir='ltr'><strong>II</strong></span> 
     </span>
     <span class='ocr_line' id='line_1_37' title="bbox 161 4019 1456 4086; baseline -0.002 -15"><span class='ocrx_word' id='word_1_340' title='bbox 161 4019 335 4071; x_wconf 84' lang='lat' dir='ltr'><strong>8secundum</strong></span> <span class='ocrx_word' id='word_1_341' title='bbox 354 4035 455 4070; x_wconf 88' lang='lat' dir='ltr'><strong>sensum</strong></span> <span class='ocrx_word' id='word_1_342' title='bbox 476 4021 563 4070; x_wconf 85' lang='lat' dir='ltr'><strong>Maius</strong></span> <span class='ocrx_word' id='word_1_343' title='bbox 613 4021 791 4086; x_wconf 85' lang='lat' dir='ltr'><strong>apellationem</strong></span> <span class='ocrx_word' id='word_1_344' title='bbox 844 4021 954 4071; x_wconf 74' lang='lat' dir='ltr'><strong>lilromo</strong></span> <span class='ocrx_word' id='word_1_345' title='bbox 973 4038 1057 4086; x_wconf 75' lang='lat' dir='ltr'><strong>cuam,</strong></span> <span class='ocrx_word' id='word_1_346' title='bbox 1074 4022 1192 4084; x_wconf 87' lang='lat' dir='ltr'><strong>suppleus&#39;</strong></span> <span class='ocrx_word' id='word_1_347' title='bbox 1208 4037 1243 4070; x_wconf 77' lang='lat' dir='ltr'><strong>ea</strong></span> <span class='ocrx_word' id='word_1_348' title='bbox 1261 4021 1333 4072; x_wconf 82' lang='lat' dir='ltr'><strong>Maio</strong></span> <span class='ocrx_word' id='word_1_349' title='bbox 1385 4032 1456 4070; x_wconf 89' lang='lat' dir='ltr'><strong>ante-</strong></span> 
     </span>
     <span class='ocr_line' id='line_1_38' title="bbox 161 4086 1455 4152; baseline 0 -16"><span class='ocrx_word' id='word_1_350' title='bbox 161 4102 239 4148; x_wconf 86' lang='lat' dir='ltr'><strong>quam</strong></span> <span class='ocrx_word' id='word_1_351' title='bbox 257 4086 344 4138; x_wconf 80' lang='lat' dir='ltr'><strong>Maius</strong></span> <span class='ocrx_word' id='word_1_352' title='bbox 411 4088 450 4137; x_wconf 92' lang='lat' dir='ltr'><strong>uel</strong></span> <span class='ocrx_word' id='word_1_353' title='bbox 469 4089 551 4138; x_wconf 87' lang='lat' dir='ltr'><strong>discat</strong></span> <span class='ocrx_word' id='word_1_354' title='bbox 568 4088 607 4137; x_wconf 89' lang='lat' dir='ltr'><strong>uel</strong></span> <span class='ocrx_word' id='word_1_355' title='bbox 626 4090 691 4138; x_wconf 83' lang='lat' dir='ltr'><strong>sciat</strong></span> <span class='ocrx_word' id='word_1_356' title='bbox 708 4105 754 4140; x_wconf 86' lang='lat' dir='ltr'><strong>ora.</strong></span> <span class='ocrx_word' id='word_1_357' title='bbox 772 4087 859 4139; x_wconf 86' lang='lat' dir='ltr'><strong>Maius</strong></span> <span class='ocrx_word' id='word_1_358' title='bbox 936 4091 968 4140; x_wconf 90' lang='lat'><strong>10</strong></span> <span class='ocrx_word' id='word_1_359' title='bbox 985 4090 1105 4139; x_wconf 85' lang='lat' dir='ltr'><strong>indicitur</strong></span> <span class='ocrx_word' id='word_1_360' title='bbox 1157 4088 1264 4137; x_wconf 83' lang='lat' dir='ltr'><strong>inditur:</strong></span> <span class='ocrx_word' id='word_1_361' title='bbox 1284 4103 1374 4138; x_wconf 89' lang='lat' dir='ltr'><strong>nomen</strong></span> <span class='ocrx_word' id='word_1_362' title='bbox 1394 4105 1455 4152; x_wconf 83' lang='lat' dir='ltr'><strong>ergo</strong></span> 
     </span>
     <span class='ocr_line' id='line_1_39' title="bbox 161 4153 1456 4222; baseline 0 -17"><span class='ocrx_word' id='word_1_363' title='bbox 161 4153 248 4205; x_wconf 84' lang='lat' dir='ltr'><strong>Maius</strong></span> <span class='ocrx_word' id='word_1_364' title='bbox 298 4153 388 4219; x_wconf 86' lang='lat' dir='ltr'><strong>qnare]</strong></span> <span class='ocrx_word' id='word_1_365' title='bbox 412 4156 492 4206; x_wconf 84' lang='lat' dir='ltr'><strong>Vnum</strong></span> <span class='ocrx_word' id='word_1_366' title='bbox 509 4155 654 4206; x_wconf 85' lang='lat' dir='ltr'><strong>uocabulum</strong></span> <span class='ocrx_word' id='word_1_367' title='bbox 671 4158 783 4220; x_wconf 79' lang='lat' dir='ltr'><strong>euanuit,</strong></span> <span class='ocrx_word' id='word_1_368' title='bbox 802 4158 872 4221; x_wconf 81' lang='lat' dir='ltr'><strong>quod</strong></span> <span class='ocrx_word' id='word_1_369' title='bbox 886 4157 1265 4220; x_wconf 80' lang='lat' dir='ltr'><strong>sccundumaeasumsuppleui.</strong></span> <span class='ocrx_word' id='word_1_370' title='bbox 1335 4158 1366 4205; x_wconf 93' lang='lat'><strong>11</strong></span> <span class='ocrx_word' id='word_1_371' title='bbox 1385 4158 1456 4222; x_wconf 87' lang='lat' dir='ltr'><strong>prin-</strong></span> 
     </span>
     <span class='ocr_line' id='line_1_40' title="bbox 161 4221 1455 4289; baseline 0.002 -19"><span class='ocrx_word' id='word_1_372' title='bbox 161 4221 252 4287; x_wconf 84' lang='lat' dir='ltr'><strong>cipalis</strong></span> <span class='ocrx_word' id='word_1_373' title='bbox 271 4236 331 4288; x_wconf 86' lang='lat' dir='ltr'><strong>pars</strong></span> <span class='ocrx_word' id='word_1_374' title='bbox 350 4223 481 4272; x_wconf 85' lang='lat' dir='ltr'><strong>latinitatis</strong></span> <span class='ocrx_word' id='word_1_375' title='bbox 500 4235 540 4273; x_wconf 89' lang='lat' dir='ltr'><strong>est</strong></span> <span class='ocrx_word' id='word_1_376' title='bbox 557 4224 644 4273; x_wconf 83' lang='lat' dir='ltr'><strong>Maius</strong></span> <span class='ocrx_word' id='word_1_377' title='bbox 746 4226 778 4274; x_wconf 77' lang='lat'><strong>12</strong></span> <span class='ocrx_word' id='word_1_378' title='bbox 795 4221 946 4289; x_wconf 81' lang='lat' dir='ltr'><strong>Pompeius]</strong></span> <span class='ocrx_word' id='word_1_379' title='bbox 967 4225 1042 4275; x_wconf 85' lang='lat' dir='ltr'><strong>Hune</strong></span> <span class='ocrx_word' id='word_1_380' title='bbox 1060 4228 1138 4275; x_wconf 79' lang='lat' dir='ltr'><strong>locarat</strong></span> <span class='ocrx_word' id='word_1_381' title='bbox 1156 4225 1227 4288; x_wconf 84' lang='lat' dir='ltr'><strong>apud</strong></span> <span class='ocrx_word' id='word_1_382' title='bbox 1243 4223 1388 4289; x_wconf 84' lang='lat' dir='ltr'><strong>Pompeium</strong></span> <span class='ocrx_word' id='word_1_383' title='bbox 1406 4240 1455 4274; x_wconf 83' lang='lat' dir='ltr'><strong>nora</strong></span> 
     </span>
     <span class='ocr_line' id='line_1_41' title="bbox 160 4289 1453 4357; baseline 0.001 -17"><span class='ocrx_word' id='word_1_384' title='bbox 160 4291 637 4356; x_wconf 67' lang='lat' dir='ltr'><strong>isoemc,sedrf.p.96,27.291i.</strong></span> <span class='ocrx_word' id='word_1_385' title='bbox 672 4292 802 4342; x_wconf 85' lang='lat' dir='ltr'><strong>Lacunam</strong></span> <span class='ocrx_word' id='word_1_386' title='bbox 818 4293 856 4342; x_wconf 86' lang='lat' dir='ltr'><strong>sic</strong></span> <span class='ocrx_word' id='word_1_387' title='bbox 873 4294 996 4357; x_wconf 67' lang='lat' dir='ltr'><strong>expleas.-</strong></span> <span class='ocrx_word' id='word_1_388' title='bbox 1014 4292 1186 4343; x_wconf 83' lang='lat' dir='ltr'><strong>dicit:omnis</strong></span> <span class='ocrx_word' id='word_1_389' title='bbox 1257 4293 1288 4342; x_wconf 89' lang='grc'><strong>13</strong></span> <span class='ocrx_word' id='word_1_390' title='bbox 1306 4289 1453 4356; x_wconf 87' lang='lat' dir='ltr'><strong>nisienim]</strong></span> 
     </span>
     <span class='ocr_line' id='line_1_42' title="bbox 161 4355 1455 4427; baseline 0.002 -21"><span class='ocrx_word' id='word_1_391' title='bbox 161 4357 195 4420; x_wconf 82' lang='lat' dir='ltr'><strong>es.</strong></span> <span class='ocrx_word' id='word_1_392' title='bbox 213 4372 259 4408; x_wconf 87' lang='lat' dir='ltr'><strong>ars</strong></span> <span class='ocrx_word' id='word_1_393' title='bbox 276 4372 400 4422; x_wconf 80' lang='lat' dir='ltr'><strong>aucupum</strong></span> <span class='ocrx_word' id='word_1_394' title='bbox 418 4357 498 4408; x_wconf 81' lang='lat' dir='ltr'><strong>Bera.</strong></span> <span class='ocrx_word' id='word_1_395' title='bbox 516 4376 543 4422; x_wconf 86' lang='lat' dir='ltr'><strong>p.</strong></span> <span class='ocrx_word' id='word_1_396' title='bbox 554 4361 597 4420; x_wconf 76' lang='lat'><strong>63,</strong></span> <span class='ocrx_word' id='word_1_397' title='bbox 610 4362 647 4409; x_wconf 78' lang='lat'><strong>33</strong></span> <span class='ocrx_word' id='word_1_398' title='bbox 699 4355 842 4427; x_wconf 81' lang='lat' dir='ltr'><strong>Vergilius]</strong></span> <span class='ocrx_word' id='word_1_399' title='bbox 862 4361 920 4410; x_wconf 84' lang='lat' dir='ltr'><strong>Non</strong></span> <span class='ocrx_word' id='word_1_400' title='bbox 937 4367 1011 4411; x_wconf 78' lang='lat' dir='ltr'><strong>catat</strong></span> <span class='ocrx_word' id='word_1_401' title='bbox 1027 4361 1100 4426; x_wconf 86' lang='lat' dir='ltr'><strong>apud</strong></span> <span class='ocrx_word' id='word_1_402' title='bbox 1115 4359 1221 4413; x_wconf 80' lang='lat' dir='ltr'><strong>Maium.</strong></span> <span class='ocrx_word' id='word_1_403' title='bbox 1291 4362 1324 4409; x_wconf 80' lang='lat'><strong>14</strong></span> <span class='ocrx_word' id='word_1_404' title='bbox 1341 4359 1455 4424; x_wconf 73' lang='lat' dir='ltr'><strong>quando]</strong></span> 
     </span>
     <span class='ocr_line' id='line_1_43' title="bbox 162 4423 1456 4493; baseline 0.002 -18"><span class='ocrx_word' id='word_1_405' title='bbox 162 4423 302 4490; x_wconf 80' lang='lat' dir='ltr'><strong>Supplsas:</strong></span> <span class='ocrx_word' id='word_1_406' title='bbox 322 4427 434 4475; x_wconf 78' lang='lat' dir='ltr'><strong>irascitur</strong></span> <span class='ocrx_word' id='word_1_407' title='bbox 516 4429 547 4477; x_wconf 84' lang='lat'><strong>15</strong></span> <span class='ocrx_word' id='word_1_408' title='bbox 564 4426 690 4491; x_wconf 74' lang='lat' dir='ltr'><strong>acllllltnm</strong></span> <span class='ocrx_word' id='word_1_409' title='bbox 760 4429 865 4493; x_wconf 90' lang='lat' dir='ltr'><strong>proprie</strong></span> <span class='ocrx_word' id='word_1_410' title='bbox 882 4427 931 4476; x_wconf 77' lang='lat' dir='ltr'><strong>lucc</strong></span> <span class='ocrx_word' id='word_1_411' title='bbox 948 4444 983 4478; x_wconf 76' lang='lat' dir='ltr'><strong>cx</strong></span> <span class='ocrx_word' id='word_1_412' title='bbox 1000 4432 1148 4479; x_wconf 66' lang='lat' dir='ltr'><strong>enumcrare</strong></span> <span class='ocrx_word' id='word_1_413' title='bbox 1165 4429 1239 4478; x_wconf 84' lang='lat' dir='ltr'><strong>dedi:</strong></span> <span class='ocrx_word' id='word_1_414' title='bbox 1258 4443 1315 4478; x_wconf 84' lang='lat' dir='ltr'><strong>uara</strong></span> <span class='ocrx_word' id='word_1_415' title='bbox 1331 4429 1381 4478; x_wconf 84' lang='lat' dir='ltr'><strong>duo</strong></span> <span class='ocrx_word' id='word_1_416' title='bbox 1397 4429 1456 4492; x_wconf 78' lang='lat' dir='ltr'><strong>sere</strong></span> 
     </span>
     <span class='ocr_line' id='line_1_44' title="bbox 161 4491 1455 4561; baseline 0 -17"><span class='ocrx_word' id='word_1_417' title='bbox 161 4491 465 4544; x_wconf 64' lang='lat' dir='ltr'><strong>muraenarum.</strong></span> <span class='ocrx_word' id='word_1_418' title='bbox 544 4494 577 4544; x_wconf 82' lang='grc'><strong>18</strong></span> <span class='ocrx_word' id='word_1_419' title='bbox 596 4492 735 4561; x_wconf 85' lang='lat' dir='ltr'><strong>Vergilius]</strong></span> <span class='ocrx_word' id='word_1_420' title='bbox 755 4512 780 4560; x_wconf 85' lang='lat' dir='ltr'><strong>p.</strong></span> <span class='ocrx_word' id='word_1_421' title='bbox 800 4497 854 4546; x_wconf 82' lang='lat'><strong>133</strong></span> <span class='ocrx_word' id='word_1_422' title='bbox 871 4496 930 4545; x_wconf 87' lang='lat' dir='ltr'><strong>Mai</strong></span> <span class='ocrx_word' id='word_1_423' title='bbox 995 4497 1075 4546; x_wconf 86' lang='lat' dir='ltr'><strong>moris</strong></span> <span class='ocrx_word' id='word_1_424' title='bbox 1097 4505 1158 4545; x_wconf 91' lang='lat' dir='ltr'><strong>sunt</strong></span> <span class='ocrx_word' id='word_1_425' title='bbox 1175 4496 1262 4546; x_wconf 88' lang='lat' dir='ltr'><strong>Maius</strong></span> <span class='ocrx_word' id='word_1_426' title='bbox 1330 4497 1455 4558; x_wconf 85' lang='lat' dir='ltr'><strong>quaedam</strong></span> 
     </span>
     <span class='ocr_line' id='line_1_45' title="bbox 165 4560 1456 4625; baseline 0.001 -14"><span class='ocrx_word' id='word_1_427' title='bbox 165 4584 192 4596; x_wconf 91' lang='lat'><strong>-·</strong></span> <span class='ocrx_word' id='word_1_428' title='bbox 212 4560 332 4611; x_wconf 83' lang='lat' dir='ltr'><strong>desinunt</strong></span> <span class='ocrx_word' id='word_1_429' title='bbox 349 4578 396 4612; x_wconf 86' lang='lat' dir='ltr'><strong>oar.</strong></span> <span class='ocrx_word' id='word_1_430' title='bbox 414 4563 501 4612; x_wconf 86' lang='lat' dir='ltr'><strong>Maius</strong></span> <span class='ocrx_word' id='word_1_431' title='bbox 573 4565 607 4615; x_wconf 81' lang='lat'><strong>20</strong></span> <span class='ocrx_word' id='word_1_432' title='bbox 624 4564 649 4612; x_wconf 92' lang='lat' dir='ltr'><strong>in</strong></span> <span class='ocrx_word' id='word_1_433' title='bbox 668 4578 713 4612; x_wconf 90' lang='lat' dir='ltr'><strong>cus</strong></span> <span class='ocrx_word' id='word_1_434' title='bbox 732 4564 844 4612; x_wconf 86' lang='lat' dir='ltr'><strong>maxime</strong></span> <span class='ocrx_word' id='word_1_435' title='bbox 861 4578 927 4625; x_wconf 89' lang='lat' dir='ltr'><strong>quae</strong></span> <span class='ocrx_word' id='word_1_436' title='bbox 945 4579 991 4614; x_wconf 86' lang='lat' dir='ltr'><strong>om.</strong></span> <span class='ocrx_word' id='word_1_437' title='bbox 1010 4565 1096 4615; x_wconf 84' lang='lat' dir='ltr'><strong>Maius</strong></span> <span class='ocrx_word' id='word_1_438' title='bbox 1182 4566 1213 4613; x_wconf 82' lang='lat' dir='ltr'><strong>at</strong></span> <span class='ocrx_word' id='word_1_439' title='bbox 1232 4563 1413 4614; x_wconf 85' lang='lat' dir='ltr'><strong>maclaaonieus</strong></span> <span class='ocrx_word' id='word_1_440' title='bbox 1431 4575 1456 4613; x_wconf 87' lang='lat' dir='ltr'><strong>et</strong></span> 
     </span>
     <span class='ocr_line' id='line_1_46' title="bbox 162 4628 1456 4696; baseline 0.003 -18"><span class='ocrx_word' id='word_1_441' title='bbox 162 4629 343 4695; x_wconf 82' lang='lat' dir='ltr'><strong>grammaticus</strong></span> <span class='ocrx_word' id='word_1_442' title='bbox 362 4629 449 4680; x_wconf 77' lang='lat' dir='ltr'><strong>Maius</strong></span> <span class='ocrx_word' id='word_1_443' title='bbox 551 4628 679 4687; x_wconf 87' lang='lat' dir='ltr'><strong>Quaedam</strong></span> <span class='ocrx_word' id='word_1_444' title='bbox 697 4653 731 4666; x_wconf 81' lang='lat'><em>-</em></span> <span class='ocrx_word' id='word_1_445' title='bbox 748 4630 866 4680; x_wconf 84' lang='lat' dir='ltr'><strong>animalis</strong></span> <span class='ocrx_word' id='word_1_446' title='bbox 885 4648 931 4681; x_wconf 84' lang='lat' dir='ltr'><strong>om.</strong></span> <span class='ocrx_word' id='word_1_447' title='bbox 951 4633 1049 4685; x_wconf 77' lang='lat' dir='ltr'><strong>Maius.</strong></span> <span class='ocrx_word' id='word_1_448' title='bbox 1089 4632 1128 4682; x_wconf 80' lang='lat' dir='ltr'><strong>Ile</strong></span> <span class='ocrx_word' id='word_1_449' title='bbox 1146 4639 1199 4683; x_wconf 83' lang='lat' dir='ltr'><strong>toto</strong></span> <span class='ocrx_word' id='word_1_450' title='bbox 1217 4633 1265 4683; x_wconf 90' lang='lat' dir='ltr'><strong>lioc</strong></span> <span class='ocrx_word' id='word_1_451' title='bbox 1281 4635 1337 4682; x_wconf 91' lang='lat' dir='ltr'><strong>loco</strong></span> <span class='ocrx_word' id='word_1_452' title='bbox 1354 4633 1391 4696; x_wconf 80' lang='lat' dir='ltr'><strong>cs.</strong></span> <span class='ocrx_word' id='word_1_453' title='bbox 1410 4648 1456 4682; x_wconf 86' lang='lat' dir='ltr'><strong>ars</strong></span> 
     </span>
    </p>
   </div>
   <div class='ocr_carea' id='block_1_7' title="bbox 160 4698 1456 4920">
    <p class='ocr_par' dir='ltr' id='par_1_15' title="bbox 160 4698 1456 4920">
     <span class='ocr_line' id='line_1_47' title="bbox 161 4698 1456 4783; baseline 0.002 -19"><span class='ocrx_word' id='word_1_454' title='bbox 161 4727 287 4779; x_wconf 67' lang='lat' dir='ltr'><strong>asangm</strong></span> <span class='ocrx_word' id='word_1_455' title='bbox 304 4711 446 4765; x_wconf 82' lang='lat' dir='ltr'><strong>Beraeaar‘s</strong></span> <span class='ocrx_word' id='word_1_456' title='bbox 461 4731 490 4780; x_wconf 91' lang='lat' dir='ltr'><strong>p.</strong></span> <span class='ocrx_word' id='word_1_457' title='bbox 509 4717 673 4783; x_wconf 22' lang='lat' dir='ltr'><strong>dauza-31</strong></span> <span class='ocrx_word' id='word_1_458' title='bbox 752 4716 785 4764; x_wconf 78' lang='lat'><strong>22</strong></span> <span class='ocrx_word' id='word_1_459' title='bbox 803 4716 828 4764; x_wconf 92' lang='lat' dir='ltr'><strong>in</strong></span> <span class='ocrx_word' id='word_1_460' title='bbox 847 4698 892 4764; x_wconf 77' lang='lat' dir='ltr'><strong>ebs</strong></span> <span class='ocrx_word' id='word_1_461' title='bbox 963 4718 1083 4782; x_wconf 69' lang='lat' dir='ltr'><strong>egyptius</strong></span> <span class='ocrx_word' id='word_1_462' title='bbox 1151 4718 1184 4766; x_wconf 77' lang='lat'><strong>25</strong></span> <span class='ocrx_word' id='word_1_463' title='bbox 1202 4711 1339 4781; x_wconf 81' lang='lat' dir='ltr'><strong>Virgilius]</strong></span> <span class='ocrx_word' id='word_1_464' title='bbox 1358 4716 1456 4766; x_wconf 78' lang='lat' dir='ltr'><strong>Dssuat</strong></span> 
     </span>
     <span class='ocr_line' id='line_1_48' title="bbox 160 4781 1455 4849; baseline 0.004 -19"><span class='ocrx_word' id='word_1_465' title='bbox 160 4782 233 4846; x_wconf 82' lang='lat' dir='ltr'><strong>apud</strong></span> <span class='ocrx_word' id='word_1_466' title='bbox 249 4781 357 4843; x_wconf 80' lang='lat' dir='ltr'><strong>Maiora,</strong></span> <span class='ocrx_word' id='word_1_467' title='bbox 376 4798 441 4846; x_wconf 87' lang='lat' dir='ltr'><strong>quae</strong></span> <span class='ocrx_word' id='word_1_468' title='bbox 458 4798 543 4832; x_wconf 85' lang='lat' dir='ltr'><strong>uocem</strong></span> <span class='ocrx_word' id='word_1_469' title='bbox 561 4782 643 4848; x_wconf 86' lang='lat' dir='ltr'><strong>‘lapis</strong></span> <span class='ocrx_word' id='word_1_470' title='bbox 662 4794 749 4832; x_wconf 83' lang='lat' dir='ltr'><strong>estex</strong></span> <span class='ocrx_word' id='word_1_471' title='bbox 767 4798 819 4845; x_wconf 84' lang='lat' dir='ltr'><strong>qna</strong></span> <span class='ocrx_word' id='word_1_472' title='bbox 836 4781 928 4832; x_wconf 86' lang='lat' dir='ltr'><strong>babes’</strong></span> <span class='ocrx_word' id='word_1_473' title='bbox 945 4787 1113 4849; x_wconf 84' lang='lat' dir='ltr'><strong>praecedunt.</strong></span> <span class='ocrx_word' id='word_1_474' title='bbox 1198 4786 1232 4833; x_wconf 80' lang='lat' dir='ltr'><strong>at</strong></span> <span class='ocrx_word' id='word_1_475' title='bbox 1244 4783 1338 4847; x_wconf 50' lang='lat' dir='ltr'><strong>,herent</strong></span> <span class='ocrx_word' id='word_1_476' title='bbox 1422 4782 1455 4835; x_wconf 76' lang='grc'><strong>28</strong></span> 
     </span>
     <span class='ocr_line' id='line_1_49' title="bbox 162 4848 1317 4920; baseline 0.002 -21"><span class='ocrx_word' id='word_1_477' title='bbox 162 4863 354 4911; x_wconf 88' lang='lat' dir='ltr'><strong>nonnumquam</strong></span> <span class='ocrx_word' id='word_1_478' title='bbox 374 4861 511 4899; x_wconf 86' lang='lat' dir='ltr'><strong>esttamen</strong></span> <span class='ocrx_word' id='word_1_479' title='bbox 582 4848 696 4916; x_wconf 87' lang='lat' dir='ltr'><strong>taberna]</strong></span> <span class='ocrx_word' id='word_1_480' title='bbox 719 4851 752 4914; x_wconf 78' lang='lat' dir='ltr'><strong>cs.</strong></span> <span class='ocrx_word' id='word_1_481' title='bbox 770 4867 815 4901; x_wconf 86' lang='lat' dir='ltr'><strong>urs</strong></span> <span class='ocrx_word' id='word_1_482' title='bbox 832 4867 958 4917; x_wconf 79' lang='lat' dir='ltr'><strong>anonyma</strong></span> <span class='ocrx_word' id='word_1_483' title='bbox 975 4853 1317 4920; x_wconf 73' lang='lat' dir='ltr'><strong>Berneasisp.il‚⁴1.seq.</strong></span> 
     </span>
    </p>
   </div>
   <div class='ocr_carea' id='block_1_8' title="bbox 0 0 1696 5476">
    <p class='ocr_par' dir='ltr' id='par_1_16' title="bbox 0 0 1696 5476">
     <span class='ocr_line' id='line_1_50' title="bbox 0 0 1696 5476; baseline 0 0"><span class='ocrx_word' id='word_1_484' title='bbox 0 0 1696 5476; x_wconf 95' lang='lat' dir='ltr'><strong> </strong></span> 
     </span>
    </p>
   </div>
  </div>
 </body>
</html>
