<?xml version="1.0" encoding="UTF-8"?>
<!DOCTYPE html PUBLIC "-//W3C//DTD XHTML 1.0 Transitional//EN"
    "http://www.w3.org/TR/xhtml1/DTD/xhtml1-transitional.dtd">
<html xmlns="http://www.w3.org/1999/xhtml" xml:lang="en" lang="en">
 <head>
  <title>
</title>
<meta http-equiv="Content-Type" content="text/html;charset=utf-8" />
  <meta name='ocr-system' content='tesseract 3.04.00' />
  <meta name='ocr-capabilities' content='ocr_page ocr_carea ocr_par ocr_line ocrx_word'/>
</head>
<body>
  <div class='ocr_page' id='page_1' title='image "./grammaticilatin06keilgoog_0546.png"; bbox 0 0 3382 5476; ppageno 0'>
   <div class='ocr_carea' id='block_1_1' title="bbox 584 383 1443 450">
    <p class='ocr_par' dir='ltr' id='par_1_1' title="bbox 584 383 1443 450">
     <span class='ocr_line' id='line_1_1' title="bbox 584 383 1443 450; baseline 0.009 -8"><span class='ocrx_word' id='word_1_1' title='bbox 584 389 623 442; x_wconf 84' lang='lat' dir='ltr'><strong>iu</strong></span> <span class='ocrx_word' id='word_1_2' title='bbox 641 391 727 442; x_wconf 86' lang='lat' dir='ltr'><strong>oon.</strong></span> <span class='ocrx_word' id='word_1_3' title='bbox 746 388 1015 442; x_wconf 82' lang='lat' dir='ltr'><strong>nansamsuvn.</strong></span> <span class='ocrx_word' id='word_1_4' title='bbox 1381 383 1443 450; x_wconf 79' lang='grc'><strong>271</strong></span> 
     </span>
    </p>
   </div>
   <div class='ocr_carea' id='block_1_2' title="bbox 118 575 1599 4425">
    <p class='ocr_par' dir='ltr' id='par_1_2' title="bbox 118 575 1599 4425">
     <span class='ocr_line' id='line_1_2' title="bbox 157 575 1566 657; baseline -0.006 -16"><span class='ocrx_word' id='word_1_5' title='bbox 157 584 199 642; x_wconf 91' lang='lat' dir='ltr'><strong>Vt</strong></span> <span class='ocrx_word' id='word_1_6' title='bbox 221 581 476 642; x_wconf 78' lang='lat' dir='ltr'><strong>ottorrerei·</strong></span> <span class='ocrx_word' id='word_1_7' title='bbox 500 596 645 655; x_wconf 89' lang='lat' dir='ltr'><strong>coquere;</strong></span> <span class='ocrx_word' id='word_1_8' title='bbox 676 585 811 657; x_wconf 89' lang='lat' dir='ltr'><strong>parant</strong></span> <span class='ocrx_word' id='word_1_9' title='bbox 833 580 853 637; x_wconf 93' lang='lat' dir='ltr'><strong>i·</strong></span> <span class='ocrx_word' id='word_1_10' title='bbox 875 577 995 640; x_wconf 88' lang='lat' dir='ltr'><strong>student</strong></span> <span class='ocrx_word' id='word_1_11' title='bbox 1015 587 1044 638; x_wconf 90' lang='lat' dir='ltr'><strong>et</strong></span> <span class='ocrx_word' id='word_1_12' title='bbox 1065 585 1258 657; x_wconf 88' lang='lat' dir='ltr'><strong>praeparant;</strong></span> <span class='ocrx_word' id='word_1_13' title='bbox 1281 575 1566 646; x_wconf 77' lang='lat' dir='ltr'><strong>ilammisp.⁴or,a</strong></span> 
     </span>
     <span class='ocr_line' id='line_1_3' title="bbox 157 677 1444 759; baseline -0.002 -18"><span class='ocrx_word' id='word_1_14' title='bbox 157 685 176 741; x_wconf 93' lang='lat' dir='ltr'><strong>i·</strong></span> <span class='ocrx_word' id='word_1_15' title='bbox 206 681 339 758; x_wconf 89' lang='lat' dir='ltr'><strong>ignibus;</strong></span> <span class='ocrx_word' id='word_1_16' title='bbox 372 691 407 741; x_wconf 90' lang='lat' dir='ltr'><strong>et</strong></span> <span class='ocrx_word' id='word_1_17' title='bbox 436 683 615 758; x_wconf 74' lang='lat' dir='ltr'><strong>frangere</strong></span> <span class='ocrx_word' id='word_1_18' title='bbox 643 682 663 740; x_wconf 92' lang='lat' dir='ltr'><strong>i·</strong></span> <span class='ocrx_word' id='word_1_19' title='bbox 693 680 804 740; x_wconf 89' lang='lat' dir='ltr'><strong>molere</strong></span> <span class='ocrx_word' id='word_1_20' title='bbox 832 699 855 739; x_wconf 90' lang='lat' dir='ltr'><strong>s.</strong></span> <span class='ocrx_word' id='word_1_21' title='bbox 879 687 999 759; x_wconf 89' lang='lat' dir='ltr'><strong>parant;</strong></span> <span class='ocrx_word' id='word_1_22' title='bbox 1028 697 1115 739; x_wconf 84' lang='lat' dir='ltr'><strong>saxo</strong></span> <span class='ocrx_word' id='word_1_23' title='bbox 1143 679 1163 736; x_wconf 95' lang='lat' dir='ltr'><strong>i·</strong></span> <span class='ocrx_word' id='word_1_24' title='bbox 1193 678 1280 738; x_wconf 91' lang='lat' dir='ltr'><strong>mola.</strong></span> <span class='ocrx_word' id='word_1_25' title='bbox 1325 677 1387 739; x_wconf 88' lang='lat' dir='ltr'><strong>lloc</strong></span> <span class='ocrx_word' id='word_1_26' title='bbox 1413 680 1444 739; x_wconf 93' lang='lat' dir='ltr'><strong>in</strong></span> 
     </span>
     <span class='ocr_line' id='line_1_4' title="bbox 157 778 1444 861; baseline -0.002 -21"><span class='ocrx_word' id='word_1_27' title='bbox 157 783 319 861; x_wconf 81' lang='lat' dir='ltr'><strong>Virgilio</strong></span> <span class='ocrx_word' id='word_1_28' title='bbox 340 782 377 843; x_wconf 89' lang='lat' dir='ltr'><strong>de</strong></span> <span class='ocrx_word' id='word_1_29' title='bbox 393 782 529 843; x_wconf 79' lang='lat' dir='ltr'><strong>Troianis</strong></span> <span class='ocrx_word' id='word_1_30' title='bbox 543 783 703 860; x_wconf 86' lang='lat' dir='ltr'><strong>reperitur.</strong></span> <span class='ocrx_word' id='word_1_31' title='bbox 742 781 890 842; x_wconf 88' lang='lat' dir='ltr'><strong>Debuerat</strong></span> <span class='ocrx_word' id='word_1_32' title='bbox 913 782 991 841; x_wconf 89' lang='lat' dir='ltr'><strong>enim</strong></span> <span class='ocrx_word' id='word_1_33' title='bbox 1015 782 1097 859; x_wconf 91' lang='lat' dir='ltr'><strong>prius</strong></span> <span class='ocrx_word' id='word_1_34' title='bbox 1120 778 1221 840; x_wconf 82' lang='lat' dir='ltr'><strong>dicere</strong></span> <span class='ocrx_word' id='word_1_35' title='bbox 1242 778 1284 839; x_wconf 77' lang='lat' dir='ltr'><strong>‘et</strong></span> <span class='ocrx_word' id='word_1_36' title='bbox 1307 778 1444 858; x_wconf 78' lang='lat' dir='ltr'><strong>frangere</strong></span> 
     </span>
     <span class='ocr_line' id='line_1_5' title="bbox 156 881 1445 964; baseline -0.003 -19"><span class='ocrx_word' id='word_1_37' title='bbox 156 903 228 945; x_wconf 80' lang='lat' dir='ltr'><strong>saxo</strong></span> <span class='ocrx_word' id='word_1_38' title='bbox 250 885 368 964; x_wconf 87' lang='lat' dir='ltr'><strong>parant&#39;</strong></span> <span class='ocrx_word' id='word_1_39' title='bbox 392 892 503 944; x_wconf 83' lang='lat' dir='ltr'><strong>ettam</strong></span> <span class='ocrx_word' id='word_1_40' title='bbox 527 887 660 945; x_wconf 86' lang='lat' dir='ltr'><strong>‘torrere</strong></span> <span class='ocrx_word' id='word_1_41' title='bbox 683 885 836 944; x_wconf 89' lang='lat' dir='ltr'><strong>llammis&#39;.</strong></span> <span class='ocrx_word' id='word_1_42' title='bbox 882 883 968 943; x_wconf 82' lang='lat' dir='ltr'><strong>Prius</strong></span> <span class='ocrx_word' id='word_1_43' title='bbox 991 884 1071 942; x_wconf 87' lang='lat' dir='ltr'><strong>enim</strong></span> <span class='ocrx_word' id='word_1_44' title='bbox 1099 882 1202 960; x_wconf 86' lang='lat' dir='ltr'><strong>iruges</strong></span> <span class='ocrx_word' id='word_1_45' title='bbox 1231 899 1302 941; x_wconf 85' lang='lat' dir='ltr'><strong>saxo</strong></span> <span class='ocrx_word' id='word_1_46' title='bbox 1324 882 1344 941; x_wconf 92' lang='lat' dir='ltr'><strong>i·</strong></span> <span class='ocrx_word' id='word_1_47' title='bbox 1368 881 1445 943; x_wconf 91' lang='lat' dir='ltr'><strong>mola</strong></span> 
     </span>
     <span class='ocr_line' id='line_1_6' title="bbox 130 982 1445 1063; baseline -0.003 -16"><span class='ocrx_word' id='word_1_48' title='bbox 130 989 397 1048; x_wconf 82' lang='lat' dir='ltr'><strong>scomminuuntur</strong></span> <span class='ocrx_word' id='word_1_49' title='bbox 419 988 439 1045; x_wconf 91' lang='lat' dir='ltr'><strong>i·</strong></span> <span class='ocrx_word' id='word_1_50' title='bbox 463 984 622 1053; x_wconf 87' lang='lat' dir='ltr'><strong>moluntur,</strong></span> <span class='ocrx_word' id='word_1_51' title='bbox 646 985 751 1045; x_wconf 86' lang='lat' dir='ltr'><strong>deinde</strong></span> <span class='ocrx_word' id='word_1_52' title='bbox 776 992 926 1045; x_wconf 74' lang='lat' dir='ltr'><strong>torrentur</strong></span> <span class='ocrx_word' id='word_1_53' title='bbox 948 985 966 1043; x_wconf 93' lang='lat' dir='ltr'><strong>i·</strong></span> <span class='ocrx_word' id='word_1_54' title='bbox 982 986 1051 1061; x_wconf 84' lang='lat' dir='ltr'><strong>igne</strong></span> <span class='ocrx_word' id='word_1_55' title='bbox 1073 991 1250 1063; x_wconf 92' lang='lat' dir='ltr'><strong>coquuntur.</strong></span> <span class='ocrx_word' id='word_1_56' title='bbox 1288 982 1445 1043; x_wconf 88' lang='lat' dir='ltr'><strong>Seruius</strong></span> 
     </span>
     <span class='ocr_line' id='line_1_7' title="bbox 156 1083 1443 1164; baseline -0.005 -14"><span class='ocrx_word' id='word_1_57' title='bbox 156 1096 253 1150; x_wconf 90' lang='lat' dir='ltr'><strong>autem</strong></span> <span class='ocrx_word' id='word_1_58' title='bbox 282 1087 354 1148; x_wconf 90' lang='lat' dir='ltr'><strong>dicit</strong></span> <span class='ocrx_word' id='word_1_59' title='bbox 381 1089 417 1147; x_wconf 94' lang='lat' dir='ltr'><strong>in</strong></span> <span class='ocrx_word' id='word_1_60' title='bbox 446 1096 652 1148; x_wconf 89' lang='lat' dir='ltr'><strong>commento</strong></span> <span class='ocrx_word' id='word_1_61' title='bbox 676 1086 849 1164; x_wconf 86' lang='lat' dir='ltr'><strong>Virgilii,</strong></span> <span class='ocrx_word' id='word_1_62' title='bbox 878 1086 926 1146; x_wconf 92' lang='lat' dir='ltr'><strong>bic</strong></span> <span class='ocrx_word' id='word_1_63' title='bbox 955 1104 1014 1145; x_wconf 95' lang='lat' dir='ltr'><strong>non</strong></span> <span class='ocrx_word' id='word_1_64' title='bbox 1043 1103 1107 1145; x_wconf 88' lang='lat' dir='ltr'><strong>esse</strong></span> <span class='ocrx_word' id='word_1_65' title='bbox 1129 1083 1264 1146; x_wconf 88' lang='lat' dir='ltr'><strong>ordinem</strong></span> <span class='ocrx_word' id='word_1_66' title='bbox 1287 1093 1443 1146; x_wconf 91' lang='lat' dir='ltr'><strong>mutatum.</strong></span> 
     </span>
     <span class='ocr_line' id='line_1_8' title="bbox 156 1184 1445 1268; baseline -0.002 -18"><span class='ocrx_word' id='word_1_67' title='bbox 156 1190 277 1251; x_wconf 89' lang='lat' dir='ltr'><strong>Troiani</strong></span> <span class='ocrx_word' id='word_1_68' title='bbox 300 1191 378 1249; x_wconf 92' lang='lat' dir='ltr'><strong>enim</strong></span> <span class='ocrx_word' id='word_1_69' title='bbox 401 1189 505 1265; x_wconf 88' lang='lat' dir='ltr'><strong>iruges</strong></span> <span class='ocrx_word' id='word_1_70' title='bbox 526 1191 546 1247; x_wconf 91' lang='lat' dir='ltr'><strong>i·</strong></span> <span class='ocrx_word' id='word_1_71' title='bbox 569 1189 768 1257; x_wconf 79' lang='lat' dir='ltr'><strong>frumentum,</strong></span> <span class='ocrx_word' id='word_1_72' title='bbox 797 1205 873 1268; x_wconf 91' lang='lat' dir='ltr'><strong>quac</strong></span> <span class='ocrx_word' id='word_1_73' title='bbox 900 1195 966 1266; x_wconf 90' lang='lat' dir='ltr'><strong>post</strong></span> <span class='ocrx_word' id='word_1_74' title='bbox 988 1195 1192 1267; x_wconf 76' lang='lat' dir='ltr'><strong>tempestatem</strong></span> <span class='ocrx_word' id='word_1_75' title='bbox 1215 1184 1273 1247; x_wconf 91' lang='lat' dir='ltr'><strong>illis</strong></span> <span class='ocrx_word' id='word_1_76' title='bbox 1294 1204 1445 1247; x_wconf 90' lang='lat' dir='ltr'><strong>remanse-</strong></span> 
     </span>
     <span class='ocr_line' id='line_1_9' title="bbox 155 1285 1444 1371; baseline -0.002 -19"><span class='ocrx_word' id='word_1_77' title='bbox 155 1301 224 1352; x_wconf 92' lang='lat' dir='ltr'><strong>rant</strong></span> <span class='ocrx_word' id='word_1_78' title='bbox 246 1301 275 1352; x_wconf 91' lang='lat' dir='ltr'><strong>et</strong></span> <span class='ocrx_word' id='word_1_79' title='bbox 296 1292 451 1368; x_wconf 80' lang='lat' dir='ltr'><strong>aspergine</strong></span> <span class='ocrx_word' id='word_1_80' title='bbox 468 1285 480 1370; x_wconf 85' lang='grc' dir='ltr'><strong>ΙΙ</strong></span> <span class='ocrx_word' id='word_1_81' title='bbox 495 1287 558 1350; x_wconf 82' lang='grc'><strong>210</strong></span> <span class='ocrx_word' id='word_1_82' title='bbox 573 1287 584 1371; x_wconf 89' lang='grc' dir='ltr'><strong>ΙΙ</strong></span> <span class='ocrx_word' id='word_1_83' title='bbox 600 1291 691 1350; x_wconf 90' lang='lat' dir='ltr'><strong>maris</strong></span> <span class='ocrx_word' id='word_1_84' title='bbox 707 1290 890 1350; x_wconf 86' lang='lat' dir='ltr'><strong>bumelactae</strong></span> <span class='ocrx_word' id='word_1_85' title='bbox 912 1289 1042 1358; x_wconf 84' lang='lat' dir='ltr'><strong>lucrant,</strong></span> <span class='ocrx_word' id='word_1_86' title='bbox 1066 1286 1220 1368; x_wconf 82' lang='lat' dir='ltr'><strong>torrebant</strong></span> <span class='ocrx_word' id='word_1_87' title='bbox 1241 1289 1260 1348; x_wconf 91' lang='lat' dir='ltr'><strong>i·</strong></span> <span class='ocrx_word' id='word_1_88' title='bbox 1283 1287 1444 1358; x_wconf 81' lang='lat' dir='ltr'><strong>siccabant,</strong></span> 
     </span>
     <span class='ocr_line' id='line_1_10' title="bbox 156 1389 1444 1469; baseline -0.004 -16"><span class='ocrx_word' id='word_1_89' title='bbox 156 1393 262 1455; x_wconf 87' lang='lat' dir='ltr'><strong>deinde</strong></span> <span class='ocrx_word' id='word_1_90' title='bbox 285 1410 357 1454; x_wconf 85' lang='lat' dir='ltr'><strong>saxo</strong></span> <span class='ocrx_word' id='word_1_91' title='bbox 379 1391 565 1469; x_wconf 80' lang='lat' dir='ltr'><strong>frangebant.</strong></span> <span class='ocrx_word' id='word_1_92' title='bbox 612 1389 685 1451; x_wconf 89' lang='lat' dir='ltr'><strong>Nam</strong></span> <span class='ocrx_word' id='word_1_93' title='bbox 717 1401 747 1450; x_wconf 90' lang='lat' dir='ltr'><strong>et</strong></span> <span class='ocrx_word' id='word_1_94' title='bbox 775 1391 862 1451; x_wconf 88' lang='lat' dir='ltr'><strong>hodie</strong></span> <span class='ocrx_word' id='word_1_95' title='bbox 890 1391 995 1451; x_wconf 87' lang='lat' dir='ltr'><strong>siccari</strong></span> <span class='ocrx_word' id='word_1_96' title='bbox 1017 1399 1085 1451; x_wconf 88' lang='lat' dir='ltr'><strong>ante</strong></span> <span class='ocrx_word' id='word_1_97' title='bbox 1107 1391 1209 1467; x_wconf 90' lang='lat' dir='ltr'><strong>iruges</strong></span> <span class='ocrx_word' id='word_1_98' title='bbox 1232 1397 1261 1449; x_wconf 87' lang='lat' dir='ltr'><strong>et</strong></span> <span class='ocrx_word' id='word_1_99' title='bbox 1283 1391 1326 1450; x_wconf 91' lang='lat' dir='ltr'><strong>sic</strong></span> <span class='ocrx_word' id='word_1_100' title='bbox 1348 1390 1444 1469; x_wconf 90' lang='lat' dir='ltr'><strong>lrangi</strong></span> 
     </span>
     <span class='ocr_line' id='line_1_11' title="bbox 119 1491 1444 1571; baseline -0.005 -15"><span class='ocrx_word' id='word_1_101' title='bbox 119 1519 143 1556; x_wconf 81' lang='lat' dir='ltr'><strong>ro</strong></span> <span class='ocrx_word' id='word_1_102' title='bbox 157 1494 293 1556; x_wconf 91' lang='lat' dir='ltr'><strong>uidemus</strong></span> <span class='ocrx_word' id='word_1_103' title='bbox 316 1502 345 1554; x_wconf 89' lang='lat' dir='ltr'><strong>et</strong></span> <span class='ocrx_word' id='word_1_104' title='bbox 368 1496 436 1571; x_wconf 93' lang='lat' dir='ltr'><strong>quia</strong></span> <span class='ocrx_word' id='word_1_105' title='bbox 459 1493 536 1571; x_wconf 92' lang='lat' dir='ltr'><strong>apud</strong></span> <span class='ocrx_word' id='word_1_106' title='bbox 560 1494 687 1553; x_wconf 90' lang='lat' dir='ltr'><strong>maiores</strong></span> <span class='ocrx_word' id='word_1_107' title='bbox 710 1502 829 1553; x_wconf 91' lang='lat' dir='ltr'><strong>nostros</strong></span> <span class='ocrx_word' id='word_1_108' title='bbox 851 1492 995 1555; x_wconf 89' lang='lat' dir='ltr'><strong>molarum</strong></span> <span class='ocrx_word' id='word_1_109' title='bbox 1019 1510 1089 1552; x_wconf 91' lang='lat' dir='ltr'><strong>usus</strong></span> <span class='ocrx_word' id='word_1_110' title='bbox 1112 1510 1170 1551; x_wconf 91' lang='lat' dir='ltr'><strong>non</strong></span> <span class='ocrx_word' id='word_1_111' title='bbox 1194 1499 1272 1562; x_wconf 86' lang='lat' dir='ltr'><strong>erat,</strong></span> <span class='ocrx_word' id='word_1_112' title='bbox 1296 1491 1444 1553; x_wconf 78' lang='lat' dir='ltr'><strong>frumenta</strong></span> 
     </span>
     <span class='ocr_line' id='line_1_12' title="bbox 157 1592 1444 1674; baseline -0.004 -16"><span class='ocrx_word' id='word_1_113' title='bbox 157 1597 313 1658; x_wconf 90' lang='lat' dir='ltr'><strong>torrebant</strong></span> <span class='ocrx_word' id='word_1_114' title='bbox 335 1607 364 1656; x_wconf 90' lang='lat' dir='ltr'><strong>et</strong></span> <span class='ocrx_word' id='word_1_115' title='bbox 387 1614 419 1656; x_wconf 91' lang='lat' dir='ltr'><strong>ea</strong></span> <span class='ocrx_word' id='word_1_116' title='bbox 442 1597 472 1654; x_wconf 92' lang='lat' dir='ltr'><strong>in</strong></span> <span class='ocrx_word' id='word_1_117' title='bbox 495 1593 570 1674; x_wconf 91' lang='lat' dir='ltr'><strong>pilas</strong></span> <span class='ocrx_word' id='word_1_118' title='bbox 592 1597 680 1656; x_wconf 89' lang='lat' dir='ltr'><strong>missa</strong></span> <span class='ocrx_word' id='word_1_119' title='bbox 703 1592 873 1672; x_wconf 85' lang='lat' dir='ltr'><strong>pinsebant,</strong></span> <span class='ocrx_word' id='word_1_120' title='bbox 898 1602 927 1655; x_wconf 87' lang='lat' dir='ltr'><strong>ct</strong></span> <span class='ocrx_word' id='word_1_121' title='bbox 943 1594 999 1654; x_wconf 94' lang='lat' dir='ltr'><strong>boc</strong></span> <span class='ocrx_word' id='word_1_122' title='bbox 1015 1601 1079 1654; x_wconf 89' lang='lat' dir='ltr'><strong>crat</strong></span> <span class='ocrx_word' id='word_1_123' title='bbox 1094 1611 1188 1670; x_wconf 91' lang='lat' dir='ltr'><strong>genus</strong></span> <span class='ocrx_word' id='word_1_124' title='bbox 1203 1592 1341 1662; x_wconf 90' lang='lat' dir='ltr'><strong>molendi,</strong></span> <span class='ocrx_word' id='word_1_125' title='bbox 1365 1592 1444 1654; x_wconf 89' lang='lat' dir='ltr'><strong>unde</strong></span> 
     </span>
     <span class='ocr_line' id='line_1_13' title="bbox 157 1694 1445 1778; baseline -0.003 -19"><span class='ocrx_word' id='word_1_126' title='bbox 157 1709 187 1759; x_wconf 89' lang='lat' dir='ltr'><strong>et</strong></span> <span class='ocrx_word' id='word_1_127' title='bbox 209 1701 380 1778; x_wconf 82' lang='lat' dir='ltr'><strong>‘pinsores’</strong></span> <span class='ocrx_word' id='word_1_128' title='bbox 404 1695 475 1756; x_wconf 92' lang='lat' dir='ltr'><strong>dicti</strong></span> <span class='ocrx_word' id='word_1_129' title='bbox 497 1706 579 1766; x_wconf 92' lang='lat' dir='ltr'><strong>sunt,</strong></span> <span class='ocrx_word' id='word_1_130' title='bbox 603 1698 654 1775; x_wconf 93' lang='lat' dir='ltr'><strong>qui</strong></span> <span class='ocrx_word' id='word_1_131' title='bbox 677 1714 757 1757; x_wconf 89' lang='lat' dir='ltr'><strong>nunc</strong></span> <span class='ocrx_word' id='word_1_132' title='bbox 780 1697 943 1775; x_wconf 77' lang='lat' dir='ltr'><strong>‘pistores&#39;</strong></span> <span class='ocrx_word' id='word_1_133' title='bbox 967 1703 1123 1757; x_wconf 92' lang='lat' dir='ltr'><strong>uocantur.</strong></span> <span class='ocrx_word' id='word_1_134' title='bbox 1164 1694 1322 1757; x_wconf 85' lang='lat' dir='ltr'><strong>‘Pinsere’</strong></span> <span class='ocrx_word' id='word_1_135' title='bbox 1346 1703 1445 1756; x_wconf 88' lang='lat' dir='ltr'><strong>autem</strong></span> 
     </span>
     <span class='ocr_line' id='line_1_14' title="bbox 157 1797 604 1878; baseline -0.004 -18"><span class='ocrx_word' id='word_1_136' title='bbox 157 1801 215 1862; x_wconf 89' lang='lat' dir='ltr'><strong>dici</strong></span> <span class='ocrx_word' id='word_1_137' title='bbox 235 1800 388 1862; x_wconf 88' lang='lat' dir='ltr'><strong>Persius</strong></span> <span class='ocrx_word' id='word_1_138' title='bbox 411 1797 532 1878; x_wconf 87' lang='lat' dir='ltr'><strong>probat,</strong></span> <span class='ocrx_word' id='word_1_139' title='bbox 556 1806 604 1859; x_wconf 92' lang='lat' dir='ltr'><strong>ut:</strong></span> 
     </span>
     <span class='ocr_line' id='line_1_15' title="bbox 359 1899 1257 1994; baseline -0.003 -32"><span class='ocrx_word' id='word_1_140' title='bbox 359 1901 510 1973; x_wconf 82' lang='lat' dir='ltr'><strong>Olane,</strong></span> <span class='ocrx_word' id='word_1_141' title='bbox 533 1919 550 1961; x_wconf 97' lang='lat' dir='ltr'><strong>a</strong></span> <span class='ocrx_word' id='word_1_142' title='bbox 572 1907 684 1994; x_wconf 64' lang='lat' dir='ltr'><strong>tergo</strong></span> <span class='ocrx_word' id='word_1_143' title='bbox 708 1916 813 1977; x_wconf 89' lang='lat' dir='ltr'><strong>quem</strong></span> <span class='ocrx_word' id='word_1_144' title='bbox 836 1899 937 1961; x_wconf 92' lang='lat' dir='ltr'><strong>nulla</strong></span> <span class='ocrx_word' id='word_1_145' title='bbox 960 1901 1106 1961; x_wconf 89' lang='lat' dir='ltr'><strong>ciconia</strong></span> <span class='ocrx_word' id='word_1_146' title='bbox 1130 1901 1257 1980; x_wconf 89' lang='lat' dir='ltr'><strong>pinsit.</strong></span> 
     </span>
     <span class='ocr_line' id='line_1_16' title="bbox 119 2000 1445 2083; baseline -0.001 -19"><span class='ocrx_word' id='word_1_147' title='bbox 119 2003 182 2065; x_wconf 71' lang='lat'><strong>1⁵0</strong></span> <span class='ocrx_word' id='word_1_148' title='bbox 205 2003 291 2065; x_wconf 90' lang='lat' dir='ltr'><strong>lane</strong></span> <span class='ocrx_word' id='word_1_149' title='bbox 314 2005 333 2063; x_wconf 94' lang='lat' dir='ltr'><strong>i·</strong></span> <span class='ocrx_word' id='word_1_150' title='bbox 358 2024 375 2064; x_wconf 96' lang='lat' dir='ltr'><strong>o</strong></span> <span class='ocrx_word' id='word_1_151' title='bbox 397 2003 544 2083; x_wconf 91' lang='lat' dir='ltr'><strong>prudeus;</strong></span> <span class='ocrx_word' id='word_1_152' title='bbox 569 2021 585 2062; x_wconf 91' lang='lat' dir='ltr'><strong>a</strong></span> <span class='ocrx_word' id='word_1_153' title='bbox 606 2000 714 2080; x_wconf 73' lang='lat' dir='ltr'><strong>tergo</strong></span> <span class='ocrx_word' id='word_1_154' title='bbox 736 2004 755 2061; x_wconf 94' lang='lat' dir='ltr'><strong>i·</strong></span> <span class='ocrx_word' id='word_1_155' title='bbox 773 2012 869 2070; x_wconf 80' lang='lat' dir='ltr'><strong>retro:</strong></span> <span class='ocrx_word' id='word_1_156' title='bbox 893 2021 997 2082; x_wconf 90' lang='lat' dir='ltr'><strong>quem</strong></span> <span class='ocrx_word' id='word_1_157' title='bbox 1020 2001 1122 2063; x_wconf 90' lang='lat' dir='ltr'><strong>nulla</strong></span> <span class='ocrx_word' id='word_1_158' title='bbox 1151 2002 1297 2064; x_wconf 89' lang='lat' dir='ltr'><strong>ciconia</strong></span> <span class='ocrx_word' id='word_1_159' title='bbox 1324 2002 1445 2080; x_wconf 89' lang='lat' dir='ltr'><strong>pinsit</strong></span> 
     </span>
     <span class='ocr_line' id='line_1_17' title="bbox 157 2102 1446 2186; baseline -0.002 -20"><span class='ocrx_word' id='word_1_160' title='bbox 157 2108 181 2166; x_wconf 93' lang='lat' dir='ltr'><strong>i·</strong></span> <span class='ocrx_word' id='word_1_161' title='bbox 205 2124 292 2186; x_wconf 89' lang='lat' dir='ltr'><strong>quem</strong></span> <span class='ocrx_word' id='word_1_162' title='bbox 322 2104 419 2166; x_wconf 92' lang='lat' dir='ltr'><strong>nullus</strong></span> <span class='ocrx_word' id='word_1_163' title='bbox 446 2104 541 2165; x_wconf 91' lang='lat' dir='ltr'><strong>iaculo</strong></span> <span class='ocrx_word' id='word_1_164' title='bbox 574 2105 759 2166; x_wconf 84' lang='lat' dir='ltr'><strong>incidentiae</strong></span> <span class='ocrx_word' id='word_1_165' title='bbox 788 2111 817 2165; x_wconf 88' lang='lat' dir='ltr'><strong>et</strong></span> <span class='ocrx_word' id='word_1_166' title='bbox 843 2102 1014 2166; x_wconf 86' lang='lat' dir='ltr'><strong>calliditatis</strong></span> <span class='ocrx_word' id='word_1_167' title='bbox 1041 2112 1123 2165; x_wconf 91' lang='lat' dir='ltr'><strong>retro</strong></span> <span class='ocrx_word' id='word_1_168' title='bbox 1151 2106 1309 2184; x_wconf 81' lang='lat' dir='ltr'><strong>percussit</strong></span> <span class='ocrx_word' id='word_1_169' title='bbox 1357 2103 1446 2164; x_wconf 91' lang='lat' dir='ltr'><strong>lanus</strong></span> 
     </span>
     <span class='ocr_line' id='line_1_18' title="bbox 157 2203 1444 2286; baseline -0.002 -19"><span class='ocrx_word' id='word_1_170' title='bbox 157 2210 235 2268; x_wconf 88' lang='lat' dir='ltr'><strong>enim</strong></span> <span class='ocrx_word' id='word_1_171' title='bbox 260 2207 373 2267; x_wconf 90' lang='lat' dir='ltr'><strong>biirons</strong></span> <span class='ocrx_word' id='word_1_172' title='bbox 396 2216 440 2267; x_wconf 91' lang='lat' dir='ltr'><strong>est</strong></span> <span class='ocrx_word' id='word_1_173' title='bbox 462 2215 492 2267; x_wconf 92' lang='lat' dir='ltr'><strong>et</strong></span> <span class='ocrx_word' id='word_1_174' title='bbox 513 2205 645 2286; x_wconf 91' lang='lat' dir='ltr'><strong>prudens</strong></span> <span class='ocrx_word' id='word_1_175' title='bbox 666 2205 755 2265; x_wconf 92' lang='lat' dir='ltr'><strong>homo</strong></span> <span class='ocrx_word' id='word_1_176' title='bbox 775 2205 905 2286; x_wconf 91' lang='lat' dir='ltr'><strong>undique</strong></span> <span class='ocrx_word' id='word_1_177' title='bbox 927 2207 1162 2286; x_wconf 89' lang='lat' dir='ltr'><strong>circumspectus</strong></span> <span class='ocrx_word' id='word_1_178' title='bbox 1184 2215 1214 2266; x_wconf 90' lang='lat' dir='ltr'><strong>et</strong></span> <span class='ocrx_word' id='word_1_179' title='bbox 1235 2203 1368 2266; x_wconf 82' lang='lat' dir='ltr'><strong>oculatus</strong></span> <span class='ocrx_word' id='word_1_180' title='bbox 1390 2213 1444 2273; x_wconf 88' lang='lat' dir='ltr'><strong>est,</strong></span> 
     </span>
     <span class='ocr_line' id='line_1_19' title="bbox 156 2305 896 2369; baseline -0.001 0"><span class='ocrx_word' id='word_1_181' title='bbox 156 2310 235 2369; x_wconf 89' lang='lat' dir='ltr'><strong>unde</strong></span> <span class='ocrx_word' id='word_1_182' title='bbox 258 2318 288 2368; x_wconf 85' lang='lat' dir='ltr'><strong>et</strong></span> <span class='ocrx_word' id='word_1_183' title='bbox 308 2307 417 2368; x_wconf 91' lang='lat' dir='ltr'><strong>nullius</strong></span> <span class='ocrx_word' id='word_1_184' title='bbox 439 2308 553 2368; x_wconf 88' lang='lat' dir='ltr'><strong>inimici</strong></span> <span class='ocrx_word' id='word_1_185' title='bbox 574 2306 704 2367; x_wconf 92' lang='lat' dir='ltr'><strong>bominis</strong></span> <span class='ocrx_word' id='word_1_186' title='bbox 726 2305 783 2367; x_wconf 89' lang='lat' dir='ltr'><strong>tela</strong></span> <span class='ocrx_word' id='word_1_187' title='bbox 806 2308 896 2368; x_wconf 90' lang='lat' dir='ltr'><strong>timet</strong></span> 
     </span>
     <span class='ocr_line' id='line_1_20' title="bbox 240 2407 1571 2489; baseline 0 -19"><span class='ocrx_word' id='word_1_188' title='bbox 240 2408 475 2489; x_wconf 72' lang='lat' dir='ltr'><strong>anastrophe</strong></span> <span class='ocrx_word' id='word_1_189' title='bbox 498 2418 555 2469; x_wconf 91' lang='lat' dir='ltr'><strong>est</strong></span> <span class='ocrx_word' id='word_1_190' title='bbox 577 2408 780 2469; x_wconf 87' lang='lat' dir='ltr'><strong>uerborum</strong></span> <span class='ocrx_word' id='word_1_191' title='bbox 803 2416 960 2479; x_wconf 87' lang='lat' dir='ltr'><strong>tanturn,</strong></span> <span class='ocrx_word' id='word_1_192' title='bbox 991 2429 1020 2470; x_wconf 92' lang='lat' dir='ltr'><strong>s·</strong></span> <span class='ocrx_word' id='word_1_193' title='bbox 1045 2427 1103 2470; x_wconf 93' lang='lat' dir='ltr'><strong>non</strong></span> <span class='ocrx_word' id='word_1_194' title='bbox 1126 2410 1302 2470; x_wconf 88' lang='lat' dir='ltr'><strong>sententiae.</strong></span> <span class='ocrx_word' id='word_1_195' title='bbox 1347 2407 1571 2483; x_wconf 51' lang='lat' dir='ltr'><strong>canopoeo</strong></span> 
     </span>
     <span class='ocr_line' id='line_1_21' title="bbox 119 2510 1445 2592; baseline 0 -20"><span class='ocrx_word' id='word_1_196' title='bbox 119 2532 144 2572; x_wconf 78' lang='lat' dir='ltr'><strong>ao</strong></span> <span class='ocrx_word' id='word_1_197' title='bbox 159 2520 446 2592; x_wconf 87' lang='lat' dir='ltr'><strong>praeposterus,</strong></span> <span class='ocrx_word' id='word_1_198' title='bbox 468 2520 508 2572; x_wconf 91' lang='lat' dir='ltr'><strong>ut</strong></span> <span class='ocrx_word' id='word_1_199' title='bbox 531 2510 698 2571; x_wconf 75' lang='lat' dir='ltr'><strong>‘ltaliam</strong></span> <span class='ocrx_word' id='word_1_200' title='bbox 721 2512 879 2571; x_wconf 90' lang='lat' dir='ltr'><strong>coutra&#39;.</strong></span> <span class='ocrx_word' id='word_1_201' title='bbox 917 2511 1052 2572; x_wconf 84' lang='lat' dir='ltr'><strong>‘Contra&#39;</strong></span> <span class='ocrx_word' id='word_1_202' title='bbox 1073 2511 1255 2591; x_wconf 86' lang='lat' dir='ltr'><strong>praepositio</strong></span> <span class='ocrx_word' id='word_1_203' title='bbox 1276 2518 1335 2580; x_wconf 89' lang='lat' dir='ltr'><strong>est,</strong></span> <span class='ocrx_word' id='word_1_204' title='bbox 1358 2528 1445 2591; x_wconf 88' lang='lat' dir='ltr'><strong>prae·</strong></span> 
     </span>
     <span class='ocr_line' id='line_1_22' title="bbox 158 2611 1443 2694; baseline -0.002 -19"><span class='ocrx_word' id='word_1_205' title='bbox 158 2616 265 2694; x_wconf 93' lang='lat' dir='ltr'><strong>positio</strong></span> <span class='ocrx_word' id='word_1_206' title='bbox 295 2624 391 2674; x_wconf 92' lang='lat' dir='ltr'><strong>autem</strong></span> <span class='ocrx_word' id='word_1_207' title='bbox 415 2630 430 2672; x_wconf 93' lang='lat' dir='ltr'><strong>a</strong></span> <span class='ocrx_word' id='word_1_208' title='bbox 453 2612 664 2692; x_wconf 90' lang='lat' dir='ltr'><strong>praeponendo</strong></span> <span class='ocrx_word' id='word_1_209' title='bbox 694 2611 811 2672; x_wconf 90' lang='lat' dir='ltr'><strong>dicitur.</strong></span> <span class='ocrx_word' id='word_1_210' title='bbox 856 2612 928 2674; x_wconf 84' lang='lat' dir='ltr'><strong>Cum</strong></span> <span class='ocrx_word' id='word_1_211' title='bbox 951 2630 1023 2692; x_wconf 90' lang='lat' dir='ltr'><strong>ergo</strong></span> <span class='ocrx_word' id='word_1_212' title='bbox 1044 2613 1223 2693; x_wconf 89' lang='lat' dir='ltr'><strong>supponitur</strong></span> <span class='ocrx_word' id='word_1_213' title='bbox 1244 2614 1274 2672; x_wconf 94' lang='lat' dir='ltr'><strong>in</strong></span> <span class='ocrx_word' id='word_1_214' title='bbox 1297 2612 1354 2674; x_wconf 92' lang='lat' dir='ltr'><strong>hoc</strong></span> <span class='ocrx_word' id='word_1_215' title='bbox 1368 2611 1443 2681; x_wconf 92' lang='lat' dir='ltr'><strong>loco,</strong></span> 
     </span>
     <span class='ocr_line' id='line_1_23' title="bbox 157 2712 1444 2796; baseline -0.002 -19"><span class='ocrx_word' id='word_1_216' title='bbox 157 2716 230 2777; x_wconf 91' lang='lat' dir='ltr'><strong>ordo</strong></span> <span class='ocrx_word' id='word_1_217' title='bbox 252 2722 462 2796; x_wconf 84' lang='lat' dir='ltr'><strong>praeposterus</strong></span> <span class='ocrx_word' id='word_1_218' title='bbox 483 2721 530 2775; x_wconf 90' lang='lat' dir='ltr'><strong>est</strong></span> <span class='ocrx_word' id='word_1_219' title='bbox 550 2715 571 2773; x_wconf 90' lang='lat' dir='ltr'><strong>i·</strong></span> <span class='ocrx_word' id='word_1_220' title='bbox 594 2721 788 2794; x_wconf 90' lang='lat' dir='ltr'><strong>pcrmutatus.</strong></span> <span class='ocrx_word' id='word_1_221' title='bbox 834 2713 1062 2793; x_wconf 88' lang='lat' dir='ltr'><strong>Virgilius</strong></span> <span class='ocrx_word' id='word_1_222' title='bbox 1090 2712 1147 2774; x_wconf 88' lang='lat' dir='ltr'><strong>hoc</strong></span> <span class='ocrx_word' id='word_1_223' title='bbox 1169 2715 1241 2774; x_wconf 89' lang='lat' dir='ltr'><strong>dicit</strong></span> <span class='ocrx_word' id='word_1_224' title='bbox 1263 2712 1300 2774; x_wconf 90' lang='lat' dir='ltr'><strong>de</strong></span> <span class='ocrx_word' id='word_1_225' title='bbox 1323 2715 1444 2775; x_wconf 79' lang='lat' dir='ltr'><strong>Cartba-</strong></span> 
     </span>
     <span class='ocr_line' id='line_1_24' title="bbox 156 2814 1446 2896; baseline -0.001 -19"><span class='ocrx_word' id='word_1_226' title='bbox 156 2820 240 2896; x_wconf 85' lang='lat' dir='ltr'><strong>gine,</strong></span> <span class='ocrx_word' id='word_1_227' title='bbox 270 2834 346 2894; x_wconf 93' lang='lat' dir='ltr'><strong>quae</strong></span> <span class='ocrx_word' id='word_1_228' title='bbox 374 2824 476 2876; x_wconf 92' lang='lat' dir='ltr'><strong>contra</strong></span> <span class='ocrx_word' id='word_1_229' title='bbox 499 2814 611 2877; x_wconf 91' lang='lat' dir='ltr'><strong>ltaliam</strong></span> <span class='ocrx_word' id='word_1_230' title='bbox 634 2836 669 2876; x_wconf 81' lang='lat' dir='ltr'><strong>er</strong></span> <span class='ocrx_word' id='word_1_231' title='bbox 692 2817 712 2875; x_wconf 91' lang='lat' dir='ltr'><strong>i·</strong></span> <span class='ocrx_word' id='word_1_232' title='bbox 736 2823 841 2877; x_wconf 90' lang='lat' dir='ltr'><strong>contra</strong></span> <span class='ocrx_word' id='word_1_233' title='bbox 863 2814 986 2877; x_wconf 82' lang='lat' dir='ltr'><strong>lloniam</strong></span> <span class='ocrx_word' id='word_1_234' title='bbox 1008 2817 1063 2877; x_wconf 91' lang='lat' dir='ltr'><strong>sita</strong></span> <span class='ocrx_word' id='word_1_235' title='bbox 1085 2823 1138 2876; x_wconf 87' lang='lat' dir='ltr'><strong>est</strong></span> <span class='ocrx_word' id='word_1_236' title='bbox 1185 2815 1275 2877; x_wconf 83' lang='lat' dir='ltr'><strong>Roma</strong></span> <span class='ocrx_word' id='word_1_237' title='bbox 1299 2817 1377 2876; x_wconf 91' lang='lat' dir='ltr'><strong>enim</strong></span> <span class='ocrx_word' id='word_1_238' title='bbox 1400 2822 1446 2876; x_wconf 90' lang='lat' dir='ltr'><strong>est</strong></span> 
     </span>
     <span class='ocr_line' id='line_1_25' title="bbox 156 2915 1441 2998; baseline 0 -19"><span class='ocrx_word' id='word_1_239' title='bbox 156 2920 211 2980; x_wconf 92' lang='lat' dir='ltr'><strong>hac</strong></span> <span class='ocrx_word' id='word_1_240' title='bbox 234 2927 318 2998; x_wconf 87' lang='lat' dir='ltr'><strong>parte</strong></span> <span class='ocrx_word' id='word_1_241' title='bbox 342 2921 447 2988; x_wconf 91' lang='lat' dir='ltr'><strong>maris,</strong></span> <span class='ocrx_word' id='word_1_242' title='bbox 471 2918 616 2997; x_wconf 81' lang='lat' dir='ltr'><strong>Carthago</strong></span> <span class='ocrx_word' id='word_1_243' title='bbox 639 2937 711 2979; x_wconf 91' lang='lat' dir='ltr'><strong>uero</strong></span> <span class='ocrx_word' id='word_1_244' title='bbox 734 2937 770 2979; x_wconf 80' lang='lat' dir='ltr'><strong>ex</strong></span> <span class='ocrx_word' id='word_1_245' title='bbox 797 2916 865 2978; x_wconf 91' lang='lat' dir='ltr'><strong>alia.</strong></span> <span class='ocrx_word' id='word_1_246' title='bbox 908 2916 990 2980; x_wconf 91' lang='lat' dir='ltr'><strong>ltalia</strong></span> <span class='ocrx_word' id='word_1_247' title='bbox 1019 2917 1094 2978; x_wconf 89' lang='lat' dir='ltr'><strong>diota</strong></span> <span class='ocrx_word' id='word_1_248' title='bbox 1125 2925 1169 2978; x_wconf 85' lang='lat' dir='ltr'><strong>est</strong></span> <span class='ocrx_word' id='word_1_249' title='bbox 1195 2918 1233 2978; x_wconf 89' lang='lat' dir='ltr'><strong>ab</strong></span> <span class='ocrx_word' id='word_1_250' title='bbox 1260 2915 1332 2978; x_wconf 91' lang='lat' dir='ltr'><strong>ltalo</strong></span> <span class='ocrx_word' id='word_1_251' title='bbox 1359 2934 1441 2996; x_wconf 88' lang='lat' dir='ltr'><strong>rege.</strong></span> 
     </span>
     <span class='ocr_line' id='line_1_26' title="bbox 118 3017 1597 3101; baseline 0.002 -19"><span class='ocrx_word' id='word_1_252' title='bbox 118 3025 298 3083; x_wconf 76' lang='lat' dir='ltr'><strong>achoneas</strong></span> <span class='ocrx_word' id='word_1_253' title='bbox 326 3021 430 3090; x_wconf 90' lang='lat' dir='ltr'><strong>mittit;</strong></span> <span class='ocrx_word' id='word_1_254' title='bbox 458 3020 625 3101; x_wconf 91' lang='lat' dir='ltr'><strong>rapidum</strong></span> <span class='ocrx_word' id='word_1_255' title='bbox 654 3023 677 3080; x_wconf 94' lang='lat' dir='ltr'><strong>i·</strong></span> <span class='ocrx_word' id='word_1_256' title='bbox 707 3019 839 3081; x_wconf 88' lang='lat' dir='ltr'><strong>uelocem</strong></span> <span class='ocrx_word' id='word_1_257' title='bbox 866 3017 998 3081; x_wconf 79' lang='lat' dir='ltr'><strong>Achaten</strong></span> <span class='ocrx_word' id='word_1_258' title='bbox 1026 3019 1062 3080; x_wconf 88' lang='lat' dir='ltr'><strong>ad</strong></span> <span class='ocrx_word' id='word_1_259' title='bbox 1092 3037 1193 3081; x_wconf 89' lang='lat' dir='ltr'><strong>naues.</strong></span> <span class='ocrx_word' id='word_1_260' title='bbox 1237 3020 1342 3081; x_wconf 86' lang='lat' dir='ltr'><strong>Cetera</strong></span> <span class='ocrx_word' id='word_1_261' title='bbox 1371 3037 1597 3095; x_wconf 58' lang='lat' dir='ltr'><strong>nomenante</strong></span> 
     </span>
     <span class='ocr_line' id='line_1_27' title="bbox 157 3122 1444 3203; baseline 0.001 -20"><span class='ocrx_word' id='word_1_262' title='bbox 157 3141 232 3203; x_wconf 87' lang='lat' dir='ltr'><strong>quae</strong></span> <span class='ocrx_word' id='word_1_263' title='bbox 253 3129 428 3199; x_wconf 90' lang='lat' dir='ltr'><strong>sequuntur,</strong></span> <span class='ocrx_word' id='word_1_264' title='bbox 446 3140 498 3201; x_wconf 90' lang='lat' dir='ltr'><strong>per</strong></span> <span class='ocrx_word' id='word_1_265' title='bbox 513 3123 703 3202; x_wconf 86' lang='lat' dir='ltr'><strong>parenthesin</strong></span> <span class='ocrx_word' id='word_1_266' title='bbox 725 3124 899 3203; x_wconf 90' lang='lat' dir='ltr'><strong>interposita</strong></span> <span class='ocrx_word' id='word_1_267' title='bbox 922 3131 991 3183; x_wconf 92' lang='lat' dir='ltr'><strong>sunt</strong></span> <span class='ocrx_word' id='word_1_268' title='bbox 1014 3123 1148 3201; x_wconf 77' lang='lat' dir='ltr'><strong>‘neque</strong></span> <span class='ocrx_word' id='word_1_269' title='bbox 1171 3124 1264 3184; x_wconf 91' lang='lat' dir='ltr'><strong>enim</strong></span> <span class='ocrx_word' id='word_1_270' title='bbox 1287 3122 1444 3201; x_wconf 88' lang='lat' dir='ltr'><strong>patrius’</strong></span> 
     </span>
     <span class='ocr_line' id='line_1_28' title="bbox 156 3222 1443 3304; baseline 0.001 -21"><span class='ocrx_word' id='word_1_271' title='bbox 156 3233 186 3284; x_wconf 93' lang='lat' dir='ltr'><strong>et</strong></span> <span class='ocrx_word' id='word_1_272' title='bbox 208 3232 315 3284; x_wconf 87' lang='lat' dir='ltr'><strong>cetera.</strong></span> <span class='ocrx_word' id='word_1_273' title='bbox 354 3223 416 3284; x_wconf 90' lang='lat' dir='ltr'><strong>Hoc</strong></span> <span class='ocrx_word' id='word_1_274' title='bbox 439 3233 538 3285; x_wconf 90' lang='lat' dir='ltr'><strong>autem</strong></span> <span class='ocrx_word' id='word_1_275' title='bbox 561 3224 718 3287; x_wconf 72' lang='lat' dir='ltr'><strong>detensa</strong></span> <span class='ocrx_word' id='word_1_276' title='bbox 741 3226 852 3287; x_wconf 90' lang='lat' dir='ltr'><strong>dictum</strong></span> <span class='ocrx_word' id='word_1_277' title='bbox 876 3233 933 3299; x_wconf 90' lang='lat' dir='ltr'><strong>est,</strong></span> <span class='ocrx_word' id='word_1_278' title='bbox 963 3225 1014 3304; x_wconf 95' lang='lat' dir='ltr'><strong>qui</strong></span> <span class='ocrx_word' id='word_1_279' title='bbox 1042 3242 1109 3285; x_wconf 90' lang='lat' dir='ltr'><strong>cum</strong></span> <span class='ocrx_word' id='word_1_280' title='bbox 1133 3233 1209 3287; x_wconf 87' lang='lat' dir='ltr'><strong>esset</strong></span> <span class='ocrx_word' id='word_1_281' title='bbox 1231 3242 1298 3285; x_wconf 87' lang='lat' dir='ltr'><strong>cum</strong></span> <span class='ocrx_word' id='word_1_282' title='bbox 1320 3222 1443 3294; x_wconf 87' lang='lat' dir='ltr'><strong>Didone,</strong></span> 
     </span>
     <span class='ocr_line' id='line_1_29' title="bbox 157 3326 1206 3406; baseline 0 -20"><span class='ocrx_word' id='word_1_283' title='bbox 157 3328 239 3386; x_wconf 87' lang='lat' dir='ltr'><strong>rnisit</strong></span> <span class='ocrx_word' id='word_1_284' title='bbox 259 3326 391 3386; x_wconf 78' lang='lat' dir='ltr'><strong>Achaten</strong></span> <span class='ocrx_word' id='word_1_285' title='bbox 413 3328 592 3404; x_wconf 88' lang='lat' dir='ltr'><strong>armigerum</strong></span> <span class='ocrx_word' id='word_1_286' title='bbox 615 3345 700 3388; x_wconf 90' lang='lat' dir='ltr'><strong>suum</strong></span> <span class='ocrx_word' id='word_1_287' title='bbox 723 3327 759 3387; x_wconf 88' lang='lat' dir='ltr'><strong>ad</strong></span> <span class='ocrx_word' id='word_1_288' title='bbox 783 3343 876 3387; x_wconf 92' lang='lat' dir='ltr'><strong>naues</strong></span> <span class='ocrx_word' id='word_1_289' title='bbox 897 3336 1021 3406; x_wconf 88' lang='lat' dir='ltr'><strong>propter</strong></span> <span class='ocrx_word' id='word_1_290' title='bbox 1040 3327 1206 3387; x_wconf 79' lang='lat' dir='ltr'><strong>Ascanium.</strong></span> 
     </span>
     <span class='ocr_line' id='line_1_30' title="bbox 243 3424 1599 3508; baseline -0.001 -19"><span class='ocrx_word' id='word_1_291' title='bbox 243 3428 316 3489; x_wconf 93' lang='lat' dir='ltr'><strong>Una</strong></span> <span class='ocrx_word' id='word_1_292' title='bbox 340 3428 506 3488; x_wconf 87' lang='lat' dir='ltr'><strong>dictione</strong></span> <span class='ocrx_word' id='word_1_293' title='bbox 529 3427 587 3489; x_wconf 90' lang='lat' dir='ltr'><strong>uel</strong></span> <span class='ocrx_word' id='word_1_294' title='bbox 615 3427 789 3508; x_wconf 93' lang='lat' dir='ltr'><strong>pluribus</strong></span> <span class='ocrx_word' id='word_1_295' title='bbox 817 3429 1035 3488; x_wconf 89' lang='lat' dir='ltr'><strong>interiectis</strong></span> <span class='ocrx_word' id='word_1_296' title='bbox 1056 3429 1076 3487; x_wconf 93' lang='lat' dir='ltr'><strong>i·</strong></span> <span class='ocrx_word' id='word_1_297' title='bbox 1099 3427 1295 3507; x_wconf 87' lang='lat' dir='ltr'><strong>interpositis,</strong></span> <span class='ocrx_word' id='word_1_298' title='bbox 1326 3424 1599 3506; x_wconf 53' lang='lat' dir='ltr'><strong>quandopoqu·</strong></span> 
     </span>
     <span class='ocr_line' id='line_1_31' title="bbox 118 3527 1597 3608; baseline 0.001 -15"><span class='ocrx_word' id='word_1_299' title='bbox 118 3529 294 3593; x_wconf 80' lang='lat' dir='ltr'><strong>muidelicet</strong></span> <span class='ocrx_word' id='word_1_300' title='bbox 322 3532 353 3589; x_wconf 92' lang='lat' dir='ltr'><strong>in</strong></span> <span class='ocrx_word' id='word_1_301' title='bbox 382 3530 480 3590; x_wconf 91' lang='lat' dir='ltr'><strong>medio</strong></span> <span class='ocrx_word' id='word_1_302' title='bbox 508 3529 593 3590; x_wconf 92' lang='lat' dir='ltr'><strong>uerbi</strong></span> <span class='ocrx_word' id='word_1_303' title='bbox 620 3548 677 3590; x_wconf 90' lang='lat' dir='ltr'><strong>una</strong></span> <span class='ocrx_word' id='word_1_304' title='bbox 700 3529 747 3589; x_wconf 90' lang='lat' dir='ltr'><strong>uel</strong></span> <span class='ocrx_word' id='word_1_305' title='bbox 770 3528 871 3608; x_wconf 91' lang='lat' dir='ltr'><strong>plures</strong></span> <span class='ocrx_word' id='word_1_306' title='bbox 900 3527 1044 3589; x_wconf 88' lang='lat' dir='ltr'><strong>dictiones</strong></span> <span class='ocrx_word' id='word_1_307' title='bbox 1070 3529 1309 3606; x_wconf 89' lang='lat' dir='ltr'><strong>interponuntur.</strong></span> <span class='ocrx_word' id='word_1_308' title='bbox 1353 3529 1597 3608; x_wconf 57' lang='lat' dir='ltr'><strong>Sep-erpennio</strong></span> 
     </span>
     <span class='ocr_line' id='line_1_32' title="bbox 157 3629 1443 3710; baseline 0 -19"><span class='ocrx_word' id='word_1_309' title='bbox 157 3633 300 3692; x_wconf 88' lang='lat' dir='ltr'><strong>tentrio</strong></span> <span class='ocrx_word' id='word_1_310' title='bbox 328 3649 435 3691; x_wconf 87' lang='lat' dir='ltr'><strong>nonren</strong></span> <span class='ocrx_word' id='word_1_311' title='bbox 465 3632 657 3710; x_wconf 89' lang='lat' dir='ltr'><strong>compositum</strong></span> <span class='ocrx_word' id='word_1_312' title='bbox 687 3637 745 3692; x_wconf 90' lang='lat' dir='ltr'><strong>est:</strong></span> <span class='ocrx_word' id='word_1_313' title='bbox 775 3630 831 3691; x_wconf 87' lang='lat' dir='ltr'><strong>boc</strong></span> <span class='ocrx_word' id='word_1_314' title='bbox 862 3648 921 3690; x_wconf 94' lang='lat' dir='ltr'><strong>uno</strong></span> <span class='ocrx_word' id='word_1_315' title='bbox 949 3631 1069 3690; x_wconf 90' lang='lat' dir='ltr'><strong>nomine</strong></span> <span class='ocrx_word' id='word_1_316' title='bbox 1091 3630 1188 3690; x_wconf 90' lang='lat' dir='ltr'><strong>diuiso</strong></span> <span class='ocrx_word' id='word_1_317' title='bbox 1210 3629 1318 3691; x_wconf 90' lang='lat' dir='ltr'><strong>multae</strong></span> <span class='ocrx_word' id='word_1_318' title='bbox 1340 3629 1443 3691; x_wconf 90' lang='lat' dir='ltr'><strong>dictio·</strong></span> 
     </span>
     <span class='ocr_line' id='line_1_33' title="bbox 157 3730 1443 3811; baseline -0.001 -17"><span class='ocrx_word' id='word_1_319' title='bbox 157 3751 212 3794; x_wconf 92' lang='lat' dir='ltr'><strong>nes</strong></span> <span class='ocrx_word' id='word_1_320' title='bbox 233 3735 471 3810; x_wconf 86' lang='lat' dir='ltr'><strong>interponuntur.</strong></span> <span class='ocrx_word' id='word_1_321' title='bbox 516 3731 644 3793; x_wconf 84' lang='lat' dir='ltr'><strong>Plurima</strong></span> <span class='ocrx_word' id='word_1_322' title='bbox 674 3733 762 3792; x_wconf 91' lang='lat' dir='ltr'><strong>etiam</strong></span> <span class='ocrx_word' id='word_1_323' title='bbox 791 3730 858 3792; x_wconf 90' lang='lat' dir='ltr'><strong>talia</strong></span> <span class='ocrx_word' id='word_1_324' title='bbox 886 3732 1017 3792; x_wconf 92' lang='lat' dir='ltr'><strong>inueniri</strong></span> <span class='ocrx_word' id='word_1_325' title='bbox 1040 3739 1174 3811; x_wconf 89' lang='lat' dir='ltr'><strong>possunt.</strong></span> <span class='ocrx_word' id='word_1_326' title='bbox 1220 3731 1397 3793; x_wconf 86' lang='lat' dir='ltr'><strong>Subiecta</strong></span> <span class='ocrx_word' id='word_1_327' title='bbox 1418 3751 1443 3793; x_wconf 89' lang='lat' dir='ltr'><strong>s·</strong></span> 
     </span>
     <span class='ocr_line' id='line_1_34' title="bbox 157 3833 1444 3915; baseline 0.001 -20"><span class='ocrx_word' id='word_1_328' title='bbox 157 3835 231 3896; x_wconf 91' lang='lat' dir='ltr'><strong>haec</strong></span> <span class='ocrx_word' id='word_1_329' title='bbox 253 3854 321 3915; x_wconf 90' lang='lat' dir='ltr'><strong>pars</strong></span> <span class='ocrx_word' id='word_1_330' title='bbox 338 3834 447 3895; x_wconf 88' lang='lat' dir='ltr'><strong>mundi.</strong></span> <span class='ocrx_word' id='word_1_331' title='bbox 484 3834 752 3913; x_wconf 88' lang='lat' dir='ltr'><strong>Septentrioni.</strong></span> <span class='ocrx_word' id='word_1_332' title='bbox 789 3833 960 3912; x_wconf 86' lang='lat' dir='ltr'><strong>Septentrio</strong></span> <span class='ocrx_word' id='word_1_333' title='bbox 983 3843 1081 3896; x_wconf 92' lang='lat' dir='ltr'><strong>autem</strong></span> <span class='ocrx_word' id='word_1_334' title='bbox 1097 3852 1112 3894; x_wconf 93' lang='lat' dir='ltr'><strong>a</strong></span> <span class='ocrx_word' id='word_1_335' title='bbox 1128 3842 1243 3913; x_wconf 88' lang='lat' dir='ltr'><strong>septem</strong></span> <span class='ocrx_word' id='word_1_336' title='bbox 1266 3833 1359 3896; x_wconf 87' lang='lat' dir='ltr'><strong>stellis</strong></span> <span class='ocrx_word' id='word_1_337' title='bbox 1380 3835 1444 3896; x_wconf 80' lang='lat' dir='ltr'><strong>axis</strong></span> 
     </span>
     <span class='ocr_line' id='line_1_35' title="bbox 158 3933 1443 4019; baseline 0 -22"><span class='ocrx_word' id='word_1_338' title='bbox 158 3945 294 4003; x_wconf 87' lang='lat' dir='ltr'><strong>uocatos.</strong></span> <span class='ocrx_word' id='word_1_339' title='bbox 319 3953 393 4013; x_wconf 88' lang='lat' dir='ltr'><strong>quae</strong></span> <span class='ocrx_word' id='word_1_340' title='bbox 408 3937 439 3994; x_wconf 93' lang='lat' dir='ltr'><strong>in</strong></span> <span class='ocrx_word' id='word_1_341' title='bbox 455 3954 486 3997; x_wconf 91' lang='lat' dir='ltr'><strong>se</strong></span> <span class='ocrx_word' id='word_1_342' title='bbox 502 3935 655 3997; x_wconf 88' lang='lat' dir='ltr'><strong>reuolutae</strong></span> <span class='ocrx_word' id='word_1_343' title='bbox 671 3943 806 3996; x_wconf 90' lang='lat' dir='ltr'><strong>rotantur</strong></span> <span class='ocrx_word' id='word_1_344' title='bbox 821 3933 832 4019; x_wconf 84' lang='grc' dir='ltr'><strong>ΙΙ</strong></span> <span class='ocrx_word' id='word_1_345' title='bbox 848 3933 909 3997; x_wconf 81' lang='grc'><strong>211</strong></span> <span class='ocrx_word' id='word_1_346' title='bbox 927 3936 952 4017; x_wconf 66' lang='lat' dir='ltr'><strong>{t</strong></span> <span class='ocrx_word' id='word_1_347' title='bbox 988 3936 1049 3998; x_wconf 93' lang='lat' dir='ltr'><strong>lloc</strong></span> <span class='ocrx_word' id='word_1_348' title='bbox 1064 3943 1163 3997; x_wconf 87' lang='lat' dir='ltr'><strong>autern</strong></span> <span class='ocrx_word' id='word_1_349' title='bbox 1179 3939 1299 4017; x_wconf 90' lang='lat' dir='ltr'><strong>proprie</strong></span> <span class='ocrx_word' id='word_1_350' title='bbox 1315 3939 1443 3998; x_wconf 73' lang='lat' dir='ltr'><strong>‘norma’</strong></span> 
     </span>
     <span class='ocr_line' id='line_1_36' title="bbox 119 4036 902 4117; baseline -0.004 -18"><span class='ocrx_word' id='word_1_351' title='bbox 119 4058 145 4100; x_wconf 78' lang='lat' dir='ltr'><strong>so</strong></span> <span class='ocrx_word' id='word_1_352' title='bbox 158 4038 276 4108; x_wconf 90' lang='lat' dir='ltr'><strong>dicitur,</strong></span> <span class='ocrx_word' id='word_1_353' title='bbox 300 4056 334 4099; x_wconf 90' lang='lat' dir='ltr'><strong>eo</strong></span> <span class='ocrx_word' id='word_1_354' title='bbox 357 4036 436 4116; x_wconf 92' lang='lat' dir='ltr'><strong>quod</strong></span> <span class='ocrx_word' id='word_1_355' title='bbox 458 4039 595 4109; x_wconf 87' lang='lat' dir='ltr'><strong>uertitur,</strong></span> <span class='ocrx_word' id='word_1_356' title='bbox 619 4039 697 4099; x_wconf 90' lang='lat' dir='ltr'><strong>sicut</strong></span> <span class='ocrx_word' id='word_1_357' title='bbox 717 4048 827 4117; x_wconf 89' lang='lat' dir='ltr'><strong>poeta</strong></span> <span class='ocrx_word' id='word_1_358' title='bbox 850 4039 902 4099; x_wconf 91' lang='lat' dir='ltr'><strong>ait:</strong></span> 
     </span>
     <span class='ocr_line' id='line_1_37' title="bbox 511 4140 1024 4203; baseline 0.002 -6"><span class='ocrx_word' id='word_1_359' title='bbox 511 4140 679 4201; x_wconf 87' lang='lat' dir='ltr'><strong>Vertitur</strong></span> <span class='ocrx_word' id='word_1_360' title='bbox 699 4141 847 4202; x_wconf 89' lang='lat' dir='ltr'><strong>interea</strong></span> <span class='ocrx_word' id='word_1_361' title='bbox 870 4140 1024 4203; x_wconf 85' lang='lat' dir='ltr'><strong>caelum.</strong></span> 
     </span>
     <span class='ocr_line' id='line_1_38' title="bbox 242 4241 1582 4324; baseline 0.001 -22"><span class='ocrx_word' id='word_1_362' title='bbox 242 4241 483 4322; x_wconf 78' lang='lat' dir='ltr'><strong>synchysis</strong></span> <span class='ocrx_word' id='word_1_363' title='bbox 510 4251 575 4302; x_wconf 90' lang='lat' dir='ltr'><strong>est</strong></span> <span class='ocrx_word' id='word_1_364' title='bbox 602 4242 883 4322; x_wconf 75' lang='lat' dir='ltr'><strong>hyperbaton</strong></span> <span class='ocrx_word' id='word_1_365' title='bbox 910 4260 958 4303; x_wconf 84' lang='lat' dir='ltr'><strong>ex</strong></span> <span class='ocrx_word' id='word_1_366' title='bbox 985 4241 1096 4302; x_wconf 91' lang='lat' dir='ltr'><strong>omni</strong></span> <span class='ocrx_word' id='word_1_367' title='bbox 1123 4250 1228 4321; x_wconf 90' lang='lat' dir='ltr'><strong>parte</strong></span> <span class='ocrx_word' id='word_1_368' title='bbox 1250 4243 1582 4324; x_wconf 66' lang='lat' dir='ltr'><strong>conlusnmp.401,10</strong></span> 
     </span>
     <span class='ocr_line' id='line_1_39' title="bbox 159 4342 1582 4425; baseline 0.001 -21"><span class='ocrx_word' id='word_1_369' title='bbox 159 4346 179 4404; x_wconf 95' lang='lat' dir='ltr'><strong>i·</strong></span> <span class='ocrx_word' id='word_1_370' title='bbox 203 4346 393 4405; x_wconf 83' lang='lat' dir='ltr'><strong>commixtum</strong></span> <span class='ocrx_word' id='word_1_371' title='bbox 416 4345 436 4403; x_wconf 92' lang='lat' dir='ltr'><strong>i·</strong></span> <span class='ocrx_word' id='word_1_372' title='bbox 460 4343 578 4424; x_wconf 90' lang='lat' dir='ltr'><strong>quando</strong></span> <span class='ocrx_word' id='word_1_373' title='bbox 600 4342 692 4405; x_wconf 91' lang='lat' dir='ltr'><strong>uerba</strong></span> <span class='ocrx_word' id='word_1_374' title='bbox 715 4352 745 4404; x_wconf 91' lang='lat' dir='ltr'><strong>et</strong></span> <span class='ocrx_word' id='word_1_375' title='bbox 766 4361 869 4406; x_wconf 84' lang='lat' dir='ltr'><strong>sensus</strong></span> <span class='ocrx_word' id='word_1_376' title='bbox 891 4342 1123 4406; x_wconf 79' lang='lat' dir='ltr'><strong>confunduntur.</strong></span> <span class='ocrx_word' id='word_1_377' title='bbox 1167 4344 1209 4405; x_wconf 87' lang='lat' dir='ltr'><strong>Vt</strong></span> <span class='ocrx_word' id='word_1_378' title='bbox 1236 4346 1307 4406; x_wconf 92' lang='lat' dir='ltr'><strong>tris</strong></span> <span class='ocrx_word' id='word_1_379' title='bbox 1333 4347 1359 4405; x_wconf 94' lang='lat' dir='ltr'><strong>i·</strong></span> <span class='ocrx_word' id='word_1_380' title='bbox 1382 4353 1444 4407; x_wconf 85' lang='lat' dir='ltr'><strong>tres</strong></span> <span class='ocrx_word' id='word_1_381' title='bbox 1457 4384 1478 4425; x_wconf 67' lang='grc' dir='ltr'><strong>ρ,</strong></span> <span class='ocrx_word' id='word_1_382' title='bbox 1491 4373 1542 4422; x_wconf 76' lang='lat'><strong>401,</strong></span> <span class='ocrx_word' id='word_1_383' title='bbox 1556 4373 1582 4418; x_wconf 63' lang='grc' dir='ltr'><strong>ω</strong></span> 
     </span>
    </p>
   </div>
   <div class='ocr_carea' id='block_1_3' title="bbox 156 4526 1443 4935">
    <p class='ocr_par' dir='ltr' id='par_1_3' title="bbox 156 4526 1443 4935">
     <span class='ocr_line' id='line_1_40' title="bbox 225 4526 1441 4598; baseline 0.001 -18"><span class='ocrx_word' id='word_1_384' title='bbox 225 4534 283 4580; x_wconf 77' lang='lat' dir='ltr'><strong>let</strong></span> <span class='ocrx_word' id='word_1_385' title='bbox 302 4541 395 4579; x_wconf 84' lang='lat' dir='ltr'><strong>torrere</strong></span> <span class='ocrx_word' id='word_1_386' title='bbox 463 4526 614 4595; x_wconf 85' lang='lat' dir='ltr'><strong>bSeruius]</strong></span> <span class='ocrx_word' id='word_1_387' title='bbox 640 4530 677 4580; x_wconf 75' lang='lat' dir='ltr'><strong>aa</strong></span> <span class='ocrx_word' id='word_1_388' title='bbox 696 4529 973 4596; x_wconf 80' lang='lat' dir='ltr'><strong>Verp.Aen.1179:</strong></span> <span class='ocrx_word' id='word_1_389' title='bbox 1003 4529 1074 4581; x_wconf 86' lang='lat' dir='ltr'><strong>Multi</strong></span> <span class='ocrx_word' id='word_1_390' title='bbox 1092 4530 1324 4598; x_wconf 82' lang='lat' dir='ltr'><strong>Hysteroprcteron</strong></span> <span class='ocrx_word' id='word_1_391' title='bbox 1342 4541 1441 4597; x_wconf 83' lang='lat' dir='ltr'><strong>putant,</strong></span> 
     </span>
     <span class='ocr_line' id='line_1_41' title="bbox 158 4597 1443 4666; baseline 0.003 -20"><span class='ocrx_word' id='word_1_392' title='bbox 158 4613 209 4647; x_wconf 91' lang='lat' dir='ltr'><strong>non</strong></span> <span class='ocrx_word' id='word_1_393' title='bbox 227 4599 391 4662; x_wconf 83' lang='lat' dir='ltr'><strong>respicientes</strong></span> <span class='ocrx_word' id='word_1_394' title='bbox 415 4598 563 4662; x_wconf 82' lang='lat' dir='ltr'><strong>superiora:</strong></span> <span class='ocrx_word' id='word_1_395' title='bbox 587 4597 647 4660; x_wconf 80' lang='lat' dir='ltr'><strong>qnia</strong></span> <span class='ocrx_word' id='word_1_396' title='bbox 669 4597 736 4646; x_wconf 86' lang='lat' dir='ltr'><strong>dixit</strong></span> <span class='ocrx_word' id='word_1_397' title='bbox 758 4598 834 4648; x_wconf 90' lang='lat' dir='ltr'><strong>undis</strong></span> <span class='ocrx_word' id='word_1_398' title='bbox 852 4597 968 4648; x_wconf 84' lang='lat' dir='ltr'><strong>Cererem</strong></span> <span class='ocrx_word' id='word_1_399' title='bbox 986 4613 1043 4649; x_wconf 85' lang='lat' dir='ltr'><strong>esse</strong></span> <span class='ocrx_word' id='word_1_400' title='bbox 1060 4610 1220 4666; x_wconf 83' lang='lat' dir='ltr'><strong>corruptam,</strong></span> <span class='ocrx_word' id='word_1_401' title='bbox 1243 4615 1319 4663; x_wconf 82' lang='lat' dir='ltr'><strong>qnam</strong></span> <span class='ocrx_word' id='word_1_402' title='bbox 1338 4612 1443 4650; x_wconf 72' lang='lat' dir='ltr'><strong>necmm</strong></span> 
     </span>
     <span class='ocr_line' id='line_1_42' title="bbox 156 4665 1441 4732; baseline 0.002 -18"><span class='ocrx_word' id='word_1_403' title='bbox 156 4668 240 4714; x_wconf 82' lang='lat' dir='ltr'><strong>luerat</strong></span> <span class='ocrx_word' id='word_1_404' title='bbox 260 4677 318 4713; x_wconf 79' lang='lat' dir='ltr'><strong>ante</strong></span> <span class='ocrx_word' id='word_1_405' title='bbox 341 4667 439 4718; x_wconf 84' lang='lat' dir='ltr'><strong>siccari.</strong></span> <span class='ocrx_word' id='word_1_406' title='bbox 456 4691 490 4700; x_wconf 94' lang='lat'><em>-</em></span> <span class='ocrx_word' id='word_1_407' title='bbox 508 4665 539 4715; x_wconf 84' lang='lat' dir='ltr'><strong>Et</strong></span> <span class='ocrx_word' id='word_1_408' title='bbox 558 4666 738 4714; x_wconf 77' lang='lat' dir='ltr'><strong>uolumenum</strong></span> <span class='ocrx_word' id='word_1_409' title='bbox 758 4665 798 4714; x_wconf 90' lang='lat' dir='ltr'><strong>hic</strong></span> <span class='ocrx_word' id='word_1_410' title='bbox 816 4666 942 4730; x_wconf 83' lang='lat' dir='ltr'><strong>Hysteroo</strong></span> <span class='ocrx_word' id='word_1_411' title='bbox 960 4678 1081 4732; x_wconf 83' lang='lat' dir='ltr'><strong>proteron</strong></span> <span class='ocrx_word' id='word_1_412' title='bbox 1100 4683 1170 4718; x_wconf 83' lang='lat' dir='ltr'><strong>esse:</strong></span> <span class='ocrx_word' id='word_1_413' title='bbox 1192 4669 1263 4730; x_wconf 90' lang='lat' dir='ltr'><strong>quod</strong></span> <span class='ocrx_word' id='word_1_414' title='bbox 1283 4666 1376 4718; x_wconf 81' lang='lat' dir='ltr'><strong>laisum</strong></span> <span class='ocrx_word' id='word_1_415' title='bbox 1395 4680 1441 4723; x_wconf 82' lang='lat' dir='ltr'><strong>est.</strong></span> 
     </span>
     <span class='ocr_line' id='line_1_43' title="bbox 158 4728 1442 4798; baseline 0.004 -16"><span class='ocrx_word' id='word_1_416' title='bbox 158 4732 222 4782; x_wconf 80' lang='lat' dir='ltr'><strong>Nam</strong></span> <span class='ocrx_word' id='word_1_417' title='bbox 240 4744 265 4782; x_wconf 85' lang='lat' dir='ltr'><strong>et</strong></span> <span class='ocrx_word' id='word_1_418' title='bbox 281 4732 408 4795; x_wconf 88' lang='lat' dir='ltr'><strong>hodieque</strong></span> <span class='ocrx_word' id='word_1_419' title='bbox 425 4739 472 4783; x_wconf 85' lang='lat' dir='ltr'><strong>etc.</strong></span> <span class='ocrx_word' id='word_1_420' title='bbox 541 4728 648 4796; x_wconf 82' lang='lat' dir='ltr'><strong>9Nnnr]</strong></span> <span class='ocrx_word' id='word_1_421' title='bbox 667 4731 732 4782; x_wconf 87' lang='lat' dir='ltr'><strong>Sunt</strong></span> <span class='ocrx_word' id='word_1_422' title='bbox 748 4731 834 4784; x_wconf 71' lang='lat' dir='ltr'><strong>Seruii</strong></span> <span class='ocrx_word' id='word_1_423' title='bbox 849 4734 928 4785; x_wconf 85' lang='lat' dir='ltr'><strong>uerba</strong></span> <span class='ocrx_word' id='word_1_424' title='bbox 945 4737 993 4785; x_wconf 77' lang='lat' dir='ltr'><strong>tl.</strong></span> <span class='ocrx_word' id='word_1_425' title='bbox 1050 4747 1075 4787; x_wconf 84' lang='lat' dir='ltr'><strong>et</strong></span> <span class='ocrx_word' id='word_1_426' title='bbox 1091 4736 1219 4798; x_wconf 89' lang='lat' dir='ltr'><strong>hodieque</strong></span> <span class='ocrx_word' id='word_1_427' title='bbox 1236 4734 1342 4788; x_wconf 78' lang='lat' dir='ltr'><strong>Seruius</strong></span> <span class='ocrx_word' id='word_1_428' title='bbox 1410 4738 1442 4787; x_wconf 81' lang='lat'><strong>13</strong></span> 
     </span>
     <span class='ocr_line' id='line_1_44' title="bbox 156 4799 1443 4871; baseline 0.002 -21"><span class='ocrx_word' id='word_1_429' title='bbox 156 4799 270 4864; x_wconf 86' lang='lat' dir='ltr'><strong>Persius]</strong></span> <span class='ocrx_word' id='word_1_430' title='bbox 289 4801 373 4851; x_wconf 84' lang='lat' dir='ltr'><strong>Sotl</strong></span> <span class='ocrx_word' id='word_1_431' title='bbox 390 4801 510 4852; x_wconf 70' lang='lat' dir='ltr'><strong>catatu.</strong></span> <span class='ocrx_word' id='word_1_432' title='bbox 579 4802 612 4852; x_wconf 76' lang='lat'><strong>22</strong></span> <span class='ocrx_word' id='word_1_433' title='bbox 629 4799 780 4866; x_wconf 78' lang='lat' dir='ltr'><strong>chartagine</strong></span> <span class='ocrx_word' id='word_1_434' title='bbox 847 4803 880 4854; x_wconf 80' lang='lat'><strong>36</strong></span> <span class='ocrx_word' id='word_1_435' title='bbox 897 4799 985 4869; x_wconf 79' lang='lat' dir='ltr'><strong>pocta]</strong></span> <span class='ocrx_word' id='word_1_436' title='bbox 1002 4802 1271 4871; x_wconf 78' lang='lat' dir='ltr'><strong>Verp.Aen.11250</strong></span> <span class='ocrx_word' id='word_1_437' title='bbox 1338 4805 1371 4856; x_wconf 79' lang='grc'><strong>37</strong></span> <span class='ocrx_word' id='word_1_438' title='bbox 1388 4804 1443 4854; x_wconf 88' lang='lat' dir='ltr'><strong>sin·</strong></span> 
     </span>
     <span class='ocr_line' id='line_1_45' title="bbox 156 4870 462 4935; baseline 0 -15"><span class='ocrx_word' id='word_1_439' title='bbox 156 4870 247 4920; x_wconf 83' lang='lat' dir='ltr'><strong>chrisis</strong></span> <span class='ocrx_word' id='word_1_440' title='bbox 266 4879 305 4920; x_wconf 83' lang='lat' dir='ltr'><strong>est</strong></span> <span class='ocrx_word' id='word_1_441' title='bbox 321 4870 462 4935; x_wconf 86' lang='lat' dir='ltr'><strong>yperbnton</strong></span> 
     </span>
    </p>
   </div>
   <div class='ocr_carea' id='block_1_4' title="bbox 0 0 1696 5476">
    <p class='ocr_par' dir='ltr' id='par_1_4' title="bbox 0 0 1696 5476">
     <span class='ocr_line' id='line_1_46' title="bbox 0 0 1696 5476; baseline 0 0"><span class='ocrx_word' id='word_1_442' title='bbox 0 0 1696 5476; x_wconf 95' lang='lat' dir='ltr'><strong> </strong></span> 
     </span>
    </p>
   </div>
  </div>
 </body>
</html>
