3374 5446
727 276 942 331 BERNENSIS.
1415 275 1476 341 103

177 467 322 532 Dicebant
347 477 447 531 umen
473 476 590 530 ueteres
616 467 647 528 bi
674 484 783 548 specus
805 473 836 528 et
857 465 914 528 boc
935 485 1058 547 specum
1080 466 1205 528 ethaeo
1227 485 1325 548 speca.
1369 467 1475 530 Cato:

176 589 289 651 speca
317 573 483 651 prosius,
512 586 581 650 quo
610 585 705 649 aqua
733 567 777 629 de
805 569 865 632 uia
893 568 1036 641 abiret,
1064 577 1288 650 quaerentes
1317 570 1475 632 iuuene·

177 681 272 735 runt.
316 673 473 736 Ouidius
494 671 659 733 masculino
682 688 806 750 genere:

329 776 371 837 Et
392 793 528 856 specus
550 775 587 835 in
610 771 731 834 medio
754 772 875 852 uirgis
896 791 937 834 ac
960 774 1100 836 uimine
1121 773 1272 835 densus.

150 877 272 942 eldem:
327 878 468 958 Specus
490 884 546 938 est
570 874 773 936 tenebroso
795 875 1062 937 caecus-biatu.

112 1013 118 1040 t
175 979 270 1041 ldem:
329 979 373 1041 lit
394 995 530 1059 specus
552 976 729 1039 inmedio
753 983 885 1038 natura
907 976 1028 1039 lactus
1051 995 1094 1038 an
1115 984 1210 1048 arte,
1248 977 1474 1058 Ambiguum.

175 1081 274 1143 Penus
311 1097 429 1161 quoque
458 1087 488 1140 et
515 1077 669 1140 masculini
696 1086 726 1139 et
751 1078 888 1140 feminini
914 1086 945 1141 et
971 1079 1070 1142 neutri
1102 1079 1262 1140 inuenitur.
1317 1079 1473 1142 Plautus

176 1182 338 1245 masculino
359 1199 470 1261 genere
492 1180 581 1242 dixit:

326 1283 405 1346 Nisi
426 1284 515 1345 mibi
538 1300 681 1344 annuus
702 1300 821 1362 penus
843 1281 888 1344 ab
910 1280 1143 1345 amatoribus
1165 1285 1397 1363 congeritur.

139 1415 163 1456 ιι
176 1386 344 1449 Lucilius
365 1387 523 1447 feminino:

327 1487 454 1567 llagna
475 1504 592 1567 penus
613 1504 733 1566 paruo
755 1487 879 1566 spatio
903 1492 1122 1566 consumpta
1143 1485 1299 1566 peribit.

174 1590 351 1655 Horatius
373 1597 495 1651 neutro:

325 1692 457 1754 Portet
477 1691 665 1752 irumenta
686 1707 891 1770 penusque.

72 1859 78 1867 ‚
174 1793 279 1856 Neutri
299 1791 454 1872 genetiuus
476 1800 521 1853 est
543 1792 678 1871 penoris,
707 1798 740 1852 ut
760 1808 852 1870 pecus
878 1791 1005 1871 pecoris.
1051 1791 1204 1854 Caesar:
1235 1792 1473 1872 propinquos

138 1903 328 1965 15nostros
349 1893 528 1956 Messalas
551 1892 655 1955 dome
677 1889 888 1971 deilagrata
909 1911 1049 1973 penora
1070 1892 1285 1956 uolebamus
1305 1897 1470 1975 priuare.

174 1996 237 2058 lloc
259 2014 369 2077 penum
392 1996 481 2057 etiem
503 1995 680 2056 Afranius
701 1991 824 2075 protulit
846 1992 965 2056 dicens:

641 2096 683 2158 lu
704 2113 838 2176 penum
862 2093 965 2157 erile.

174 2201 363 2270 Promiscua‚
393 2205 427 2260 ut
446 2198 495 2259 hic
516 2196 565 2258 uel
587 2195 661 2258 baec
684 2216 801 2260 coruus.
845 2196 974 2260 Nomina
1003 2205 1100 2261 autem
1128 2198 1292 2262 masculina
1322 2200 1472 2263 secundae

173 2300 379 2364 declinationis
400 2302 431 2361 in
454 2318 489 2360 us
511 2298 676 2360 desinentia
699 2299 742 2360 sic
763 2298 965 2361 declinantur:
993 2299 1042 2362 hic
1070 2318 1164 2379 agnus
1190 2301 1280 2363 huius
1308 2302 1379 2380 agui
1400 2300 1472 2363 huic

135 2420 249 2482 magno
278 2402 358 2463 bunc
384 2419 492 2480 agnum
521 2419 538 2461 o
567 2416 643 2477 agne
670 2397 759 2462 uelo
787 2419 880 2480 agnus
909 2400 946 2463 ab
974 2402 1032 2463 boc
1060 2420 1136 2481 agno
1159 2409 1189 2463 et
1209 2401 1316 2482 plurali
1343 2403 1375 2464 hi
1403 2404 1472 2481 agni

99 2542 102 2546 »
174 2505 280 2567 borum
302 2521 447 2584 agnorum
470 2503 517 2563 his
538 2502 622 2581 agnis
644 2500 698 2562 bes
720 2518 811 2581 agnos
833 2521 850 2563 o
873 2504 941 2582 agni
964 2501 1001 2564 ab
1024 2503 1070 2566 bis
1092 2505 1185 2582 agnis.
1231 2505 1282 2566 Sic
1303 2503 1470 2565 declinatur

173 2605 319 2685 benignus
345 2608 439 2667 iustus
466 2605 535 2685 pius
561 2610 660 2666 castus
687 2604 805 2665 ieiunus
832 2603 947 2666 faustus
975 2614 1140 2685 oportunus
1162 2622 1270 2667 auarus
1292 2607 1470 2668 criminosus
1526 2686 1529 2693 ἢ

172 2710 292 2770 insanum
315 2709 453 2769 inimicus
475 2707 587 2768 amicus
608 2706 710 2766 lirrnus
732 2703 829 2767 bonus
851 2704 929 2769 altus
950 2713 1070 2769 sanctus
1092 2715 1122 2769 ct
1143 2707 1267 2786 reliqua.
1311 2706 1385 2769 ltem
1413 2726 1471 2790 per

172 2809 231 2871 duo
253 2829 273 2870 u
301 2809 349 2870 bic
377 2805 513 2871 carduus
532 2814 671 2869 strenuus
697 2809 900 2870 nominatiuus
924 2807 1104 2871 indicatiuus
1130 2810 1325 2889 imperatiuus
1347 2817 1377 2870 et
1399 2808 1469 2871 reli·

132 2929 238 2990 aequa.
282 2911 355 2972 ltern
385 2912 503 2972 nomina
532 2909 674 2971 feminina
707 2909 855 2972 secundae
888 2909 1094 2973 declinationis
1121 2912 1152 2972 in
1180 2930 1216 2972 us
1243 2910 1408 2973 desinentia
1438 2913 1469 2972 in

170 3012 312 3092 singulari
334 3031 460 3074 numero
483 3014 525 3072 sic
547 3011 748 3073 declinantur:
781 3011 854 3072 haec
881 3010 1003 3091 abyssus
1031 3012 1120 3075 buius
1146 3011 1244 3093 abyssi
1272 3014 1342 3075 huic
1358 2994 1469 3094 'abysso

171 3114 247 3176 banc
275 3113 412 3194 abyssum
435 3132 453 3174 o
476 3112 600 3193 abyssus
622 3113 659 3175 ab
687 3112 742 3174 hec
769 3112 883 3194 abysso.
928 3114 977 3175 Sic
1005 3113 1192 3177 declinantur
1219 3116 1293 3177 baec
1319 3115 1469 3196 Aegyptus

170 3215 244 3278 baec
266 3215 374 3278 humus
388 3211 402 3298 ll
418 3217 437 3275 1.
454 3211 515 3275 992
531 3213 542 3297 ΙΙ
559 3215 633 3276 baec
654 3216 804 3285 heremus,
827 3224 857 3277 et
879 3216 999 3278 nemina
1022 3216 1161 3279 arborum
1189 3218 1220 3279 in
1243 3236 1278 3279 us
1299 3217 1469 3280 desinentia

169 3319 311 3380 feminina
333 3325 404 3379 sunt
426 3323 456 3377 et
476 3318 624 3379 secundae
652 3317 872 3388 declinationis,
900 3324 934 3378 ut
955 3317 1029 3378 haec
1056 3337 1184 3398 quercus
1206 3321 1294 3399 pinus
1316 3318 1416 3381 laurus
1439 3329 1469 3382 et

131 3420 293 3498 aoreliqua.
338 3419 462 3480 Nomina
491 3426 589 3480 autem
619 3428 725 3480 neutra
753 3421 796 3480 sic
823 3418 1027 3490 declinantur,
1052 3429 1084 3481 ut
1107 3428 1151 3482 est
1172 3421 1229 3483 hoe
1252 3419 1357 3500 uulgus
1380 3420 1468 3483 huius

169 3521 252 3601 uulgi
274 3521 344 3581 buic
367 3518 457 3598 uulgo
480 3518 537 3582 boc
564 3518 672 3600 uulgus
695 3540 713 3582 o
735 3520 843 3600 uulgus
865 3521 902 3582 ab
925 3523 983 3583 hoc
1005 3519 1104 3598 uulgo.
1150 3522 1199 3584 Sic
1222 3520 1388 3583 declinatur
1410 3520 1468 3583 boc

169 3624 291 3705 pelagus
312 3622 370 3684 boc
392 3623 484 3683 uuus.
530 3623 709 3701 Asperius
731 3622 818 3683 dicit:
842 3622 916 3684 Hoc
939 3620 1157 3684 euidentius
1180 3621 1372 3686 sciendum
1396 3631 1466 3693 est,

169 3725 264 3804 quod
288 3726 408 3785 omnia
438 3725 585 3785 nomina
614 3731 746 3786 neutra
773 3725 809 3786 in
831 3723 1017 3803 singulari
1046 3742 1200 3786 numero
1223 3725 1304 3787 siue
1326 3727 1363 3787 in
1384 3725 1467 3807 plu·

169 3826 241 3889 rali
269 3826 501 3888 nominatiuo
531 3845 617 3887 casu
645 3834 680 3887 et
702 3827 922 3888 accusatiuo
951 3834 986 3887 et
1009 3828 1184 3888 uocatiuo
1213 3845 1319 3889 unam
1349 3827 1466 3889 decli·

72 3923 76 3934 ’
130 3929 360 3996 aenationem
390 3921 542 3998 babent,
572 3931 626 3989 ita
656 3935 693 3990 ut
720 3946 786 4008 per
814 3930 935 3990 omnia
963 3929 1111 3991 uomina
1139 3935 1273 3990 neutra
1301 3946 1368 3990 nec
1395 3948 1466 3991 una

169 4031 299 4092 littera
322 4034 358 4092 in
382 4029 655 4111 declinationis
682 4029 937 4093 similitudine
966 4048 1114 4091 casuum
1142 4031 1306 4108 ipsorum
1329 4033 1465 4093 mutari
1495 4093 1499 4096 ,

237 4220 249 4267 1
269 4232 364 4283 specua
383 4229 431 4280 pru
449 4215 491 4265 siti
560 4219 576 4266 2
594 4216 669 4265 deuia
688 4215 786 4267 habiret
837 4225 988 4280 quaerentes
1007 4210 1170 4280 inuenerunt]
1189 4216 1288 4266 Desunt
1304 4216 1368 4267 daec
1385 4217 1467 4269 uerba

166 4288 193 4335 in
212 4287 341 4336 Prisciani
357 4283 486 4335 codicibus
503 4280 532 4348 (Ι
547 4301 574 4349 p.
595 4287 651 4344 260,
670 4287 686 4334 d
703 4284 751 4344 H.)
819 4280 975 4348 30uidius]
995 4284 1079 4334 Prisc.
1097 4279 1150 4337 l.'l.
1168 4285 1228 4343 2⁶0,
1247 4286 1263 4333 9
1280 4299 1334 4350 seq.
1403 4287 1464 4336 4in

168 4353 251 4403 medio
270 4354 311 4402 uie
329 4353 410 4417 uirgis
497 4355 605 4402 beccus
691 4348 907 4418 lplaustus1cf.
928 4352 1010 4402 Prisc.
1030 4353 1133 4404 1119
1219 4351 1318 4417 ligone
1398 4351 1464 4404 aab

168 4422 278 4486 emptori
294 4421 462 4484 congerritur.
487 4418 582 4485 lucius}
602 4421 689 4471 Prisc.
702 4422 717 4469 1.
730 4424 748 4472 1.
760 4423 796 4471 20
864 4422 894 4469 11
913 4419 1003 4485 specio
1073 4421 1105 4470 12
1118 4417 1226 4485 oratius]
1247 4421 1332 4472 Prisc.
1343 4424 1464 4485 prcus

169 4491 200 4538 14
219 4486 319 4552 caesas]
338 4489 422 4541 Prisc.
439 4506 467 4554 p.
486 4491 579 4546 2dl,d
632 4489 664 4539 lb
681 4487 791 4538 mesalas
843 4503 937 4554 penere
989 4489 1020 4537 16
1038 4485 1165 4552 elramus]
1185 4489 1271 4539 Prisc.
1289 4491 1306 4539 1.
1325 4490 1378 4542 tl
1430 4492 1464 4540 20

168 4556 207 4605 uel
227 4557 320 4621 cogni
371 4556 407 4606 bii
475 4557 507 4605 21
526 4556 574 4607 bos
592 4571 675 4622 ugnus
754 4558 788 4608 23
806 4571 852 4622 pro
869 4556 936 4606 duo'¹
1021 4556 1055 4605 21
1072 4556 1172 4607 cardius
1224 4567 1361 4607 strennuus
1430 4559 1464 4607 26

166 4623 230 4673 haec
246 4622 360 4687 habysus
378 4623 455 4675 lanius
473 4624 546 4688 abysi
564 4624 624 4674 huic
641 4625 722 4688 abyso
741 4622 802 4691 etc]
889 4625 922 4674 21
940 4623 1065 4688 eabysum
1116 4633 1228 4691 egyptus
1300 4627 1335 4677 28
1352 4639 1428 4676 umus

167 4692 280 4771 liei-imus
366 4693 399 4744 29
416 4691 483 4743 ieme
569 4695 602 4744 32
619 4689 757 4760 Asperius]
775 4709 803 4759 p.
821 4692 865 4754 14,
881 4691 1081 4746 remutet
1146 4692 1289 4749 libinose.
1340 4706 1429 4767 capum

166 4774 257 4812 ιιιιιιιιι
