3382 5476
495 377 543 427 DE
562 370 713 427 IVLIANO
731 375 927 428 TOLETANO
946 377 1188 429 GRAMMATICO

726 565 775 627 DE
797 564 952 628 NOMINE.

281 735 341 796 Ars
355 737 421 797 cod.
439 737 532 796 Bern.
551 737 570 796 l.
589 733 647 797 li?l
668 736 907 813 deprehenditur
922 756 937 796 a
954 736 1174 816 quibusdam
1192 735 1368 801 bonatus,
1392 751 1484 810 quare

195 822 436 898 conparationem
459 821 537 880 inter
559 820 614 881 alia
636 820 799 882 accidentia
823 821 1061 889 adnumerasset,
1088 839 1155 881 oum
1179 839 1236 880 nou
1260 837 1348 899 saepe
1370 817 1485 879 accidat

198 905 319 965 nomini.
366 905 470 966 Sciens
492 905 638 974 Donatus,
669 909 735 983 quia
766 907 941 985 quandoque
970 907 1104 967 accidere
1132 906 1234 966 debuit
1261 905 1387 972 nomini,
1417 904 1484 963 ideo

195 987 274 1049 illam
297 989 503 1051 adnumerauit
525 992 603 1051 inter
629 990 683 1050 alia
708 990 881 1053 accidentia.
926 993 1067 1070 Culpatur
1089 1012 1104 1052 a
1127 990 1361 1070 quibusdam,
1391 1007 1484 1067 quare

196 1073 367 1135 tantundem
395 1093 446 1135 sex
473 1074 634 1137 accidentia
658 1075 864 1138 adnumerauit
886 1077 1031 1145 linuatus,
1061 1094 1127 1137 oum
1151 1073 1198 1136 alli
1221 1074 1321 1155 plures
1342 1073 1511 1133 arnume-⁵

195 1166 318 1220 rassent.
371 1159 514 1229 Donatus,
547 1161 624 1238 quod
654 1181 708 1221 suo
736 1162 855 1239 ingenio
883 1164 1020 1222 inuenire
1048 1160 1157 1240 potuit,
1186 1160 1242 1220 boc
1269 1160 1484 1226 adnumerauit,

194 1243 267 1305 illud
296 1264 384 1314 uero,
413 1245 491 1324 quod
519 1244 690 1306 naturaliter
718 1246 826 1307 accidit
852 1248 980 1313 nomini.
1011 1265 1068 1307 non
1098 1244 1192 1307 solum
1221 1246 1348 1311 nomini,
1377 1243 1428 1304 sed
1456 1252 1485 1304 et

195 1328 331 1390 omnibus
365 1329 498 1407 partibus
532 1331 715 1410 superlluum
751 1331 902 1409 deputabit
934 1332 1139 1392 adnumerare.
1192 1330 1267 1402 Quid
1303 1339 1348 1391 ost
1379 1327 1484 1410 ipsud?

191 1414 303 1485 ,Littera
326 1413 436 1494 syllaba
460 1434 513 1494 pes
536 1426 683 1477 accentus.
727 1415 897 1487 Quomodo?
941 1416 1012 1487 Quia
1036 1435 1094 1477 non
1117 1417 1235 1477 iuuenis
1257 1422 1384 1493 partem,
1409 1432 1484 1493 quac

194 1500 257 1561 siue
280 1499 375 1561 littora
398 1499 461 1560 sino
483 1499 559 1579 pede
581 1503 645 1561 sino
667 1498 776 1580 syllaba
799 1510 851 1563 aut
872 1505 936 1563 sine
958 1508 1082 1562 accentu
1105 1503 1153 1561 sit.
1498 1515 1523 1551 10

278 1669 353 1740 Quid
382 1678 426 1730 est
453 1672 626 1748 proprium?
670 1671 753 1741 Quod
783 1673 870 1733 unius
898 1681 956 1737 est.
986 1681 1017 1732 ut
1043 1671 1084 1731 sol
1109 1669 1176 1731 luna
1200 1670 1282 1730 deus
1328 1668 1483 1740 Quomodo

193 1755 267 1814 dicis
289 1754 381 1814 solem
406 1757 544 1834 propriae
566 1754 714 1835 qualitatis
737 1774 810 1825 esse,
834 1776 900 1816 cum
925 1757 1054 1817 dicatur:
1078 1755 1203 1815 ‘Soles
1225 1757 1278 1814 ire
1302 1763 1336 1815 et
1359 1754 1484 1814 redire

193 1840 387 1918 possunt'?
431 1840 488 1901 Pro
511 1839 615 1901 diebus
639 1841 694 1900 lroc
717 1840 828 1902 dictum
853 1851 906 1902 est.
951 1841 1105 1911 Quomodo
1127 1840 1199 1901 dicis
1222 1839 1320 1900 lunam
1344 1842 1484 1919 propriae

193 1922 340 2003 qualitatis
370 1941 449 1992 asse,
481 1943 548 1985 cunr
578 1925 692 1985 dicatur
721 1925 800 1986 ‘luna
830 1927 936 2004 prima’
966 1925 1122 1986 ‘secunda’
1151 1926 1279 1984 ‘tertia'i
1330 1925 1482 1985 Feriarum

194 2025 336 2070 numerus
358 2008 407 2068 bie
429 2016 556 2068 tenetur.
601 2010 678 2070 licus
700 2012 848 2088 quomodo
871 2011 943 2070 dicis
966 2014 1104 2090 propriae
1130 2009 1276 2089 qualitatis
1305 2027 1384 2079 esse,
1416 2023 1522 2070 cum1⁵

193 2094 307 2155 dicatur
330 2093 416 2154 ‘deus
439 2094 569 2154 deorum*
595 2102 625 2153 et
641 2097 757 2156 cetera?
793 2095 852 2155 l’ro
867 2095 1101 2176 principantibus
1117 2094 1286 2156 hominibus
1301 2095 1412 2156 dictum
1429 2102 1482 2155 est.

277 2276 290 2362 11
309 2279 328 2340 1.
344 2279 406 2342 20·
419 2277 433 2363 ll
450 2282 548 2353 Quare
571 2281 649 2342 dicta
672 2284 861 2362 conparatio?
906 2283 994 2353 Quasi
1024 2284 1212 2349 existimatio,
1241 2302 1277 2342 oo
1305 2281 1382 2360 quod
1413 2300 1482 2341 eon·

192 2365 324 2442 parando
358 2385 448 2427 unum
483 2368 567 2427 alteri
601 2386 634 2427 er
669 2367 835 2429 conlatione
868 2367 988 2428 alterius
1022 2368 1206 2443 praeieratur
1239 2369 1338 2427 senior
1365 2366 1481 2425 iuniori.

193 2450 366 2522 Quomodo?
417 2452 502 2512 Puta:
538 2458 617 2512 stant
644 2471 760 2515 mecum
788 2461 864 2523 tres,
895 2455 976 2513 trenit
1003 2453 1120 2530 quidam
1150 2463 1179 2513 et
1208 2451 1277 2513 dicit
1304 2450 1389 2511 mibi:
1420 2453 1481 2528 ‘qui

194 2723 451 2837 ⁸¹¹¹⁵¹1Tvfflffius
463 2799 492 2852 p·
510 2785 557 2849 53,
577 2785 608 2835 η
622 2782 665 2836 ea,
683 2783 781 2838 Rom:
807 2781 894 2850 Quare
910 2783 1024 2837 adnumc
1039 2781 1229 2837 rauitlicnatus
1252 2780 1481 2852 comparationem

193 2868 263 2922 inter
278 2865 328 2920 alia
345 2866 503 2933 accidentia,
518 2883 579 2921 curn
596 2883 649 2921 uon
663 2882 743 2940 saepe
759 2866 860 2922 accidat
876 2867 995 2923 nomini?
1024 2865 1116 2922 Sciens
1131 2867 1258 2936 linuatus,
1282 2864 1344 2937 quia
1361 2864 1481 2937 quando·

193 2968 246 3024 que
275 2951 376 3006 nomini
404 2949 526 3005 accidere
555 2949 664 3020 debuit,
694 2951 753 3006 ideo
782 2951 970 3008 adnumerauit
997 2968 1054 3006 eam
1083 2953 1154 3005 inter
1182 2949 1232 3005 alia
1261 2948 1425 3016 accidentia;
1454 2955 1481 3002 et

193 3051 287 3106 supra
304 3052 337 3106 p.
356 3038 404 3101 63,
422 3038 471 3090 1οε
494 3032 581 3100 Quare
605 3036 791 3090 tantummodo
814 3054 860 3092 ser
883 3037 1031 3093 accidentia
1053 3034 1247 3091 adnumerabor
1270 3034 1398 3102 bonatus,
1420 3050 1480 3088 cum

192 3120 237 3175 alii
260 3118 352 3193 plures
374 3118 615 3174 adnumerassent?
666 3121 794 3189 bonatus,
818 3121 890 3194 quod
914 3139 964 3177 suc
988 3121 1097 3194 ingenio
1121 3122 1212 3193 potuit
1234 3119 1407 3186 adiuuonire‚
1430 3119 1507 3172 lroes

192 3205 384 3260 dinumerauit.
418 3203 485 3259 lllud
508 3221 590 3274 uero,
613 3205 684 3278 quod
709 3204 869 3262 naturaliter
891 3207 987 3262 accidit
1011 3223 1064 3260 nou
1088 3205 1176 3261 solum
1200 3205 1311 3274 nomini,
1333 3203 1380 3259 sed
1396 3204 1481 3259 omui·

193 3289 243 3345 bus
267 3288 401 3363 partibus,
424 3289 592 3362 superfluum
615 3291 758 3364 deputauit
780 3308 948 3348 enumerare.
992 3289 1059 3356 Quid
1082 3291 1224 3363 ‹leputauit
1246 3288 1412 3362 superfluum
1435 3287 1481 3342 ad-

193 3374 352 3430 numerare?
395 3373 498 3428 Literas
521 3374 636 3447 syllabas
660 3376 742 3448 pedes
765 3385 792 3430 ot
815 3386 950 3433 accentus.
995 3375 1155 3444 Quomodo?
1192 3373 1256 3441 Quia
1281 3391 1334 3429 unu
1358 3373 1481 3428 inuenies

193 3467 306 3533 partem,
329 3474 397 3532 quae
419 3458 477 3513 siue
499 3459 577 3515 litora
600 3460 701 3533 syllaba
725 3461 791 3535 pede
813 3471 860 3517 aut
882 3469 994 3518 accentu
1017 3462 1061 3516 sit.

278 3544 315 3599 11
339 3543 473 3600 Iulianus
493 3561 521 3615 p.
548 3549 600 3600 63:
644 3545 678 3600 lia
702 3545 828 3621 propriae
851 3547 989 3620 qualitatis
1013 3562 1118 3602 nouren.
1164 3544 1224 3600 Sol:
1254 3553 1281 3598 ot
1310 3545 1372 3617 quia
1401 3543 1519 3599 dicturo

192 3629 281 3686 ‘Soles
304 3630 344 3684 ire
366 3635 393 3682 et
416 3628 505 3685 redire
528 3630 666 3703 possunt',
690 3649 741 3705 pro
764 3631 859 3688 diebus
882 3633 934 3688 boc
954 3632 1027 3688 dicit.

279 3714 316 3769 17
340 3712 473 3768 Iulianus
493 3732 522 3786 p.
547 3719 600 3770 δίε
638 3713 726 3781 Quare
752 3717 821 3772 dicta
844 3727 887 3773 est
910 3716 1094 3791 comparatio?
1138 3712 1218 3780 Quasi
1242 3714 1422 3782 existiluatio,
1446 3730 1479 3768 eo

191 3799 264 3873 quod
286 3797 468 3872 comparando
492 3816 573 3855 unum
598 3799 675 3855 alteri
700 3801 898 3874 praeferamus,
921 3801 992 3857 idest
1015 3800 1149 3858 seniorem
1172 3799 1282 3854 iuniori.
1320 3795 1480 3864 Quomodo?

192 3885 225 3939 Vt
247 3892 327 3958 puta,
350 3885 468 3939 sistent
492 3901 594 3940 tuocum
618 3893 674 3941 tres
697 3895 724 3942 et
747 3903 799 3960 ego
823 3897 954 3961 quartus,
984 3887 1059 3941 uenit
1082 3885 1142 3957 quis
1166 3894 1194 3941 et
1216 3884 1282 3940 dicit
1304 3883 1383 3939 mibi:
1421 3881 1480 3938 ‘isti

191 4133 303 4168 comcrs
321 4131 477 4166 aroannam
494 4118 544 4166 207
561 4131 709 4168 narraras.

258 4185 436 4235 iaceedeutia
505 4185 714 4235 badnumerabit
800 4188 831 4235 10
851 4186 906 4233 siue
925 4184 1014 4248 prdem
1086 4184 1276 4233 1000011100
1344 4180 1478 4247 solosire]

192 4255 284 4304 Catulli
300 4270 376 4305 carm.
395 4255 420 4302 V
437 4255 466 4305 d:
486 4252 559 4304 Soles
578 4254 690 4303 occidere
710 4265 734 4302 ct
752 4255 833 4302 redire
851 4263 961 4318 possunt
1030 4254 1061 4301 14
1078 4267 1135 4301 cum
1154 4252 1221 4301 dicat
1290 4253 1321 4301 15
1339 4267 1394 4300 cunr
1414 4253 1481 4299 dicat

192 4325 222 4373 18
240 4322 324 4371 iunior

193 4541 302 4578 rvc1au1
321 4539 432 4575 comere
451 4540 608 4575 nannausrs
631 4529 676 4576 123
695 4528 842 4575 narraras.

260 4594 575 4653 meditaretur*
639 4595 825 4643 2oeeidentias
886 4609 947 4656 sepe
998 4594 1099 4654 quaudo
1118 4609 1167 4654 que
1186 4594 1281 4641 uomiui
1342 4608 1397 4642 earn
1416 4593 1480 4640 acci—

191 4664 303 4722 dentias,
330 4665 420 4712 locum
438 4663 534 4727 aliquot
550 4663 691 4712 litterarum
709 4665 735 4712 t'n
751 4665 832 4713 medio
849 4665 939 4710 relicta
1041 4664 1152 4725 lquere
1171 4662 1318 4710 tatrtuudrrn
1342 4677 1387 4710 sex
1413 4661 1478 4709 aeci-

191 4731 290 4781 deutias
308 4731 484 4780 adnomerauit
551 4731 799 4794 operculumque
818 4729 864 4777 boc
883 4729 1092 4793 dcurrmerallluit
1167 4729 1281 4778 8littera
1301 4727 1396 4790 syllaba
1416 4730 1480 4794 pede

191 4808 216 4845 rt
233 4810 339 4847 accentu
407 4798 519 4846 intrauiet
603 4799 680 4859 Qqui
699 4800 754 4847 sine
771 4799 854 4847 littero
941 4799 972 4847 10
991 4800 1093 4863 proprie
1179 4798 1208 4844 11
1232 4798 1280 4845 lroo
1296 4797 1362 4846 dixit
1450 4800 1480 4846 12

192 4865 347 4917 Fol.118·¹³
401 4869 432 4916 13
450 4866 641 4932 conparandum
661 4881 738 4915 titium
809 4867 839 4915 14
858 4876 907 4915 tres
927 4879 1026 4915 mecum
1080 4866 1121 4914 isti
1141 4865 1201 4927 quid
1221 4865 1304 4913 sciunt
