<?xml version="1.0" encoding="UTF-8"?>
<!DOCTYPE html PUBLIC "-//W3C//DTD XHTML 1.0 Transitional//EN"
    "http://www.w3.org/TR/xhtml1/DTD/xhtml1-transitional.dtd">
<html xmlns="http://www.w3.org/1999/xhtml" xml:lang="en" lang="en">
 <head>
  <title>
</title>
<meta http-equiv="Content-Type" content="text/html;charset=utf-8" />
  <meta name='ocr-system' content='tesseract 3.04.00' />
  <meta name='ocr-capabilities' content='ocr_page ocr_carea ocr_par ocr_line ocrx_word'/>
</head>
<body>
  <div class='ocr_page' id='page_1' title='image "./grammaticilatin06keilgoog_0140.png"; bbox 0 0 3382 5476; ppageno 0'>
   <div class='ocr_carea' id='block_1_1' title="bbox 541 396 1446 458">
    <p class='ocr_par' dir='ltr' id='par_1_1' title="bbox 541 396 1446 458">
     <span class='ocr_line' id='line_1_1' title="bbox 541 396 1446 458; baseline 0.01 -9"><span class='ocrx_word' id='word_1_1' title='bbox 541 399 591 450; x_wconf 83' lang='lat' dir='ltr'><strong>DE</strong></span> <span class='ocrx_word' id='word_1_2' title='bbox 608 397 851 451; x_wconf 77' lang='lat' dir='ltr'><strong>Dlssortaurla</strong></span> <span class='ocrx_word' id='word_1_3' title='bbox 869 396 1060 449; x_wconf 77' lang='lat' dir='ltr'><strong>suciamus,</strong></span> <span class='ocrx_word' id='word_1_4' title='bbox 1338 410 1446 458; x_wconf 83' lang='lat' dir='ltr'><strong>cxxlx</strong></span> 
     </span>
    </p>
   </div>
   <div class='ocr_carea' id='block_1_2' title="bbox 151 580 1446 766">
    <p class='ocr_par' dir='ltr' id='par_1_2' title="bbox 151 580 1446 766">
     <span class='ocr_line' id='line_1_2' title="bbox 152 580 1446 665; baseline 0.001 -21"><span class='ocrx_word' id='word_1_5' title='bbox 152 603 186 664; x_wconf 89' lang='lat' dir='ltr'><strong>p.</strong></span> <span class='ocrx_word' id='word_1_6' title='bbox 205 580 249 644; x_wconf 77' lang='lat'><strong>22</strong></span> <span class='ocrx_word' id='word_1_7' title='bbox 264 581 320 645; x_wconf 81' lang='lat' dir='ltr'><strong>Ar.</strong></span> <span class='ocrx_word' id='word_1_8' title='bbox 341 584 457 663; x_wconf 85' lang='lat' dir='ltr'><strong>(domus</strong></span> <span class='ocrx_word' id='word_1_9' title='bbox 472 606 488 645; x_wconf 90' lang='lat' dir='ltr'><strong>a</strong></span> <span class='ocrx_word' id='word_1_10' title='bbox 502 587 641 665; x_wconf 90' lang='lat' dir='ltr'><strong>proprios</strong></span> <span class='ocrx_word' id='word_1_11' title='bbox 663 594 712 646; x_wconf 89' lang='lat' dir='ltr'><strong>aut</strong></span> <span class='ocrx_word' id='word_1_12' title='bbox 732 594 762 645; x_wconf 90' lang='lat' dir='ltr'><strong>et</strong></span> <span class='ocrx_word' id='word_1_13' title='bbox 776 596 913 646; x_wconf 87' lang='lat' dir='ltr'><strong>tores-</strong></span> <span class='ocrx_word' id='word_1_14' title='bbox 928 592 1011 645; x_wconf 90' lang='lat' dir='ltr'><strong>tuum</strong></span> <span class='ocrx_word' id='word_1_15' title='bbox 1027 591 1151 643; x_wconf 89' lang='lat' dir='ltr'><strong>uocatur</strong></span> <span class='ocrx_word' id='word_1_16' title='bbox 1165 617 1207 626; x_wconf 90' lang='lat'>—</span> <span class='ocrx_word' id='word_1_17' title='bbox 1222 591 1273 642; x_wconf 85' lang='lat' dir='ltr'><strong>aut</strong></span> <span class='ocrx_word' id='word_1_18' title='bbox 1288 582 1325 643; x_wconf 92' lang='lat' dir='ltr'><strong>ab</strong></span> <span class='ocrx_word' id='word_1_19' title='bbox 1347 582 1446 663; x_wconf 89' lang='lat' dir='ltr'><strong>aliquo</strong></span> 
     </span>
     <span class='ocr_line' id='line_1_3' title="bbox 151 685 1445 766; baseline -0.002 -19"><span class='ocrx_word' id='word_1_20' title='bbox 151 721 200 731; x_wconf 94' lang='lat'><strong>—-</strong></span> <span class='ocrx_word' id='word_1_21' title='bbox 216 689 379 766; x_wconf 77' lang='lat' dir='ltr'><strong>recipimus</strong></span> <span class='ocrx_word' id='word_1_22' title='bbox 396 722 433 729; x_wconf 89' lang='lat'>—</span> <span class='ocrx_word' id='word_1_23' title='bbox 450 689 550 748; x_wconf 90' lang='lat' dir='ltr'><strong>ueniet</strong></span> <span class='ocrx_word' id='word_1_24' title='bbox 565 723 604 731; x_wconf 95' lang='lat'>—</span> <span class='ocrx_word' id='word_1_25' title='bbox 626 686 727 766; x_wconf 85' lang='lat' dir='ltr'><strong>hospis</strong></span> <span class='ocrx_word' id='word_1_26' title='bbox 750 705 805 748; x_wconf 87' lang='lat' dir='ltr'><strong>nec</strong></span> <span class='ocrx_word' id='word_1_27' title='bbox 826 686 863 748; x_wconf 91' lang='lat' dir='ltr'><strong>ab</strong></span> <span class='ocrx_word' id='word_1_28' title='bbox 885 690 963 748; x_wconf 87' lang='lat' dir='ltr'><strong>inter</strong></span> <span class='ocrx_word' id='word_1_29' title='bbox 985 686 1132 764; x_wconf 80' lang='lat' dir='ltr'><strong>hospitem</strong></span> <span class='ocrx_word' id='word_1_30' title='bbox 1154 696 1272 764; x_wconf 86' lang='lat' dir='ltr'><strong>captum</strong></span> <span class='ocrx_word' id='word_1_31' title='bbox 1295 685 1445 761; x_wconf 87' lang='lat' dir='ltr'><strong>manuum)</strong></span> 
     </span>
    </p>
   </div>
   <div class='ocr_carea' id='block_1_3' title="bbox 111 801 1449 3226">
    <p class='ocr_par' dir='ltr' id='par_1_3' title="bbox 246 801 1445 884">
     <span class='ocr_line' id='line_1_4' title="bbox 246 801 1445 884; baseline -0.001 -19"><span class='ocrx_word' id='word_1_32' title='bbox 246 806 265 865; x_wconf 89' lang='lat' dir='ltr'><strong>l.</strong></span> <span class='ocrx_word' id='word_1_33' title='bbox 285 802 363 866; x_wconf 74' lang='lat'>139⁸</span> <span class='ocrx_word' id='word_1_34' title='bbox 378 806 433 866; x_wconf 91' lang='lat' dir='ltr'><strong>col.</strong></span> <span class='ocrx_word' id='word_1_35' title='bbox 454 805 468 866; x_wconf 94' lang='grc'><strong>1</strong></span> <span class='ocrx_word' id='word_1_36' title='bbox 484 806 564 867; x_wconf 89' lang='lat' dir='ltr'><strong>lnter</strong></span> <span class='ocrx_word' id='word_1_37' title='bbox 580 806 678 884; x_wconf 86' lang='lat' dir='ltr'><strong>eloqui</strong></span> <span class='ocrx_word' id='word_1_38' title='bbox 692 841 729 849; x_wconf 96' lang='lat'>—</span> <span class='ocrx_word' id='word_1_39' title='bbox 744 806 938 867; x_wconf 74' lang='lat' dir='ltr'><strong>obtrectantis</strong></span> <span class='ocrx_word' id='word_1_40' title='bbox 953 813 999 865; x_wconf 90' lang='lat' dir='ltr'><strong>est</strong></span> <span class='ocrx_word' id='word_1_41' title='bbox 1011 833 1054 855; x_wconf 96' lang='lat'>=</span> <span class='ocrx_word' id='word_1_42' title='bbox 1068 804 1104 865; x_wconf 91' lang='lat' dir='ltr'><strong>ls.</strong></span> <span class='ocrx_word' id='word_1_43' title='bbox 1118 823 1146 882; x_wconf 90' lang='lat' dir='ltr'><strong>p.</strong></span> <span class='ocrx_word' id='word_1_44' title='bbox 1161 801 1231 872; x_wconf 74' lang='lat'><strong>742,</strong></span> <span class='ocrx_word' id='word_1_45' title='bbox 1246 801 1298 872; x_wconf 87' lang='grc'><strong>16;</strong></span> <span class='ocrx_word' id='word_1_46' title='bbox 1322 822 1350 882; x_wconf 92' lang='lat' dir='ltr'><strong>p.</strong></span> <span class='ocrx_word' id='word_1_47' title='bbox 1363 803 1385 865; x_wconf 89' lang='grc'>4</span> <span class='ocrx_word' id='word_1_48' title='bbox 1396 807 1445 866; x_wconf 80' lang='lat' dir='ltr'><strong>dr.</strong></span> 
     </span>
    </p>

    <p class='ocr_par' dir='ltr' id='par_1_4' title="bbox 150 903 1447 1208">
     <span class='ocr_line' id='line_1_5' title="bbox 245 903 1447 987; baseline 0.001 -20"><span class='ocrx_word' id='word_1_49' title='bbox 245 909 266 966; x_wconf 86' lang='grc'><strong>1.</strong></span> <span class='ocrx_word' id='word_1_50' title='bbox 285 903 363 968; x_wconf 67' lang='lat'><strong>1592</strong></span> <span class='ocrx_word' id='word_1_51' title='bbox 378 908 432 968; x_wconf 90' lang='lat' dir='ltr'><strong>col.</strong></span> <span class='ocrx_word' id='word_1_52' title='bbox 451 906 468 967; x_wconf 92' lang='lat'>1</span> <span class='ocrx_word' id='word_1_53' title='bbox 488 906 636 969; x_wconf 78' lang='lat' dir='ltr'><strong>Exultatio</strong></span> <span class='ocrx_word' id='word_1_54' title='bbox 660 906 820 968; x_wconf 89' lang='lat' dir='ltr'><strong>uerborum</strong></span> <span class='ocrx_word' id='word_1_55' title='bbox 844 917 931 987; x_wconf 87' lang='lat' dir='ltr'><strong>atque</strong></span> <span class='ocrx_word' id='word_1_56' title='bbox 953 906 1154 967; x_wconf 90' lang='lat' dir='ltr'><strong>membrorum</strong></span> <span class='ocrx_word' id='word_1_57' title='bbox 1178 915 1223 967; x_wconf 91' lang='lat' dir='ltr'><strong>est</strong></span> <span class='ocrx_word' id='word_1_58' title='bbox 1245 905 1351 967; x_wconf 82' lang='lat' dir='ltr'><strong>laetitia</strong></span> <span class='ocrx_word' id='word_1_59' title='bbox 1375 926 1447 968; x_wconf 85' lang='lat' dir='ltr'><strong>uero</strong></span> 
     </span>
     <span class='ocr_line' id='line_1_6' title="bbox 152 1005 1446 1088; baseline 0.001 -20"><span class='ocrx_word' id='word_1_60' title='bbox 152 1017 204 1068; x_wconf 88' lang='lat' dir='ltr'><strong>est</strong></span> <span class='ocrx_word' id='word_1_61' title='bbox 226 1011 332 1069; x_wconf 89' lang='lat' dir='ltr'><strong>mentis</strong></span> <span class='ocrx_word' id='word_1_62' title='bbox 353 1008 503 1087; x_wconf 89' lang='lat' dir='ltr'><strong>gaudium.</strong></span> <span class='ocrx_word' id='word_1_63' title='bbox 540 1009 686 1072; x_wconf 81' lang='lat' dir='ltr'><strong>Exultatio</strong></span> <span class='ocrx_word' id='word_1_64' title='bbox 707 1007 911 1070; x_wconf 88' lang='lat' dir='ltr'><strong>aiubilatione</strong></span> <span class='ocrx_word' id='word_1_65' title='bbox 933 1045 975 1055; x_wconf 88' lang='lat'>—</span> <span class='ocrx_word' id='word_1_66' title='bbox 997 1007 1131 1069; x_wconf 90' lang='lat' dir='ltr'><strong>iubilatio</strong></span> <span class='ocrx_word' id='word_1_67' title='bbox 1147 1017 1192 1069; x_wconf 89' lang='lat' dir='ltr'><strong>est</strong></span> <span class='ocrx_word' id='word_1_68' title='bbox 1212 1036 1254 1059; x_wconf 95' lang='lat'>=</span> <span class='ocrx_word' id='word_1_69' title='bbox 1276 1008 1312 1069; x_wconf 88' lang='lat' dir='ltr'><strong>ls.</strong></span> <span class='ocrx_word' id='word_1_70' title='bbox 1329 1028 1358 1088; x_wconf 96' lang='lat' dir='ltr'><strong>p.</strong></span> <span class='ocrx_word' id='word_1_71' title='bbox 1375 1005 1446 1078; x_wconf 86' lang='grc'><strong>760,</strong></span> 
     </span>
     <span class='ocr_line' id='line_1_7' title="bbox 150 1105 1032 1208; baseline 0.001 -38"><span class='ocrx_word' id='word_1_72' title='bbox 150 1105 237 1178; x_wconf 79' lang='lat'><strong>329;</strong></span> <span class='ocrx_word' id='word_1_73' title='bbox 259 1128 287 1189; x_wconf 91' lang='lat' dir='ltr'><strong>p.</strong></span> <span class='ocrx_word' id='word_1_74' title='bbox 310 1107 352 1171; x_wconf 84' lang='lat'><strong>43</strong></span> <span class='ocrx_word' id='word_1_75' title='bbox 373 1115 422 1171; x_wconf 79' lang='lat' dir='ltr'><strong>Ar.</strong></span> <span class='ocrx_word' id='word_1_76' title='bbox 447 1110 554 1188; x_wconf 80' lang='lat' dir='ltr'><strong>(diffusi</strong></span> <span class='ocrx_word' id='word_1_77' title='bbox 575 1111 714 1208; x_wconf 78' lang='lat' dir='ltr'><strong>laetitiam</strong></span> <span class='ocrx_word' id='word_1_78' title='bbox 738 1112 873 1172; x_wconf 90' lang='lat' dir='ltr'><strong>inuocem</strong></span> <span class='ocrx_word' id='word_1_79' title='bbox 897 1110 1032 1191; x_wconf 78' lang='lat' dir='ltr'><strong>quadam)</strong></span> 
     </span>
    </p>

    <p class='ocr_par' dir='ltr' id='par_1_5' title="bbox 154 1212 1447 1391">
     <span class='ocr_line' id='line_1_8' title="bbox 243 1212 1447 1289; baseline 0.001 -17"><span class='ocrx_word' id='word_1_80' title='bbox 243 1212 328 1272; x_wconf 83' lang='lat' dir='ltr'><strong>Idem</strong></span> <span class='ocrx_word' id='word_1_81' title='bbox 354 1217 391 1273; x_wconf 88' lang='lat' dir='ltr'><strong>de</strong></span> <span class='ocrx_word' id='word_1_82' title='bbox 418 1213 533 1275; x_wconf 84' lang='lat' dir='ltr'><strong>duobus</strong></span> <span class='ocrx_word' id='word_1_83' title='bbox 560 1231 677 1289; x_wconf 78' lang='lat' dir='ltr'><strong>quaque</strong></span> <span class='ocrx_word' id='word_1_84' title='bbox 702 1215 793 1288; x_wconf 84' lang='lat' dir='ltr'><strong>locis,</strong></span> <span class='ocrx_word' id='word_1_85' title='bbox 822 1214 927 1289; x_wconf 79' lang='lat' dir='ltr'><strong>quibus</strong></span> <span class='ocrx_word' id='word_1_86' title='bbox 953 1213 1003 1272; x_wconf 84' lang='lat' dir='ltr'><strong>‘de</strong></span> <span class='ocrx_word' id='word_1_87' title='bbox 1022 1214 1141 1288; x_wconf 81' lang='lat' dir='ltr'><strong>plossis&#39;</strong></span> <span class='ocrx_word' id='word_1_88' title='bbox 1168 1216 1287 1289; x_wconf 72' lang='lat' dir='ltr'><strong>signum</strong></span> <span class='ocrx_word' id='word_1_89' title='bbox 1309 1214 1447 1274; x_wconf 85' lang='lat' dir='ltr'><strong>additum</strong></span> 
     </span>
     <span class='ocr_line' id='line_1_9' title="bbox 154 1322 555 1391; baseline 0.002 -18"><span class='ocrx_word' id='word_1_90' title='bbox 154 1323 212 1387; x_wconf 85' lang='lat' dir='ltr'><strong>est,</strong></span> <span class='ocrx_word' id='word_1_91' title='bbox 237 1323 403 1376; x_wconf 79' lang='lat' dir='ltr'><strong>statuamus</strong></span> <span class='ocrx_word' id='word_1_92' title='bbox 424 1322 555 1391; x_wconf 86' lang='lat' dir='ltr'><strong>oportet:</strong></span> 
     </span>
    </p>

    <p class='ocr_par' dir='ltr' id='par_1_6' title="bbox 154 1412 1448 1700">
     <span class='ocr_line' id='line_1_10' title="bbox 245 1412 1446 1494; baseline 0.002 -18"><span class='ocrx_word' id='word_1_93' title='bbox 245 1416 265 1476; x_wconf 88' lang='grc'><strong>1.</strong></span> <span class='ocrx_word' id='word_1_94' title='bbox 291 1412 353 1477; x_wconf 74' lang='lat'><strong>53¹³</strong></span> <span class='ocrx_word' id='word_1_95' title='bbox 381 1417 438 1478; x_wconf 88' lang='lat' dir='ltr'><strong>col.</strong></span> <span class='ocrx_word' id='word_1_96' title='bbox 469 1416 485 1476; x_wconf 91' lang='lat'>1</span> <span class='ocrx_word' id='word_1_97' title='bbox 522 1415 640 1477; x_wconf 84' lang='lat' dir='ltr'><strong>Rasium</strong></span> <span class='ocrx_word' id='word_1_98' title='bbox 671 1416 748 1494; x_wconf 89' lang='lat' dir='ltr'><strong>quod</strong></span> <span class='ocrx_word' id='word_1_99' title='bbox 778 1419 863 1478; x_wconf 80' lang='lat' dir='ltr'><strong>uxori</strong></span> <span class='ocrx_word' id='word_1_100' title='bbox 891 1416 988 1478; x_wconf 84' lang='lat' dir='ltr'><strong>datur.</strong></span> <span class='ocrx_word' id='word_1_101' title='bbox 1029 1435 1096 1477; x_wconf 92' lang='lat' dir='ltr'><strong>nam</strong></span> <span class='ocrx_word' id='word_1_102' title='bbox 1125 1417 1263 1478; x_wconf 82' lang='lat' dir='ltr'><strong>distantia</strong></span> <span class='ocrx_word' id='word_1_103' title='bbox 1291 1416 1365 1478; x_wconf 89' lang='lat' dir='ltr'><strong>haec</strong></span> <span class='ocrx_word' id='word_1_104' title='bbox 1392 1429 1446 1480; x_wconf 89' lang='lat' dir='ltr'><strong>est.</strong></span> 
     </span>
     <span class='ocr_line' id='line_1_11' title="bbox 154 1515 1448 1598; baseline 0.003 -22"><span class='ocrx_word' id='word_1_105' title='bbox 154 1515 253 1577; x_wconf 87' lang='lat' dir='ltr'><strong>uerba</strong></span> <span class='ocrx_word' id='word_1_106' title='bbox 274 1519 298 1578; x_wconf 90' lang='lat' dir='ltr'><strong>si</strong></span> <span class='ocrx_word' id='word_1_107' title='bbox 319 1517 367 1578; x_wconf 88' lang='lat' dir='ltr'><strong>uel</strong></span> <span class='ocrx_word' id='word_1_108' title='bbox 390 1520 475 1579; x_wconf 80' lang='lat' dir='ltr'><strong>uxori</strong></span> <span class='ocrx_word' id='word_1_109' title='bbox 496 1521 565 1594; x_wconf 79' lang='lat' dir='ltr'><strong>(lep.</strong></span> <span class='ocrx_word' id='word_1_110' title='bbox 588 1527 620 1578; x_wconf 92' lang='lat' dir='ltr'><strong>ut</strong></span> <span class='ocrx_word' id='word_1_111' title='bbox 641 1516 756 1579; x_wconf 86' lang='lat' dir='ltr'><strong>basium</strong></span> <span class='ocrx_word' id='word_1_112' title='bbox 773 1520 866 1598; x_wconf 84' lang='lat' dir='ltr'><strong>uxori)</strong></span> <span class='ocrx_word' id='word_1_113' title='bbox 891 1519 1024 1580; x_wconf 87' lang='lat' dir='ltr'><strong>osculum</strong></span> <span class='ocrx_word' id='word_1_114' title='bbox 1046 1519 1115 1580; x_wconf 86' lang='lat' dir='ltr'><strong>filiis</strong></span> <span class='ocrx_word' id='word_1_115' title='bbox 1137 1520 1271 1581; x_wconf 89' lang='lat' dir='ltr'><strong>su&#39;auium</strong></span> <span class='ocrx_word' id='word_1_116' title='bbox 1296 1529 1394 1581; x_wconf 85' lang='lat' dir='ltr'><strong>scorto</strong></span> <span class='ocrx_word' id='word_1_117' title='bbox 1410 1522 1448 1580; x_wconf 90' lang='lat' dir='ltr'><strong>sit</strong></span> 
     </span>
     <span class='ocr_line' id='line_1_12' title="bbox 154 1615 890 1700; baseline 0 -21"><span class='ocrx_word' id='word_1_118' title='bbox 154 1619 331 1698; x_wconf 87' lang='lat' dir='ltr'><strong>deputatum</strong></span> <span class='ocrx_word' id='word_1_119' title='bbox 352 1648 394 1670; x_wconf 92' lang='lat'><em>=</em></span> <span class='ocrx_word' id='word_1_120' title='bbox 415 1618 454 1680; x_wconf 91' lang='lat' dir='ltr'><strong>ls.</strong></span> <span class='ocrx_word' id='word_1_121' title='bbox 477 1640 506 1700; x_wconf 88' lang='lat' dir='ltr'><strong>p.</strong></span> <span class='ocrx_word' id='word_1_122' title='bbox 529 1616 601 1688; x_wconf 84' lang='grc'><strong>765,</strong></span> <span class='ocrx_word' id='word_1_123' title='bbox 623 1615 702 1687; x_wconf 85' lang='grc'><strong>398;</strong></span> <span class='ocrx_word' id='word_1_124' title='bbox 726 1637 753 1698; x_wconf 83' lang='lat' dir='ltr'><strong>p.</strong></span> <span class='ocrx_word' id='word_1_125' title='bbox 777 1618 818 1680; x_wconf 76' lang='lat'><strong>51</strong></span> <span class='ocrx_word' id='word_1_126' title='bbox 841 1622 890 1680; x_wconf 78' lang='lat' dir='ltr'><strong>dr.</strong></span> 
     </span>
    </p>

    <p class='ocr_par' dir='ltr' id='par_1_7' title="bbox 152 1711 1444 1901">
     <span class='ocr_line' id='line_1_13' title="bbox 243 1711 1444 1802; baseline 0 -22"><span class='ocrx_word' id='word_1_127' title='bbox 243 1721 264 1780; x_wconf 83' lang='lat' dir='ltr'><strong>t.</strong></span> <span class='ocrx_word' id='word_1_128' title='bbox 288 1718 444 1782; x_wconf 65' lang='lat'><strong>1392001.</strong></span> <span class='ocrx_word' id='word_1_129' title='bbox 468 1719 488 1782; x_wconf 84' lang='lat'><strong>2</strong></span> <span class='ocrx_word' id='word_1_130' title='bbox 511 1729 569 1779; x_wconf 87' lang='lat' dir='ltr'><strong>em</strong></span> <span class='ocrx_word' id='word_1_131' title='bbox 595 1729 739 1779; x_wconf 76' lang='lat' dir='ltr'><strong>ererum</strong></span> <span class='ocrx_word' id='word_1_132' title='bbox 765 1729 849 1779; x_wconf 83' lang='lat' dir='ltr'><strong>cum</strong></span> <span class='ocrx_word' id='word_1_133' title='bbox 873 1728 1067 1802; x_wconf 70' lang='lat' dir='ltr'><strong>increpas·</strong></span> <span class='ocrx_word' id='word_1_134' title='bbox 1093 1729 1146 1779; x_wconf 78' lang='lat' dir='ltr'><strong>ero</strong></span> <span class='ocrx_word' id='word_1_135' title='bbox 1168 1730 1251 1780; x_wconf 88' lang='lat' dir='ltr'><strong>com</strong></span> <span class='ocrx_word' id='word_1_136' title='bbox 1271 1711 1444 1780; x_wconf 70' lang='lat' dir='ltr'><strong>ostentis</strong></span> 
     </span>
     <span class='ocr_line' id='line_1_14' title="bbox 152 1819 698 1901; baseline 0 -18"><span class='ocrx_word' id='word_1_137' title='bbox 152 1851 199 1873; x_wconf 94' lang='lat'>=</span> <span class='ocrx_word' id='word_1_138' title='bbox 222 1823 260 1883; x_wconf 88' lang='lat' dir='ltr'><strong>ls.</strong></span> <span class='ocrx_word' id='word_1_139' title='bbox 283 1840 312 1901; x_wconf 92' lang='lat' dir='ltr'><strong>p.</strong></span> <span class='ocrx_word' id='word_1_140' title='bbox 336 1819 407 1891; x_wconf 73' lang='lat'><strong>752,</strong></span> <span class='ocrx_word' id='word_1_141' title='bbox 429 1819 506 1891; x_wconf 75' lang='lat'><strong>204:</strong></span> <span class='ocrx_word' id='word_1_142' title='bbox 533 1841 562 1901; x_wconf 84' lang='lat' dir='ltr'><strong>p.</strong></span> <span class='ocrx_word' id='word_1_143' title='bbox 585 1819 625 1884; x_wconf 79' lang='grc'><strong>27</strong></span> <span class='ocrx_word' id='word_1_144' title='bbox 648 1827 698 1885; x_wconf 78' lang='lat' dir='ltr'><strong>dr.</strong></span> 
     </span>
    </p>

    <p class='ocr_par' dir='ltr' id='par_1_8' title="bbox 152 1926 1446 2106">
     <span class='ocr_line' id='line_1_15' title="bbox 242 1926 1446 2005; baseline 0.003 -20"><span class='ocrx_word' id='word_1_145' title='bbox 242 1927 330 1987; x_wconf 86' lang='lat' dir='ltr'><strong>Hunc</strong></span> <span class='ocrx_word' id='word_1_146' title='bbox 351 1930 445 2001; x_wconf 71' lang='lat' dir='ltr'><strong>initur</strong></span> <span class='ocrx_word' id='word_1_147' title='bbox 465 1926 708 2002; x_wconf 76' lang='lat' dir='ltr'><strong>differentiarwn</strong></span> <span class='ocrx_word' id='word_1_148' title='bbox 730 1930 762 1987; x_wconf 87' lang='lat' dir='ltr'><strong>in</strong></span> <span class='ocrx_word' id='word_1_149' title='bbox 781 1929 932 2002; x_wconf 78' lang='lat' dir='ltr'><strong>plassario</strong></span> <span class='ocrx_word' id='word_1_150' title='bbox 947 1927 1098 1987; x_wconf 73' lang='lat' dir='ltr'><strong>ber-riensi</strong></span> <span class='ocrx_word' id='word_1_151' title='bbox 1116 1929 1317 2003; x_wconf 81' lang='lat' dir='ltr'><strong>similibusque</strong></span> <span class='ocrx_word' id='word_1_152' title='bbox 1333 1946 1446 2005; x_wconf 80' lang='lat' dir='ltr'><strong>propo</strong></span> 
     </span>
     <span class='ocr_line' id='line_1_16' title="bbox 152 2028 1365 2106; baseline 0.002 -19"><span class='ocrx_word' id='word_1_153' title='bbox 152 2031 285 2088; x_wconf 75' lang='lat' dir='ltr'><strong>sitarum</strong></span> <span class='ocrx_word' id='word_1_154' title='bbox 304 2028 420 2101; x_wconf 79' lang='lat' dir='ltr'><strong>samem</strong></span> <span class='ocrx_word' id='word_1_155' title='bbox 443 2035 532 2103; x_wconf 81' lang='lat' dir='ltr'><strong>atque</strong></span> <span class='ocrx_word' id='word_1_156' title='bbox 553 2030 701 2102; x_wconf 75' lang='lat' dir='ltr'><strong>originem</strong></span> <span class='ocrx_word' id='word_1_157' title='bbox 716 2037 878 2105; x_wconf 81' lang='lat' dir='ltr'><strong>postquam</strong></span> <span class='ocrx_word' id='word_1_158' title='bbox 899 2033 1021 2106; x_wconf 83' lang='lat' dir='ltr'><strong>aperui,</strong></span> <span class='ocrx_word' id='word_1_159' title='bbox 1044 2031 1130 2090; x_wconf 84' lang='lat' dir='ltr'><strong>baud</strong></span> <span class='ocrx_word' id='word_1_160' title='bbox 1149 2031 1315 2100; x_wconf 79' lang='lat' dir='ltr'><strong>dubitabis,</strong></span> <span class='ocrx_word' id='word_1_161' title='bbox 1337 2034 1365 2090; x_wconf 90' lang='lat' dir='ltr'><strong>si</strong></span> 
     </span>
    </p>

    <p class='ocr_par' dir='ltr' id='par_1_9' title="bbox 152 2125 1446 2413">
     <span class='ocr_line' id='line_1_17' title="bbox 243 2125 1446 2210; baseline 0.003 -23"><span class='ocrx_word' id='word_1_162' title='bbox 243 2129 263 2188; x_wconf 90' lang='lat' dir='ltr'><strong>i.</strong></span> <span class='ocrx_word' id='word_1_163' title='bbox 289 2125 368 2190; x_wconf 82' lang='lat'>128·</span> <span class='ocrx_word' id='word_1_164' title='bbox 397 2126 495 2189; x_wconf 80' lang='lat' dir='ltr'><strong>col.2</strong></span> <span class='ocrx_word' id='word_1_165' title='bbox 524 2129 634 2190; x_wconf 84' lang='lat' dir='ltr'><strong>lliurna</strong></span> <span class='ocrx_word' id='word_1_166' title='bbox 665 2129 778 2190; x_wconf 88' lang='lat' dir='ltr'><strong>diutina</strong></span> <span class='ocrx_word' id='word_1_167' title='bbox 808 2139 837 2191; x_wconf 87' lang='lat' dir='ltr'><strong>et</strong></span> <span class='ocrx_word' id='word_1_168' title='bbox 866 2131 1007 2192; x_wconf 90' lang='lat' dir='ltr'><strong>diuturna</strong></span> <span class='ocrx_word' id='word_1_169' title='bbox 1033 2133 1073 2191; x_wconf 89' lang='lat' dir='ltr'><strong>ita</strong></span> <span class='ocrx_word' id='word_1_170' title='bbox 1103 2130 1310 2210; x_wconf 79' lang='lat' dir='ltr'><strong>distinguitur:</strong></span> <span class='ocrx_word' id='word_1_171' title='bbox 1339 2132 1446 2192; x_wconf 88' lang='lat' dir='ltr'><strong>diurna</strong></span> 
     </span>
     <span class='ocr_line' id='line_1_18' title="bbox 152 2230 1444 2312; baseline 0.002 -22"><span class='ocrx_word' id='word_1_172' title='bbox 152 2231 272 2291; x_wconf 89' lang='lat' dir='ltr'><strong>adiecta</strong></span> <span class='ocrx_word' id='word_1_173' title='bbox 294 2239 362 2291; x_wconf 88' lang='lat' dir='ltr'><strong>sunt</strong></span> <span class='ocrx_word' id='word_1_174' title='bbox 385 2241 416 2291; x_wconf 90' lang='lat' dir='ltr'><strong>ut</strong></span> <span class='ocrx_word' id='word_1_175' title='bbox 438 2230 544 2291; x_wconf 88' lang='lat' dir='ltr'><strong>diurna</strong></span> <span class='ocrx_word' id='word_1_176' title='bbox 569 2248 697 2301; x_wconf 87' lang='lat' dir='ltr'><strong>meroes,</strong></span> <span class='ocrx_word' id='word_1_177' title='bbox 727 2231 840 2293; x_wconf 88' lang='lat' dir='ltr'><strong>diutina</strong></span> <span class='ocrx_word' id='word_1_178' title='bbox 868 2231 906 2292; x_wconf 92' lang='lat' dir='ltr'><strong>ab</strong></span> <span class='ocrx_word' id='word_1_179' title='bbox 930 2231 1065 2310; x_wconf 88' lang='lat' dir='ltr'><strong>eoquod</strong></span> <span class='ocrx_word' id='word_1_180' title='bbox 1088 2242 1183 2312; x_wconf 89' lang='lat' dir='ltr'><strong>estq;</strong></span> <span class='ocrx_word' id='word_1_181' title='bbox 1207 2232 1256 2294; x_wconf 91' lang='lat' dir='ltr'><strong>diu</strong></span> <span class='ocrx_word' id='word_1_182' title='bbox 1280 2233 1444 2305; x_wconf 85' lang='lat' dir='ltr'><strong>domuerit,</strong></span> 
     </span>
     <span class='ocr_line' id='line_1_19' title="bbox 153 2333 980 2413; baseline 0.004 -22"><span class='ocrx_word' id='word_1_183' title='bbox 153 2333 277 2394; x_wconf 91' lang='lat' dir='ltr'><strong>diturna</strong></span> <span class='ocrx_word' id='word_1_184' title='bbox 301 2352 373 2393; x_wconf 91' lang='lat' dir='ltr'><strong>uero</strong></span> <span class='ocrx_word' id='word_1_185' title='bbox 395 2352 411 2392; x_wconf 91' lang='lat' dir='ltr'><strong>a</strong></span> <span class='ocrx_word' id='word_1_186' title='bbox 435 2335 632 2412; x_wconf 79' lang='lat' dir='ltr'><strong>perpetuitate</strong></span> <span class='ocrx_word' id='word_1_187' title='bbox 655 2333 732 2394; x_wconf 89' lang='lat' dir='ltr'><strong>dicta</strong></span> <span class='ocrx_word' id='word_1_188' title='bbox 754 2335 837 2413; x_wconf 85' lang='lat' dir='ltr'><strong>quasi</strong></span> <span class='ocrx_word' id='word_1_189' title='bbox 859 2343 980 2394; x_wconf 89' lang='lat' dir='ltr'><strong>aeterna</strong></span> 
     </span>
    </p>

    <p class='ocr_par' dir='ltr' id='par_1_10' title="bbox 111 2416 1449 3226">
     <span class='ocr_line' id='line_1_20' title="bbox 242 2416 1448 2514; baseline 0.001 -20"><span class='ocrx_word' id='word_1_190' title='bbox 242 2444 342 2495; x_wconf 89' lang='lat' dir='ltr'><strong>notam</strong></span> <span class='ocrx_word' id='word_1_191' title='bbox 365 2416 730 2514; x_wconf 63' lang='lat' dir='ltr'><strong>cJeEupi-aescrrpmm</strong></span> <span class='ocrx_word' id='word_1_192' title='bbox 750 2436 879 2510; x_wconf 84' lang='lat' dir='ltr'><strong>uideris,</strong></span> <span class='ocrx_word' id='word_1_193' title='bbox 903 2440 974 2511; x_wconf 82' lang='lat' dir='ltr'><strong>puin</strong></span> <span class='ocrx_word' id='word_1_194' title='bbox 995 2437 1030 2496; x_wconf 84' lang='lat' dir='ltr'><strong>id</strong></span> <span class='ocrx_word' id='word_1_195' title='bbox 1053 2439 1170 2511; x_wconf 76' lang='lat' dir='ltr'><strong>sipnwn</strong></span> <span class='ocrx_word' id='word_1_196' title='bbox 1193 2455 1214 2496; x_wconf 92' lang='lat' dir='ltr'><strong>a</strong></span> <span class='ocrx_word' id='word_1_197' title='bbox 1232 2439 1379 2510; x_wconf 84' lang='lat' dir='ltr'><strong>plassarii</strong></span> <span class='ocrx_word' id='word_1_198' title='bbox 1398 2439 1448 2497; x_wconf 87' lang='lat' dir='ltr'><strong>uei</strong></span> 
     </span>
     <span class='ocr_line' id='line_1_21' title="bbox 154 2539 1447 2615; baseline 0.002 -18"><span class='ocrx_word' id='word_1_199' title='bbox 154 2546 284 2598; x_wconf 84' lang='lat' dir='ltr'><strong>auctore</strong></span> <span class='ocrx_word' id='word_1_200' title='bbox 304 2539 352 2596; x_wconf 90' lang='lat' dir='ltr'><strong>uel</strong></span> <span class='ocrx_word' id='word_1_201' title='bbox 371 2539 500 2598; x_wconf 89' lang='lat' dir='ltr'><strong>librario</strong></span> <span class='ocrx_word' id='word_1_202' title='bbox 524 2571 562 2581; x_wconf 90' lang='lat'>—</span> <span class='ocrx_word' id='word_1_203' title='bbox 585 2555 656 2597; x_wconf 90' lang='lat' dir='ltr'><strong>num</strong></span> <span class='ocrx_word' id='word_1_204' title='bbox 678 2540 905 2615; x_wconf 81' lang='lat' dir='ltr'><strong>apopraplium‚</strong></span> <span class='ocrx_word' id='word_1_205' title='bbox 933 2554 992 2597; x_wconf 87' lang='lat' dir='ltr'><strong>non</strong></span> <span class='ocrx_word' id='word_1_206' title='bbox 1015 2540 1211 2614; x_wconf 74' lang='lat' dir='ltr'><strong>archetypum</strong></span> <span class='ocrx_word' id='word_1_207' title='bbox 1234 2556 1288 2598; x_wconf 87' lang='lat' dir='ltr'><strong>nos</strong></span> <span class='ocrx_word' id='word_1_208' title='bbox 1309 2539 1447 2599; x_wconf 87' lang='lat' dir='ltr'><strong>manibus</strong></span> 
     </span>
     <span class='ocr_line' id='line_1_22' title="bbox 153 2641 1447 2715; baseline 0 -15"><span class='ocrx_word' id='word_1_209' title='bbox 153 2647 259 2700; x_wconf 85' lang='lat' dir='ltr'><strong>tenere</strong></span> <span class='ocrx_word' id='word_1_210' title='bbox 280 2641 399 2711; x_wconf 81' lang='lat' dir='ltr'><strong>infinita</strong></span> <span class='ocrx_word' id='word_1_211' title='bbox 415 2641 613 2715; x_wconf 87' lang='lat' dir='ltr'><strong>pessimorum</strong></span> <span class='ocrx_word' id='word_1_212' title='bbox 633 2641 788 2700; x_wconf 84' lang='lat' dir='ltr'><strong>scribendi</strong></span> <span class='ocrx_word' id='word_1_213' title='bbox 806 2642 948 2700; x_wconf 85' lang='lat' dir='ltr'><strong>uitiorum</strong></span> <span class='ocrx_word' id='word_1_214' title='bbox 969 2642 1128 2700; x_wconf 85' lang='lat' dir='ltr'><strong>multitudo</strong></span> <span class='ocrx_word' id='word_1_215' title='bbox 1151 2643 1335 2701; x_wconf 81' lang='lat' dir='ltr'><strong>demonstrat</strong></span> <span class='ocrx_word' id='word_1_216' title='bbox 1357 2649 1447 2715; x_wconf 79' lang='lat' dir='ltr'><strong>atque</strong></span> 
     </span>
     <span class='ocr_line' id='line_1_23' title="bbox 153 2741 1446 2820; baseline 0.001 -19"><span class='ocrx_word' id='word_1_217' title='bbox 153 2741 327 2817; x_wconf 82' lang='lat' dir='ltr'><strong>conprobat</strong></span> <span class='ocrx_word' id='word_1_218' title='bbox 347 2757 572 2818; x_wconf 89' lang='lat' dir='ltr'><strong>-perperam</strong></span> <span class='ocrx_word' id='word_1_219' title='bbox 589 2744 721 2819; x_wconf 88' lang='lat' dir='ltr'><strong>positum</strong></span> <span class='ocrx_word' id='word_1_220' title='bbox 743 2744 791 2802; x_wconf 92' lang='lat' dir='ltr'><strong>sit.</strong></span> <span class='ocrx_word' id='word_1_221' title='bbox 835 2741 917 2801; x_wconf 85' lang='lat' dir='ltr'><strong>Cane</strong></span> <span class='ocrx_word' id='word_1_222' title='bbox 938 2745 1032 2816; x_wconf 70' lang='lat' dir='ltr'><strong>initur</strong></span> <span class='ocrx_word' id='word_1_223' title='bbox 1046 2745 1225 2820; x_wconf 81' lang='lat' dir='ltr'><strong>committas,</strong></span> <span class='ocrx_word' id='word_1_224' title='bbox 1247 2751 1280 2802; x_wconf 84' lang='lat' dir='ltr'><strong>ut</strong></span> <span class='ocrx_word' id='word_1_225' title='bbox 1295 2744 1446 2817; x_wconf 87' lang='lat' dir='ltr'><strong>adipsum</strong></span> 
     </span>
     <span class='ocr_line' id='line_1_24' title="bbox 154 2842 1445 2920; baseline 0 -17"><span class='ocrx_word' id='word_1_226' title='bbox 154 2843 236 2903; x_wconf 80' lang='lat' dir='ltr'><strong>iilud</strong></span> <span class='ocrx_word' id='word_1_227' title='bbox 255 2845 312 2903; x_wconf 86' lang='lat' dir='ltr'><strong>boc</strong></span> <span class='ocrx_word' id='word_1_228' title='bbox 333 2842 527 2915; x_wconf 82' lang='lat' dir='ltr'><strong>referendum</strong></span> <span class='ocrx_word' id='word_1_229' title='bbox 549 2853 732 2920; x_wconf 70' lang='lat' dir='ltr'><strong>amputes,</strong></span> <span class='ocrx_word' id='word_1_230' title='bbox 762 2845 844 2919; x_wconf 84' lang='lat' dir='ltr'><strong>quod</strong></span> <span class='ocrx_word' id='word_1_231' title='bbox 869 2846 900 2902; x_wconf 90' lang='lat' dir='ltr'><strong>in</strong></span> <span class='ocrx_word' id='word_1_232' title='bbox 928 2845 1031 2904; x_wconf 85' lang='lat' dir='ltr'><strong>codice</strong></span> <span class='ocrx_word' id='word_1_233' title='bbox 1052 2845 1204 2905; x_wconf 87' lang='lat' dir='ltr'><strong>Bernensi</strong></span> <span class='ocrx_word' id='word_1_234' title='bbox 1226 2852 1281 2903; x_wconf 77' lang='lat'><strong>178</strong></span> <span class='ocrx_word' id='word_1_235' title='bbox 1302 2846 1445 2920; x_wconf 73' lang='lat' dir='ltr'><strong>differen-</strong></span> 
     </span>
     <span class='ocr_line' id='line_1_25' title="bbox 155 2943 1449 3022; baseline 0 -17"><span class='ocrx_word' id='word_1_236' title='bbox 155 2949 268 3005; x_wconf 86' lang='lat' dir='ltr'><strong>tiarum</strong></span> <span class='ocrx_word' id='word_1_237' title='bbox 288 2944 424 3018; x_wconf 71' lang='lat' dir='ltr'><strong>sarrano</strong></span> <span class='ocrx_word' id='word_1_238' title='bbox 447 2943 645 3005; x_wconf 82' lang='lat' dir='ltr'><strong>Ciceronis</strong></span> <span class='ocrx_word' id='word_1_239' title='bbox 667 2962 774 3006; x_wconf 87' lang='lat' dir='ltr'><strong>nomen</strong></span> <span class='ocrx_word' id='word_1_240' title='bbox 792 2945 1019 3020; x_wconf 78' lang='lat' dir='ltr'><strong>praesefert.</strong></span> <span class='ocrx_word' id='word_1_241' title='bbox 1059 2947 1267 3022; x_wconf 81' lang='lat' dir='ltr'><strong>Quaecumque</strong></span> <span class='ocrx_word' id='word_1_242' title='bbox 1285 2949 1362 3005; x_wconf 89' lang='lat' dir='ltr'><strong>enirn</strong></span> <span class='ocrx_word' id='word_1_243' title='bbox 1377 2946 1449 3006; x_wconf 86' lang='lat' dir='ltr'><strong>iibri</strong></span> 
     </span>
     <span class='ocr_line' id='line_1_26' title="bbox 111 3045 1448 3124; baseline 0.001 -19"><span class='ocrx_word' id='word_1_244' title='bbox 111 3102 117 3115; x_wconf 89' lang='grc'>,</span> <span class='ocrx_word' id='word_1_245' title='bbox 155 3045 325 3106; x_wconf 77' lang='lat' dir='ltr'><strong>Beruenses</strong></span> <span class='ocrx_word' id='word_1_246' title='bbox 348 3048 468 3119; x_wconf 80' lang='lat' dir='ltr'><strong>aiassae</strong></span> <span class='ocrx_word' id='word_1_247' title='bbox 495 3048 648 3107; x_wconf 82' lang='lat' dir='ltr'><strong>Ciceronis</strong></span> <span class='ocrx_word' id='word_1_248' title='bbox 675 3063 781 3107; x_wconf 88' lang='lat' dir='ltr'><strong>nomen</strong></span> <span class='ocrx_word' id='word_1_249' title='bbox 808 3054 929 3121; x_wconf 75' lang='lat' dir='ltr'><strong>postam</strong></span> <span class='ocrx_word' id='word_1_250' title='bbox 956 3051 986 3107; x_wconf 88' lang='lat' dir='ltr'><strong>in</strong></span> <span class='ocrx_word' id='word_1_251' title='bbox 1012 3047 1117 3120; x_wconf 71' lang='lat' dir='ltr'><strong>fronte</strong></span> <span class='ocrx_word' id='word_1_252' title='bbox 1133 3052 1376 3124; x_wconf 88' lang='lat' dir='ltr'><strong>praescriptum,</strong></span> <span class='ocrx_word' id='word_1_253' title='bbox 1405 3050 1448 3107; x_wconf 85' lang='lat' dir='ltr'><strong>ad</strong></span> 
     </span>
     <span class='ocr_line' id='line_1_27' title="bbox 153 3146 1145 3226; baseline 0.001 -18"><span class='ocrx_word' id='word_1_254' title='bbox 153 3165 322 3226; x_wconf 76' lang='lat' dir='ltr'><strong>synonyma</strong></span> <span class='ocrx_word' id='word_1_255' title='bbox 343 3151 416 3221; x_wconf 87' lang='lat' dir='ltr'><strong>eius,</strong></span> <span class='ocrx_word' id='word_1_256' title='bbox 439 3165 518 3223; x_wconf 87' lang='lat' dir='ltr'><strong>quae</strong></span> <span class='ocrx_word' id='word_1_257' title='bbox 532 3146 690 3220; x_wconf 80' lang='lat' dir='ltr'><strong>seruntur,</strong></span> <span class='ocrx_word' id='word_1_258' title='bbox 711 3150 864 3224; x_wconf 87' lang='lat' dir='ltr'><strong>pertinere</strong></span> <span class='ocrx_word' id='word_1_259' title='bbox 885 3151 1072 3210; x_wconf 84' lang='lat' dir='ltr'><strong>uerissimum</strong></span> <span class='ocrx_word' id='word_1_260' title='bbox 1093 3157 1145 3210; x_wconf 83' lang='lat' dir='ltr'><strong>est.</strong></span> 
     </span>
    </p>
   </div>
   <div class='ocr_carea' id='block_1_4' title="bbox 150 3333 1447 4940">
    <p class='ocr_par' dir='ltr' id='par_1_11' title="bbox 152 3333 1447 3525">
     <span class='ocr_line' id='line_1_28' title="bbox 244 3333 1447 3413; baseline 0.002 -17"><span class='ocrx_word' id='word_1_261' title='bbox 244 3333 355 3406; x_wconf 77' lang='lat' dir='ltr'><strong>Quibus</strong></span> <span class='ocrx_word' id='word_1_262' title='bbox 375 3333 523 3413; x_wconf 71' lang='lat' dir='ltr'><strong>expositis</strong></span> <span class='ocrx_word' id='word_1_263' title='bbox 546 3351 697 3410; x_wconf 83' lang='lat' dir='ltr'><strong>perquam</strong></span> <span class='ocrx_word' id='word_1_264' title='bbox 723 3333 832 3395; x_wconf 86' lang='lat' dir='ltr'><strong>mirum</strong></span> <span class='ocrx_word' id='word_1_265' title='bbox 860 3343 916 3405; x_wconf 88' lang='lat' dir='ltr'><strong>est,</strong></span> <span class='ocrx_word' id='word_1_266' title='bbox 946 3340 1062 3412; x_wconf 81' lang='lat' dir='ltr'><strong>aliquot</strong></span> <span class='ocrx_word' id='word_1_267' title='bbox 1089 3337 1172 3398; x_wconf 89' lang='lat' dir='ltr'><strong>nobis</strong></span> <span class='ocrx_word' id='word_1_268' title='bbox 1198 3354 1238 3396; x_wconf 79' lang='lat' dir='ltr'><strong>ea</strong></span> <span class='ocrx_word' id='word_1_269' title='bbox 1259 3340 1316 3398; x_wconf 84' lang='lat' dir='ltr'><strong>isto</strong></span> <span class='ocrx_word' id='word_1_270' title='bbox 1335 3355 1447 3412; x_wconf 77' lang='lat' dir='ltr'><strong>periere</strong></span> 
     </span>
     <span class='ocr_line' id='line_1_29' title="bbox 152 3438 1313 3525; baseline 0.001 -27"><span class='ocrx_word' id='word_1_271' title='bbox 152 3440 272 3513; x_wconf 86' lang='lat' dir='ltr'><strong>plassas</strong></span> <span class='ocrx_word' id='word_1_272' title='bbox 294 3453 463 3511; x_wconf 81' lang='lat' dir='ltr'><strong>mcurrere,</strong></span> <span class='ocrx_word' id='word_1_273' title='bbox 488 3453 566 3512; x_wconf 86' lang='lat' dir='ltr'><strong>quae</strong></span> <span class='ocrx_word' id='word_1_274' title='bbox 587 3440 673 3513; x_wconf 89' lang='lat' dir='ltr'><strong>apud</strong></span> <span class='ocrx_word' id='word_1_275' title='bbox 693 3438 844 3498; x_wconf 83' lang='lat' dir='ltr'><strong>Isidorum</strong></span> <span class='ocrx_word' id='word_1_276' title='bbox 866 3455 925 3499; x_wconf 89' lang='lat' dir='ltr'><strong>non</strong></span> <span class='ocrx_word' id='word_1_277' title='bbox 947 3446 1068 3500; x_wconf 78' lang='lat' dir='ltr'><strong>extant:</strong></span> <span class='ocrx_word' id='word_1_278' title='bbox 1305 3514 1313 3525; x_wconf 23' lang='grc' dir='ltr'>ἱ</span> 
     </span>
    </p>

    <p class='ocr_par' dir='ltr' id='par_1_12' title="bbox 154 3534 1446 3822">
     <span class='ocr_line' id='line_1_30' title="bbox 245 3534 1446 3602; baseline 0.002 -4"><span class='ocrx_word' id='word_1_279' title='bbox 245 3538 264 3599; x_wconf 88' lang='lat' dir='ltr'><strong>i.</strong></span> <span class='ocrx_word' id='word_1_280' title='bbox 289 3536 348 3601; x_wconf 85' lang='lat'><strong>10·</strong></span> <span class='ocrx_word' id='word_1_281' title='bbox 370 3537 425 3598; x_wconf 89' lang='lat' dir='ltr'><strong>col.</strong></span> <span class='ocrx_word' id='word_1_282' title='bbox 447 3534 468 3597; x_wconf 81' lang='lat'><strong><em>2</em></strong></span> <span class='ocrx_word' id='word_1_283' title='bbox 491 3538 534 3598; x_wconf 83' lang='lat' dir='ltr'><strong>Ex</strong></span> <span class='ocrx_word' id='word_1_284' title='bbox 557 3537 741 3599; x_wconf 82' lang='lat' dir='ltr'><strong>differentiis.</strong></span> <span class='ocrx_word' id='word_1_285' title='bbox 779 3538 979 3601; x_wconf 76' lang='lat' dir='ltr'><strong>Admonemus</strong></span> <span class='ocrx_word' id='word_1_286' title='bbox 1001 3557 1156 3602; x_wconf 90' lang='lat' dir='ltr'><strong>monemus</strong></span> <span class='ocrx_word' id='word_1_287' title='bbox 1178 3550 1209 3602; x_wconf 92' lang='lat' dir='ltr'><strong>et</strong></span> <span class='ocrx_word' id='word_1_288' title='bbox 1223 3560 1446 3602; x_wconf 85' lang='lat' dir='ltr'><strong>cominonemus</strong></span> 
     </span>
     <span class='ocr_line' id='line_1_31' title="bbox 154 3640 1445 3720; baseline 0 -17"><span class='ocrx_word' id='word_1_289' title='bbox 154 3643 214 3703; x_wconf 88' lang='lat' dir='ltr'><strong>lroc</strong></span> <span class='ocrx_word' id='word_1_290' title='bbox 235 3643 313 3701; x_wconf 87' lang='lat' dir='ltr'><strong>inter</strong></span> <span class='ocrx_word' id='word_1_291' title='bbox 335 3659 367 3702; x_wconf 89' lang='lat' dir='ltr'><strong>se</strong></span> <span class='ocrx_word' id='word_1_292' title='bbox 389 3640 497 3701; x_wconf 81' lang='lat' dir='ltr'><strong>differt.</strong></span> <span class='ocrx_word' id='word_1_293' title='bbox 532 3657 735 3701; x_wconf 88' lang='lat' dir='ltr'><strong>ammonemus</strong></span> <span class='ocrx_word' id='word_1_294' title='bbox 760 3643 943 3720; x_wconf 88' lang='lat' dir='ltr'><strong>praesentia,</strong></span> <span class='ocrx_word' id='word_1_295' title='bbox 967 3661 1120 3704; x_wconf 89' lang='lat' dir='ltr'><strong>monemus</strong></span> <span class='ocrx_word' id='word_1_296' title='bbox 1143 3643 1255 3712; x_wconf 87' lang='lat' dir='ltr'><strong>lutura,</strong></span> <span class='ocrx_word' id='word_1_297' title='bbox 1279 3660 1445 3703; x_wconf 87' lang='lat' dir='ltr'><strong>commone·</strong></span> 
     </span>
     <span class='ocr_line' id='line_1_32' title="bbox 154 3745 417 3822; baseline -0.004 -18"><span class='ocrx_word' id='word_1_298' title='bbox 154 3761 224 3804; x_wconf 87' lang='lat' dir='ltr'><strong>mus</strong></span> <span class='ocrx_word' id='word_1_299' title='bbox 246 3745 417 3822; x_wconf 90' lang='lat' dir='ltr'><strong>praeterita.</strong></span> 
     </span>
    </p>

    <p class='ocr_par' dir='ltr' id='par_1_13' title="bbox 152 3845 1446 4127">
     <span class='ocr_line' id='line_1_33' title="bbox 244 3845 1446 3924; baseline 0.002 -20"><span class='ocrx_word' id='word_1_300' title='bbox 244 3846 323 3905; x_wconf 85' lang='lat' dir='ltr'><strong>Nam</strong></span> <span class='ocrx_word' id='word_1_301' title='bbox 346 3864 424 3921; x_wconf 78' lang='lat' dir='ltr'><strong>quae</strong></span> <span class='ocrx_word' id='word_1_302' title='bbox 445 3847 531 3924; x_wconf 83' lang='lat' dir='ltr'><strong>apud</strong></span> <span class='ocrx_word' id='word_1_303' title='bbox 551 3845 701 3906; x_wconf 83' lang='lat' dir='ltr'><strong>Isidorwn</strong></span> <span class='ocrx_word' id='word_1_304' title='bbox 722 3863 753 3921; x_wconf 90' lang='lat' dir='ltr'><strong>p.</strong></span> <span class='ocrx_word' id='word_1_305' title='bbox 779 3853 845 3921; x_wconf 77' lang='lat'><strong>70³,</strong></span> <span class='ocrx_word' id='word_1_306' title='bbox 871 3854 946 3915; x_wconf 54' lang='lat' dir='ltr'><strong>att·</strong></span> <span class='ocrx_word' id='word_1_307' title='bbox 974 3865 1006 3924; x_wconf 90' lang='lat' dir='ltr'><strong>p.</strong></span> <span class='ocrx_word' id='word_1_308' title='bbox 1032 3855 1071 3906; x_wconf 82' lang='grc'><strong>47</strong></span> <span class='ocrx_word' id='word_1_309' title='bbox 1093 3850 1147 3907; x_wconf 79' lang='lat' dir='ltr'><strong>Ar.</strong></span> <span class='ocrx_word' id='word_1_310' title='bbox 1169 3849 1320 3922; x_wconf 76' lang='lat' dir='ltr'><strong>leguntur,</strong></span> <span class='ocrx_word' id='word_1_311' title='bbox 1343 3849 1446 3907; x_wconf 86' lang='lat' dir='ltr'><strong>eadem</strong></span> 
     </span>
     <span class='ocr_line' id='line_1_34' title="bbox 153 3927 1446 4025; baseline 0 -15"><span class='ocrx_word' id='word_1_312' title='bbox 153 3953 188 4010; x_wconf 88' lang='lat' dir='ltr'><strong>in</strong></span> <span class='ocrx_word' id='word_1_313' title='bbox 201 3951 353 4024; x_wconf 83' lang='lat' dir='ltr'><strong>ptossario</strong></span> <span class='ocrx_word' id='word_1_314' title='bbox 371 3951 539 4025; x_wconf 85' lang='lat' dir='ltr'><strong>praemissa</strong></span> <span class='ocrx_word' id='word_1_315' title='bbox 555 3927 630 4004; x_wconf 72' lang='grc' dir='ltr'><strong>εειδ</strong></span> <span class='ocrx_word' id='word_1_316' title='bbox 646 3954 718 4008; x_wconf 88' lang='lat' dir='ltr'><strong>nota</strong></span> <span class='ocrx_word' id='word_1_317' title='bbox 732 3946 834 4008; x_wconf 82' lang='lat' dir='ltr'><strong>statim</strong></span> <span class='ocrx_word' id='word_1_318' title='bbox 848 3956 1000 4009; x_wconf 87' lang='lat' dir='ltr'><strong>secuntur.</strong></span> <span class='ocrx_word' id='word_1_319' title='bbox 1039 3951 1099 4009; x_wconf 89' lang='lat' dir='ltr'><strong>lita</strong></span> <span class='ocrx_word' id='word_1_320' title='bbox 1115 3967 1189 4010; x_wconf 89' lang='lat' dir='ltr'><strong>uero</strong></span> <span class='ocrx_word' id='word_1_321' title='bbox 1205 3951 1312 4010; x_wconf 86' lang='lat' dir='ltr'><strong>ordine</strong></span> <span class='ocrx_word' id='word_1_322' title='bbox 1326 3953 1446 4011; x_wconf 85' lang='lat' dir='ltr'><strong>inuersa</strong></span> 
     </span>
     <span class='ocr_line' id='line_1_35' title="bbox 152 4049 1042 4127; baseline 0 -16"><span class='ocrx_word' id='word_1_323' title='bbox 152 4052 249 4111; x_wconf 85' lang='lat' dir='ltr'><strong>babes</strong></span> <span class='ocrx_word' id='word_1_324' title='bbox 270 4051 354 4127; x_wconf 84' lang='lat' dir='ltr'><strong>apud</strong></span> <span class='ocrx_word' id='word_1_325' title='bbox 376 4049 593 4122; x_wconf 84' lang='lat' dir='ltr'><strong>Gotltosredum</strong></span> <span class='ocrx_word' id='word_1_326' title='bbox 611 4068 644 4125; x_wconf 90' lang='lat' dir='ltr'><strong>p.</strong></span> <span class='ocrx_word' id='word_1_327' title='bbox 670 4055 705 4107; x_wconf 78' lang='grc'><strong>97</strong></span> <span class='ocrx_word' id='word_1_328' title='bbox 729 4049 791 4121; x_wconf 88' lang='lat' dir='ltr'><strong>(nr.</strong></span> <span class='ocrx_word' id='word_1_329' title='bbox 818 4057 870 4107; x_wconf 83' lang='grc'><strong>143</strong></span> <span class='ocrx_word' id='word_1_330' title='bbox 892 4052 1042 4126; x_wconf 75' lang='lat' dir='ltr'><strong>Aranni).</strong></span> 
     </span>
    </p>

    <p class='ocr_par' dir='ltr' id='par_1_14' title="bbox 150 4149 1444 4536">
     <span class='ocr_line' id='line_1_36' title="bbox 243 4149 1444 4233; baseline -0.002 -19"><span class='ocrx_word' id='word_1_331' title='bbox 243 4154 263 4213; x_wconf 88' lang='grc'><strong>1.</strong></span> <span class='ocrx_word' id='word_1_332' title='bbox 284 4149 345 4213; x_wconf 70' lang='lat'><strong>402</strong></span> <span class='ocrx_word' id='word_1_333' title='bbox 367 4150 424 4212; x_wconf 83' lang='lat' dir='ltr'><strong>eol.</strong></span> <span class='ocrx_word' id='word_1_334' title='bbox 448 4150 463 4211; x_wconf 92' lang='lat' dir='ltr'><strong>l</strong></span> <span class='ocrx_word' id='word_1_335' title='bbox 487 4151 529 4211; x_wconf 80' lang='lat' dir='ltr'><strong>Ex</strong></span> <span class='ocrx_word' id='word_1_336' title='bbox 553 4150 678 4211; x_wconf 83' lang='lat' dir='ltr'><strong>dillereii</strong></span> <span class='ocrx_word' id='word_1_337' title='bbox 696 4169 878 4211; x_wconf 87' lang='lat' dir='ltr'><strong>sermonum.</strong></span> <span class='ocrx_word' id='word_1_338' title='bbox 915 4156 1095 4230; x_wconf 79' lang='lat' dir='ltr'><strong>Argumenta</strong></span> <span class='ocrx_word' id='word_1_339' title='bbox 1112 4152 1265 4233; x_wconf 84' lang='lat' dir='ltr'><strong>(armenta)</strong></span> <span class='ocrx_word' id='word_1_340' title='bbox 1287 4161 1318 4213; x_wconf 89' lang='lat' dir='ltr'><strong>et</strong></span> <span class='ocrx_word' id='word_1_341' title='bbox 1338 4170 1444 4231; x_wconf 80' lang='lat' dir='ltr'><strong>greges</strong></span> 
     </span>
     <span class='ocr_line' id='line_1_37' title="bbox 152 4252 1443 4333; baseline 0 -18"><span class='ocrx_word' id='word_1_342' title='bbox 152 4255 214 4316; x_wconf 88' lang='lat' dir='ltr'><strong>boc</strong></span> <span class='ocrx_word' id='word_1_343' title='bbox 237 4256 315 4314; x_wconf 91' lang='lat' dir='ltr'><strong>inter</strong></span> <span class='ocrx_word' id='word_1_344' title='bbox 336 4271 368 4313; x_wconf 92' lang='lat' dir='ltr'><strong>se</strong></span> <span class='ocrx_word' id='word_1_345' title='bbox 391 4252 540 4327; x_wconf 73' lang='lat' dir='ltr'><strong>differunt,</strong></span> <span class='ocrx_word' id='word_1_346' title='bbox 563 4252 642 4332; x_wconf 90' lang='lat' dir='ltr'><strong>quod</strong></span> <span class='ocrx_word' id='word_1_347' title='bbox 665 4260 797 4313; x_wconf 90' lang='lat' dir='ltr'><strong>armenta</strong></span> <span class='ocrx_word' id='word_1_348' title='bbox 812 4272 975 4333; x_wconf 88' lang='lat' dir='ltr'><strong>aequorum</strong></span> <span class='ocrx_word' id='word_1_349' title='bbox 991 4262 1021 4314; x_wconf 89' lang='lat' dir='ltr'><strong>et</strong></span> <span class='ocrx_word' id='word_1_350' title='bbox 1043 4253 1131 4315; x_wconf 88' lang='lat' dir='ltr'><strong>boum</strong></span> <span class='ocrx_word' id='word_1_351' title='bbox 1146 4263 1225 4324; x_wconf 88' lang='lat' dir='ltr'><strong>sunt,</strong></span> <span class='ocrx_word' id='word_1_352' title='bbox 1248 4272 1355 4332; x_wconf 88' lang='lat' dir='ltr'><strong>greges</strong></span> <span class='ocrx_word' id='word_1_353' title='bbox 1370 4274 1443 4315; x_wconf 88' lang='lat' dir='ltr'><strong>uero</strong></span> 
     </span>
     <span class='ocr_line' id='line_1_38' title="bbox 151 4351 1444 4435; baseline 0.002 -19"><span class='ocrx_word' id='word_1_354' title='bbox 151 4355 336 4435; x_wconf 80' lang='lat' dir='ltr'><strong>capellarum</strong></span> <span class='ocrx_word' id='word_1_355' title='bbox 359 4363 389 4415; x_wconf 91' lang='lat' dir='ltr'><strong>et</strong></span> <span class='ocrx_word' id='word_1_356' title='bbox 410 4351 511 4415; x_wconf 89' lang='lat' dir='ltr'><strong>ouium</strong></span> <span class='ocrx_word' id='word_1_357' title='bbox 535 4356 664 4427; x_wconf 85' lang='lat' dir='ltr'><strong>(Eadem</strong></span> <span class='ocrx_word' id='word_1_358' title='bbox 686 4373 726 4415; x_wconf 79' lang='lat' dir='ltr'><strong>ex</strong></span> <span class='ocrx_word' id='word_1_359' title='bbox 749 4356 993 4431; x_wconf 80' lang='lat' dir='ltr'><strong>differentiarum</strong></span> <span class='ocrx_word' id='word_1_360' title='bbox 1015 4356 1121 4417; x_wconf 85' lang='lat' dir='ltr'><strong>codice</strong></span> <span class='ocrx_word' id='word_1_361' title='bbox 1141 4360 1365 4419; x_wconf 65' lang='lat' dir='ltr'><strong>Varronianus</strong></span> <span class='ocrx_word' id='word_1_362' title='bbox 1386 4375 1444 4418; x_wconf 83' lang='lat' dir='ltr'><strong>ex-</strong></span> 
     </span>
     <span class='ocr_line' id='line_1_39' title="bbox 150 4458 1141 4536; baseline -0.001 -15"><span class='ocrx_word' id='word_1_363' title='bbox 150 4461 268 4534; x_wconf 85' lang='lat' dir='ltr'><strong>cerpsit</strong></span> <span class='ocrx_word' id='word_1_364' title='bbox 294 4459 443 4518; x_wconf 64' lang='lat' dir='ltr'><strong>metimus</strong></span> <span class='ocrx_word' id='word_1_365' title='bbox 463 4459 538 4517; x_wconf 83' lang='lat' dir='ltr'><strong>isid.</strong></span> <span class='ocrx_word' id='word_1_366' title='bbox 562 4475 632 4533; x_wconf 90' lang='lat' dir='ltr'><strong>opp.</strong></span> <span class='ocrx_word' id='word_1_367' title='bbox 665 4458 725 4517; x_wconf 76' lang='lat' dir='ltr'><strong>l&#39;JI</strong></span> <span class='ocrx_word' id='word_1_368' title='bbox 745 4474 819 4533; x_wconf 89' lang='lat' dir='ltr'><strong>app.</strong></span> <span class='ocrx_word' id='word_1_369' title='bbox 845 4464 881 4516; x_wconf 81' lang='grc'><strong>23</strong></span> <span class='ocrx_word' id='word_1_370' title='bbox 896 4476 932 4534; x_wconf 89' lang='lat' dir='ltr'><strong>p.</strong></span> <span class='ocrx_word' id='word_1_371' title='bbox 958 4465 1020 4516; x_wconf 89' lang='grc'><strong>442</strong></span> <span class='ocrx_word' id='word_1_372' title='bbox 1040 4460 1141 4536; x_wconf 79' lang='lat' dir='ltr'><strong>adm).</strong></span> 
     </span>
    </p>

    <p class='ocr_par' dir='ltr' id='par_1_15' title="bbox 151 4538 1443 4723">
     <span class='ocr_line' id='line_1_40' title="bbox 242 4538 1443 4623; baseline -0.001 -4"><span class='ocrx_word' id='word_1_373' title='bbox 242 4560 262 4623; x_wconf 91' lang='lat' dir='ltr'><strong>l.</strong></span> <span class='ocrx_word' id='word_1_374' title='bbox 285 4556 345 4619; x_wconf 58' lang='grc' dir='ltr'><strong>97ὃ</strong></span> <span class='ocrx_word' id='word_1_375' title='bbox 367 4554 460 4619; x_wconf 79' lang='lat' dir='ltr'><strong>col2</strong></span> <span class='ocrx_word' id='word_1_376' title='bbox 481 4558 522 4618; x_wconf 84' lang='lat' dir='ltr'><strong>Ex</strong></span> <span class='ocrx_word' id='word_1_377' title='bbox 539 4538 731 4618; x_wconf 71' lang='lat' dir='ltr'><strong>diilsermori.</strong></span> <span class='ocrx_word' id='word_1_378' title='bbox 761 4557 915 4619; x_wconf 88' lang='lat' dir='ltr'><strong>Contestor</strong></span> <span class='ocrx_word' id='word_1_379' title='bbox 932 4567 960 4619; x_wconf 93' lang='lat' dir='ltr'><strong>et</strong></span> <span class='ocrx_word' id='word_1_380' title='bbox 974 4559 1107 4622; x_wconf 87' lang='lat' dir='ltr'><strong>obtestor</strong></span> <span class='ocrx_word' id='word_1_381' title='bbox 1123 4562 1179 4622; x_wconf 87' lang='lat' dir='ltr'><strong>boc</strong></span> <span class='ocrx_word' id='word_1_382' title='bbox 1194 4564 1271 4623; x_wconf 87' lang='lat' dir='ltr'><strong>inter</strong></span> <span class='ocrx_word' id='word_1_383' title='bbox 1286 4581 1317 4622; x_wconf 89' lang='lat' dir='ltr'><strong>se</strong></span> <span class='ocrx_word' id='word_1_384' title='bbox 1332 4561 1443 4621; x_wconf 89' lang='lat' dir='ltr'><strong>dillert:</strong></span> 
     </span>
     <span class='ocr_line' id='line_1_41' title="bbox 151 4658 931 4723; baseline -0.004 0"><span class='ocrx_word' id='word_1_385' title='bbox 151 4669 306 4723; x_wconf 82' lang='lat' dir='ltr'><strong>contestor</strong></span> <span class='ocrx_word' id='word_1_386' title='bbox 328 4660 363 4721; x_wconf 89' lang='lat' dir='ltr'><strong>ad</strong></span> <span class='ocrx_word' id='word_1_387' title='bbox 386 4661 500 4721; x_wconf 87' lang='lat' dir='ltr'><strong>iudices</strong></span> <span class='ocrx_word' id='word_1_388' title='bbox 524 4658 655 4720; x_wconf 90' lang='lat' dir='ltr'><strong>obtestor</strong></span> <span class='ocrx_word' id='word_1_389' title='bbox 677 4658 712 4720; x_wconf 93' lang='lat' dir='ltr'><strong>ad</strong></span> <span class='ocrx_word' id='word_1_390' title='bbox 736 4659 931 4720; x_wconf 75' lang='lat' dir='ltr'><strong>ailnersarios.</strong></span> 
     </span>
    </p>

    <p class='ocr_par' dir='ltr' id='par_1_16' title="bbox 152 4760 1447 4940">
     <span class='ocr_line' id='line_1_42' title="bbox 242 4760 1447 4845; baseline 0.003 -24"><span class='ocrx_word' id='word_1_391' title='bbox 242 4762 261 4822; x_wconf 86' lang='lat' dir='ltr'><strong>l.</strong></span> <span class='ocrx_word' id='word_1_392' title='bbox 280 4760 360 4824; x_wconf 77' lang='lat' dir='ltr'><strong>113b</strong></span> <span class='ocrx_word' id='word_1_393' title='bbox 384 4761 438 4824; x_wconf 86' lang='lat' dir='ltr'><strong>ool.</strong></span> <span class='ocrx_word' id='word_1_394' title='bbox 457 4764 470 4822; x_wconf 98' lang='grc'><strong>1</strong></span> <span class='ocrx_word' id='word_1_395' title='bbox 497 4763 577 4834; x_wconf 87' lang='lat' dir='ltr'><strong>(sine</strong></span> <span class='ocrx_word' id='word_1_396' title='bbox 598 4765 685 4836; x_wconf 86' lang='lat' dir='ltr'><strong>nota)</strong></span> <span class='ocrx_word' id='word_1_397' title='bbox 713 4760 831 4822; x_wconf 85' lang='lat' dir='ltr'><strong>Delerat</strong></span> <span class='ocrx_word' id='word_1_398' title='bbox 852 4771 882 4822; x_wconf 88' lang='lat' dir='ltr'><strong>et</strong></span> <span class='ocrx_word' id='word_1_399' title='bbox 904 4762 1009 4824; x_wconf 85' lang='lat' dir='ltr'><strong>delirat</strong></span> <span class='ocrx_word' id='word_1_400' title='bbox 1032 4767 1071 4826; x_wconf 90' lang='lat' dir='ltr'><strong>ita</strong></span> <span class='ocrx_word' id='word_1_401' title='bbox 1095 4765 1299 4845; x_wconf 85' lang='lat' dir='ltr'><strong>distinguitur:</strong></span> <span class='ocrx_word' id='word_1_402' title='bbox 1333 4763 1447 4826; x_wconf 88' lang='lat' dir='ltr'><strong>delerat</strong></span> 
     </span>
     <span class='ocr_line' id='line_1_43' title="bbox 152 4863 794 4940; baseline -0.008 -12"><span class='ocrx_word' id='word_1_403' title='bbox 152 4874 269 4928; x_wconf 85' lang='lat' dir='ltr'><strong>terreat</strong></span> <span class='ocrx_word' id='word_1_404' title='bbox 290 4864 397 4926; x_wconf 91' lang='lat' dir='ltr'><strong>delirat</strong></span> <span class='ocrx_word' id='word_1_405' title='bbox 419 4883 528 4926; x_wconf 89' lang='lat' dir='ltr'><strong>uanum</strong></span> <span class='ocrx_word' id='word_1_406' title='bbox 551 4881 617 4924; x_wconf 86' lang='lat' dir='ltr'><strong>esse</strong></span> <span class='ocrx_word' id='word_1_407' title='bbox 639 4863 794 4940; x_wconf 80' lang='lat' dir='ltr'><strong>significat.</strong></span> 
     </span>
    </p>
   </div>
   <div class='ocr_carea' id='block_1_5' title="bbox 232 4970 1243 5025">
    <p class='ocr_par' dir='ltr' id='par_1_17' title="bbox 232 4970 1243 5025">
     <span class='ocr_line' id='line_1_44' title="bbox 232 4970 1243 5025; baseline -0.008 0"><span class='ocrx_word' id='word_1_408' title='bbox 232 4982 329 5025; x_wconf 77' lang='lat' dir='ltr'><strong>(tun.</strong></span> <span class='ocrx_word' id='word_1_409' title='bbox 341 4991 395 5024; x_wconf 73' lang='lat' dir='ltr'><strong>nar.</strong></span> <span class='ocrx_word' id='word_1_410' title='bbox 410 4982 492 5024; x_wconf 76' lang='lat' dir='ltr'><strong>snm</strong></span> <span class='ocrx_word' id='word_1_411' title='bbox 1234 4970 1243 5017; x_wconf 93' lang='lat' dir='ltr'><strong>i</strong></span> 
     </span>
    </p>
   </div>
   <div class='ocr_carea' id='block_1_6' title="bbox 0 0 1696 5476">
    <p class='ocr_par' dir='ltr' id='par_1_18' title="bbox 0 0 1696 5476">
     <span class='ocr_line' id='line_1_45' title="bbox 0 0 1696 5476; baseline 0 0"><span class='ocrx_word' id='word_1_412' title='bbox 0 0 1696 5476; x_wconf 95' lang='lat' dir='ltr'><strong> </strong></span> 
     </span>
    </p>
   </div>
  </div>
 </body>
</html>
