3382 5476
603 390 678 440 CVM
699 390 906 442 Excutiens
926 393 1096 443 infimus.
1386 408 1491 455 CCXlX

198 596 258 654 one
285 582 317 637 in
338 577 524 654 ortiprnplio
548 579 697 639 Beruensi'
717 582 781 639 sine
803 582 925 641 Iuliano
945 599 1055 640 reuera
1081 584 1181 640 omnia
1204 580 1264 640 isto
1285 584 1490 655 inueniuntur,

195 698 324 755 petonem
350 698 447 740 cansa
474 691 582 741 oaictor
608 686 685 742 ortis
708 681 873 743 tiernensis
897 686 951 743 illo
972 686 1072 744 ocutos
1092 701 1163 743 snos
1184 687 1314 758 replerit.
1357 685 1489 744 Eaedem

195 784 274 842 enim
303 786 468 842 sententiae
502 786 606 842 iisdem
635 784 707 854 sere
739 786 893 845 uocabulis
924 789 1098 862 conpositae
1124 787 1262 861 pleniore
1291 789 1492 861 expositionis

195 885 303 944 111ῠί11
318 887 382 944 illie
393 895 545 960 prostant.
575 885 694 945 Ci'tntnr
709 896 807 946 11111111
822 896 970 948 tractatus
982 892 1098 963 primns
1109 887 1140 959 s.
1156 885 1210 946 §S'
1222 915 1264 937 =
1274 890 1383 960 ortior.
1396 887 1491 948 Bern.

192 984 222 1059 s.
246 984 369 1059 22'51‘.
388 983 460 1045 toti'
482 1014 524 1036 =
545 992 656 1062 artior.
680 989 774 1047 Bern.
794 989 823 1061 s.
849 988 924 1058 tt·‚·
942 989 969 1061 s.
987 997 1059 1049 1111·
1080 1016 1122 1039 --
1144 991 1253 1064 artior.
1270 989 1364 1049 Bem.
1384 989 1412 1063 s.
1436 997 1493 1049 15ὅ

196 1088 251 1159 (de
263 1088 313 1147 liis
326 1089 461 1148 omnibns
474 1088 518 1161 cf.
531 1107 628 1165 snpra
639 1109 673 1166 p.
689 1092 820 1150 CCXVI
834 1098 882 1151 30.
906 1092 1055 1152 CCXVII
1071 1099 1116 1150 21.
1139 1092 1273 1152 CCl'lII
1288 1096 1359 1166 20),·
1376 1090 1405 1165 f.
1424 1088 1491 1150 oo·:

198 1190 252 1261 (tle
264 1191 489 1264 coniunctione)
501 1190 650 1266 quomodo
666 1192 825 1251 adnectens
839 1192 1038 1270 ordinansque
1052 1193 1246 1252 sententiam?
1262 1191 1451 1271 Coniungens
1465 1200 1495 1252 et

198 1289 343 1351 ordinans
363 1294 540 1351 senteutiam
564 1303 593 1351 et
615 1301 712 1352 cetera
736 1296 887 1370 quaein
914 1296 1032 1374 primo
1062 1301 1189 1353 notata
1216 1304 1301 1354 sunt
1329 1301 1493 1356 tractatu

197 1421 240 1444 =
256 1395 366 1468 artior.
380 1392 472 1454 nem.
485 1395 515 1467 s.
534 1394 604 1455 w.-
632 1395 781 1475 quomodo
803 1395 963 1456 adnectens
985 1396 1184 1475 ordinansque
1198 1398 1385 1456 sententiam.
1421 1395 1494 1466 Ouia

198 1497 354 1572 coniungit
378 1504 407 1555 el
430 1495 546 1556 ordinat
569 1499 758 1558 senteutiam.
794 1497 968 1567 Quomodo?
990 1497 1062 1558 Puta
1084 1498 1109 1556 si
1130 1497 1241 1557 dicam:
1265 1501 1332 1576 ‘ego
1346 1506 1378 1558 tu
1393 1481 1496 1558 eamus

199 1596 235 1658 ad
269 1597 388 1666 lornm’,
424 1597 512 1657 modo
548 1617 601 1658 nec
637 1599 808 1659 coniuncta
826 1608 872 1659 est
899 1600 1042 1658 sententia
1075 1615 1129 1658 nee
1158 1606 1261 1659 ornata
1288 1607 1346 1659 etc.
1375 1601 1497 1660 Iuliani

195 1719 228 1777 p.
255 1706 308 1757 tot
329 1702 376 1759 ed.
401 1701 507 1768 Rom.,·
532 1700 561 1773 f.
589 1708 675 1761 tom:
704 1704 754 1773 (cle
773 1700 1014 1776 praepositione)
1035 1717 1112 1778 quae
1138 1701 1305 1779 praeposita
1332 1697 1397 1760 aliis
1425 1717 1493 1780 par·

198 1799 279 1861 tibus
306 1802 448 1860 orationis
477 1810 567 1861 mutat
595 1811 644 1860 aut
673 1804 787 1862 minuit.
832 1801 1005 1872 incomoda?
1049 1801 1124 1862 lam
1152 1802 1326 1880 superius
1357 1801 1495 1882 (superus

197 1902 278 1979 cod.)
303 1911 429 1963 notata
458 1915 545 1962 sunt
566 1927 609 1954 =
631 1908 741 1979 nrtipr.
766 1904 859 1964 Bern.
879 1904 910 1978 s.
936 1901 1007 1962 tt':
1034 1921 1109 1982 quae
1137 1905 1305 1983 praeposita
1333 1902 1398 1965 aliis
1424 1921 1494 1984 par·

198 2004 278 2066 tibus
306 2005 448 2064 orationis
476 2006 719 2082 significationem
749 2024 849 2066 earum
879 2014 928 2066 aul
955 2004 1084 2083 complet
1112 2014 1163 2065 aut
1190 2014 1282 2066 mutat
1303 2014 1353 2066 aut
1373 2006 1491 2066 minuit

198 2106 355 2177 Quomodo
383 2124 451 2185 pars
478 2109 620 2166 orationis
647 2117 703 2166 ete.
734 2109 851 2168 loliani
868 2127 900 2184 p.
927 2116 981 2167 too
1008 2110 1055 2166 ed.
1079 2107 1180 2180 Rom,
1214 2106 1292 2179 ets.
1316 2113 1393 2166 tt':
1422 2125 1495 2186 quo·

200 2208 289 2268 ruodo
317 2216 410 2267 mutat
438 2207 484 2267 uel
514 2211 636 2269 minuit?
682 2211 716 2268 Vt
737 2209 807 2268 telin
830 2208 942 2269 inielix.
987 2207 1158 2278 Quomodo?
1203 2207 1276 2278 Quia
1298 2205 1368 2268 lelix
1391 2228 1407 2269 a
1430 2209 1495 2269 teti-

200 2313 290 2371 cilate
312 2310 434 2377 dicitur,
458 2309 575 2379 infelix,
598 2313 645 2371 cui
668 2310 793 2372 inlicitas
816 2310 896 2372 nullo
919 2311 1007 2371 modo
1029 2311 1142 2370 accedit
1166 2319 1222 2370 etc.
1246 2312 1364 2370 Iuliani
1380 2328 1412 2386 p.
1440 2319 1495 2369 too

199 2415 248 2473 erl.
278 2412 378 2481 Rom.;
411 2411 440 2481 s.
466 2421 538 2470 ost:
572 2415 671 2473 Action
707 2431 782 2490 quae
816 2416 904 2473 sunt?
954 2413 1035 2484 Quae
1063 2431 1081 2471 o
1108 2411 1204 2472 littera
1236 2413 1435 2472 terminantur
1466 2421 1496 2472 et

200 2522 324 2590 accepta
349 2532 364 2572 r
384 2513 494 2572 iaciunt
515 2534 549 2573 ex
577 2534 608 2573 se
630 2516 760 2593 passius,
785 2524 816 2572 ut
839 2523 885 2574 est
907 2513 974 2592 lego
996 2515 1078 2591 legor
1100 2523 1129 2572 et
1150 2523 1248 2573 cetera
1270 2531 1345 2591 cinae
1367 2515 1436 2573 iam
1461 2514 1494 2573 in

200 2617 323 2696 primo
351 2624 475 2675 notata
503 2626 587 2675 sunt
615 2624 775 2676 tractatu
805 2641 847 2668 =
876 2620 985 2691 ortior.
1014 2615 1108 2675 Bern.
1134 2616 1164 2686 s.
1188 2612 1259 2674 35’:
1295 2615 1391 2675 actiua
1420 2632 1495 2693 quae

200 2718 289 2778 sunt?
326 2716 407 2787 Onne
430 2718 459 2776 in
484 2738 501 2775 o
524 2716 662 2777 desinunt
684 2736 718 2777 ex
742 2737 774 2777 se
797 2726 826 2777 et
848 2726 968 2797 accepta
991 2735 1006 2775 1
1028 2715 1127 2777 littera
1150 2716 1264 2777 iaciunt
1285 2717 1402 2796 passius
1424 2718 1496 2789 (Ἆτ

199 2822 245 2881 se’
271 2828 342 2879 onte
368 2819 513 2889 ‘fuciunt’
541 2822 767 2894 collocandum)
796 2829 826 2878 ut
854 2817 920 2896 lego
948 2819 1039 2896 legor.
1091 2818 1189 2888 Quare
1216 2817 1323 2878 dieitur
1350 2819 1495 2878 aetiuum?

201 2922 246 2983 Eo
268 2920 345 3000 quod
368 2921 514 2981 actionem
538 2922 684 2999 significet
706 2930 735 2980 et
757 2931 877 2998 accepta
901 2922 975 2999 (uni
997 2920 1076 2998 cod.)
1100 2939 1115 2981 r
1139 2921 1208 2980 lacit
1231 2937 1265 2980 ex
1288 2938 1321 2980 se
1346 2923 1495 3000 passiuum

201 3025 320 3084 Iuliani
336 3042 369 3100 p.
393 3031 428 3081 ‘tt
449 3026 496 3082 ed.
521 3025 605 3083 Rom.

288 3127 365 3185 Inde
399 3125 549 3198 efficitur,
587 3129 826 3202 supplementum
864 3144 918 3185 nos
953 3127 1132 3200 nrtiproplii
1162 3124 1325 3184 Bernensis
1360 3127 1497 3186 mantino

202 3236 415 3302 tenerentque
437 3229 530 3301 ipsius
554 3229 675 3286 Iuliani.
713 3229 780 3286 lom
803 3229 888 3299 itinn,
912 3229 1054 3302 expositis
1070 3228 1116 3286 iiis
1131 3228 1274 3299 omnious,
1299 3243 1496 3304 mortomar,

116 3328 121 3335 '
203 3348 242 3391 ne
268 3330 341 3388 milti
368 3331 517 3388 obiciatur
538 3330 641 3401 refelli
661 3347 756 3388 nieom
778 3331 955 3389 sententiam
977 3346 1026 3394 eo,
1057 3328 1497 3405 nominenominee

203 3450 257 3492 ars
278 3432 491 3505 artipropdnrn
515 3431 1065 3506 [1111111111111111111111111111.
1113 3430 1197 3501 (niae
1217 3433 1294 3489 enim
1316 3429 1496 3506 interposita

202 3544 273 3594 snnt
295 3531 375 3592 inter
396 3540 554 3606 utromque
576 3542 686 3606 ortem,
711 3552 770 3592 non
793 3536 853 3592 nisi
872 3534 975 3592 Seruii
994 3535 1200 3592 centimetrum
1222 3536 1390 3606 continent,
1418 3535 1498 3609 quod

202 3652 270 3694 eam
298 3636 336 3693 nd
364 3651 487 3693 crtrisnm
516 3638 577 3694 illic
603 3638 783 3694 collocatum
808 3635 885 3707 sciit,
917 3638 990 3710 quin
1013 3637 1044 3693 in
1067 3644 1200 3693 extremo
1221 3633 1400 3710 artiproplri
1421 3634 1495 3694 Ber·

202 3741 303 3797 nensis
330 3753 421 3811 opere
448 3736 553 3795 similis
576 3739 615 3796 de
636 3741 738 3796 metris
759 3739 905 3796 tractatio
926 3739 1022 3796 locun
1045 3737 1205 3795 obtinebat.
1251 3737 1386 3796 Ceterum
1408 3739 1500 3795 simili

203 3841 293 3899 modo
317 3837 436 3909 [1111111
465 3847 521 3910 est,
560 3848 590 3897 nt
619 3840 732 3898 Donati
764 3856 816 3897 ors
848 3842 947 3898 minor
974 3841 1004 3897 in
1035 3839 1091 3898 lioc
1126 3835 1192 3914 ipso
1224 3841 1293 3899 coti.
1321 3839 1415 3898 Bern.
1440 3845 1497 3897 207

198 3940 229 4014 s.
256 3937 404 4012 2³-1td,
430 3943 552 3998 maioris
580 3958 652 3999 nero
678 3958 715 4000 en
740 3957 831 4016 pars,
860 3958 940 4015 qnae
968 3942 1006 4000 de
1028 3948 1093 4000 octo
1113 3940 1250 4015 portibus
1271 3938 1351 4017 opit,
1380 3942 1496 4000 demam

200 4042 229 4115 s.
257 4047 328 4100 tot·
348 4059 407 4115 seq.
430 4045 544 4116 scripto
566 4045 747 4103 irnienintnr.

289 4142 446 4218 Superest,
481 4154 512 4202 nt
544 4147 690 4203 norurnlla
723 4162 762 4205 ex
796 4147 973 4221 ortiproplri
1002 4145 1161 4204 Bernensis
1194 4152 1262 4203 orte
1293 4142 1411 4204 minore
1440 4151 1496 4203 etc.

203 4252 367 4320 excerpto,
391 4263 468 4318 qnae
486 4248 643 4320 procerioris
664 4251 806 4306 momenti
825 4251 892 4307 niso
913 4257 1017 4320 eram,
1037 4261 1215 4322 proponam.
1253 4248 1371 4306 Iuliani
1390 4246 1496 4317 neria,

201 4351 282 4409 stent
304 4355 393 4405 111111
413 4346 529 4422 scripto
552 4351 581 4406 in
604 4349 734 4407 editione
759 4350 909 4418 1111111111,
938 4351 1074 4408 consulito
1100 4351 1218 4407 intacta
1245 4345 1359 4423 reliqni
1383 4347 1498 4407 collisis

203 4450 370 4510 Bonnensis
396 4456 448 4506 123
468 4453 638 4524 scripturae
659 4448 897 4526 discrepantiam
919 4452 1077 4510 subiecisse
1097 4457 1260 4510 contentos.
