3382 5476
545 397 585 452 IN
603 400 687 453 DON.
705 400 831 452 AR'I'EM
849 399 1028 453 uluottcu.
1371 394 1435 461 209

140 592 272 668 agentis,
297 598 329 649 ut
350 587 468 650 osculor
491 598 532 656 te,
557 596 587 649 et
607 591 638 649 in
660 590 785 650 lormam
808 590 920 668 passiui
940 590 1003 667 ipsa
1026 594 1071 649 est
1091 589 1240 668 patientis,
1263 593 1295 648 ut
1316 586 1435 648 osculor

140 709 156 750 a
179 701 216 752 te.
261 691 401 751 Osculum
425 699 470 751 est
492 692 609 769 signum
632 692 726 771 pacis,
751 690 865 751 basium
888 691 1012 758 amoris,
1034 691 1149 751 saulum
1172 690 1288 767 signum
1311 689 1435 750 Veneris

141 795 172 852 ·i·
195 793 340 853 luxuriae.
386 791 459 853 lude
481 801 510 853 ct
532 792 652 871 quidam
676 799 796 870 poeta:

292 894 400 953 Basia
423 891 648 971 coniugibus
670 893 733 953 sed
757 902 793 953 et
814 891 939 954 oscula
962 893 1101 954 deutur
1123 895 1262 956 amicis.

113 1014 127 1053 s
293 996 402 1055 Sauia
425 993 584 1056 lasciuis
606 996 817 1055 miscentur
838 1000 942 1072 grata
965 992 1130 1055 labellis.

141 1095 175 1156 ll.
191 1095 372 1175 Tempora
396 1094 595 1157 uerborum
617 1104 707 1175 quot
729 1097 834 1156 sunt?
869 1094 1016 1176 Tempora
1039 1096 1177 1156 dicuutur
1199 1096 1525 1176 atemperando.³oo‚o

140 1197 215 1258 Sunt
226 1207 325 1257 autem
342 1205 482 1274 quattuor
494 1199 716 1276 temporaanni,
733 1215 810 1277 quae
824 1215 877 1258 sua
889 1197 1095 1258 uicissitudine
1106 1204 1325 1277 temperantur:
1341 1208 1437 1259 aestas

140 1298 249 1367 calida,
280 1297 376 1358 hiems
399 1298 520 1376 frigida,
546 1306 575 1359 et
595 1301 675 1361 inter
698 1299 771 1359 baec
793 1298 852 1361 duo
875 1308 945 1361 sunl
966 1298 1037 1367 alia,
1060 1318 1137 1379 quae
1160 1300 1281 1379 proprie
1303 1307 1437 1378 tempora

140 1401 287 1467 dicuntur.
313 1401 342 1458 ·i·
367 1399 527 1461 moderata.
567 1400 599 1460 ln
622 1400 669 1460 his
691 1403 770 1462 eninr
792 1401 929 1461 nimietas
944 1399 1053 1462 caloris
1067 1408 1154 1479 atoue
1170 1400 1292 1478 frigoris
1307 1403 1435 1480 reperiri

102 1522 128 1560 ro
140 1505 251 1581 nequit.
289 1500 321 1559 ln
346 1500 440 1560 uerbo
463 1509 561 1562 autem
585 1510 718 1580 tempora
742 1501 881 1563 dicuntur
896 1501 1100 1563 distinctiones
1122 1503 1217 1563 nostri
1237 1510 1334 1570 actus,
1358 1503 1436 1582 quia,

138 1603 278 1684 quicquid
309 1602 445 1670 iacimus,
474 1605 575 1663 autin
598 1605 748 1682 praesenti
770 1603 858 1665 modo
887 1602 1025 1671 iacimus,
1055 1611 1106 1664 aut
1127 1605 1157 1663 in
1180 1605 1342 1681 praeterito
1365 1604 1437 1664 leci·

140 1724 220 1774 mus,
254 1705 300 1767 uel
330 1706 360 1764 iu
392 1703 492 1764 loturo
520 1705 673 1765 iaciemus.
723 1704 776 1765 Est
803 1722 876 1784 ergo
903 1712 1021 1783 tenipus
1048 1706 1167 1784 quidam
1196 1723 1298 1766 rerum
1325 1712 1434 1767 motus.

138 1805 283 1868 Praesens
306 1803 511 1886 imperfectum
536 1825 600 1867 esse
623 1805 760 1875 dicimus,
782 1809 860 1867 sicut
883 1806 1075 1881 mimorum,
1098 1825 1134 1866 eo
1149 1805 1227 1885 quod
1244 1824 1303 1866 non
1326 1815 1434 1875 manet,

138 1907 191 1970 sed
214 1906 430 1988 quodammodo
454 1909 569 1968 transit.
608 1906 691 1968 Vnde
714 1916 745 1967 et
766 1927 781 1969 a
804 1906 990 1987 philosophis
1010 1910 1126 1974 instans
1143 1909 1260 1982 dicitur,
1283 1909 1436 1970 aGraecis

101 2005 307 2090 uoldprocov,
331 2029 367 2071 eo
389 2007 467 2089 quod
492 2027 552 2069 lion
574 2016 640 2069 stat.
680 2008 773 2088 igitur
794 2027 938 2089 praesens
960 2017 1078 2088 tompus
1100 2009 1174 2070 nihil
1202 2009 1282 2071 aliud
1311 2019 1357 2071 est
1378 2012 1435 2072 nisi

139 2112 291 2181 distantia,
324 2114 353 2171 ·i·
383 2115 480 2189 ipsum
514 2108 686 2190 spatiolum,
721 2110 798 2191 quod
833 2112 912 2172 inter
943 2111 1133 2188 praeteritum
1163 2119 1208 2172 est
1236 2121 1265 2172 ct
1291 2112 1435 2173 futurum.

140 2213 228 2273 Verbi
243 2216 338 2291 gratia
353 2213 469 2273 ‘deus’:
494 2232 561 2274 cum
577 2212 651 2273 dico
674 2211 720 2282 de,
743 2231 779 2274 us
801 2212 897 2274 adhuc
919 2222 1062 2281 remanet,
1085 2221 1115 2273 et
1137 2231 1203 2274 cum
1227 2213 1293 2273 dico
1310 2233 1354 2284 us,
1377 2216 1434 2274 iam

140 2313 177 2375 de
205 2317 400 2394 praeteritum
428 2325 483 2377 est.
528 2316 671 2376 Futurum
700 2314 836 2376 similiter
858 2315 1066 2393 imperfectum
1089 2322 1144 2375 est.
1188 2313 1332 2393 Quicquid
1356 2316 1434 2377 enim

138 2417 169 2477 in
192 2426 294 2477 nostro
317 2426 384 2478 actu
405 2426 460 2487 est,
485 2419 631 2478 incertum
655 2426 700 2478 est
723 2426 753 2477 et
773 2417 992 2496 imperfectum.
1031 2415 1104 2476 Nam
1127 2422 1224 2495 potest
1246 2434 1312 2477 esse
1328 2424 1359 2477 et
1374 2431 1453 2477 non·

99 2536 216 2580 coesse.
259 2520 335 2579 Sunt
364 2528 462 2580 autem
487 2517 631 2596 quaedam
653 2519 752 2580 lutura
775 2518 862 2597 notul}
879 2538 909 2598 p.
928 2514 988 2578 123
1005 2516 1108 2597 gralia,
1133 2533 1209 2595 quae
1232 2517 1341 2578 cotidie
1364 2536 1433 2578 eue-

137 2621 238 2694 niunt,
267 2629 299 2680 ut
327 2619 420 2680 solem
443 2620 515 2680 oriri
538 2629 568 2680 et
591 2619 740 2680 hominem
762 2621 837 2680 mori
861 2627 891 2679 et
912 2619 1002 2680 alium
1024 2619 1114 2680 nasci.
1160 2618 1218 2680 lsta
1241 2618 1434 2679 immutabilia

137 2728 220 2791 suut,
249 2724 317 2800 quia
346 2720 394 2781 dei
422 2721 565 2800 dispositu
595 2723 746 2782 eueniunt.
791 2721 938 2782 Praesens
965 2721 1062 2798 itaque
1085 2725 1115 2779 et
1136 2718 1268 2781 futurum
1290 2720 1434 2800 simplicia

136 2828 219 2892 sunt,
249 2822 300 2882 sed
330 2824 522 2900 praeteritum
553 2824 584 2882 iu
614 2831 675 2883 tres
702 2822 847 2883 diuiditur
869 2822 1000 2901 species,
1029 2821 1165 2901 eoquod
1189 2821 1354 2900 perlectum
1377 2833 1432 2883 est.

139 2922 210 2985 Nam
226 2942 290 2983 rem
307 2933 456 3003 peractam
478 2924 672 2985 demonstrat.
716 2924 868 3001 Siquidem
891 2921 1033 2984 diuiditur
1055 2922 1085 2982 in
1107 2925 1301 3001 praeteritum
1323 2925 1434 3004 imper-

98 3024 246 3085 ssiectum
270 3033 299 3085 et
320 3028 352 3085 in
375 3027 566 3105 praeteritum
590 3025 753 3104 perlectum
778 3035 808 3087 et
829 3028 860 3086 in
883 3026 1076 3105 praeteritum
1099 3023 1433 3104 plusquamperfectum.

139 3124 250 3188 [licitur
274 3145 346 3204 ergo
368 3130 561 3206 praeteritum
580 3127 804 3206 imperiectum‚
829 3145 864 3186 eo
879 3127 957 3206 quod
978 3125 1183 3204 imperfectam
1207 3144 1271 3187 rem
1292 3126 1432 3187 ostendit.

138 3226 226 3288 Verbi
242 3229 351 3306 gratia:
376 3228 457 3305 ‘quid
482 3227 610 3288 faciebas
633 3227 729 3288 beril'
768 3228 928 3307 ‘legebam
946 3245 1076 3295 uersum,
1100 3227 1218 3306 quando
1234 3244 1282 3287 me
1298 3229 1432 3288 uocasli.’

137 3328 209 3390 Cum
232 3328 299 3389 dico
322 3328 489 3406 ‘legebam'‚
517 3329 667 3408 intelligis,
692 3348 739 3390 me
761 3331 860 3406 legere
883 3346 1012 3397 uersum,
1036 3327 1087 3388 scd
1111 3327 1146 3387 ad
1169 3328 1258 3388 finem
1282 3346 1342 3388 non
1365 3348 1432 3408 per·

136 3429 243 3490 fecisse
273 3437 301 3489 ot
330 3428 397 3490 ideo
423 3431 630 3509 imperfectum
655 3449 720 3491 esse
742 3430 858 3491 dicitur.
904 3430 1101 3490 Praeteritum
1126 3429 1289 3507 perlectum
1313 3429 1432 3500 dicitur,

98 3549 173 3592 aoeo
195 3532 273 3610 quod
297 3533 457 3608 perlectam
481 3542 511 3593 et
533 3533 724 3611 praeteritam
748 3550 811 3592 rem
835 3530 1027 3597 demonstrat,
1052 3537 1098 3590 ut:
1122 3529 1204 3606 ‘quid
1220 3529 1318 3590 iecisti
1333 3530 1431 3591 heril’

137 3631 220 3711 ‘Legi
250 3636 393 3698 uersum’.
429 3642 459 3693 et
489 3652 581 3713 usquc
610 3632 646 3692 ad
676 3632 764 3693 linem
794 3631 929 3712 perduxi.
980 3631 1176 3692 Praeteritum
1204 3631 1432 3712 plusquamper-

136 3733 244 3795 iectum
274 3735 398 3803 dicitur,
428 3734 546 3814 quando
575 3737 652 3794 actio
675 3742 776 3796 nostra
799 3735 857 3794 iam
879 3734 1085 3801 inueterascit,
1115 3742 1160 3793 ut:
1205 3733 1289 3811 ‘quid
1318 3734 1432 3795 ieceras

135 3835 231 3897 intua
251 3837 405 3897 inlantial'
445 3835 624 3912 ‘Legeram'
661 3836 805 3896 Futurum
828 3838 904 3896 sicut
926 3844 955 3895 ct
978 3853 1119 3914 praesens
1140 3834 1265 3913 simplex
1288 3845 1430 3897 remanet.

136 3936 225 3997 boa
242 3936 546 3999 declinationem.
576 3937 615 3997 ila
630 3939 659 3996 ·i·
672 3937 729 4006 dic,
743 3937 956 4016 sicut‘acclpe’
970 3955 1024 4015 pro
1038 3937 1117 3997 audi.
1148 3936 1585 4014 dictum,·i·pro·soo,1o.1s

98 4054 125 4093 ao
139 4040 314 4098 nuntiatum.
337 4036 415 4106 Sic,
431 4041 460 4097 ·i·
473 4037 524 4098 tali
536 4039 633 4110 modo,
648 4038 697 4099 tali
710 4042 834 4101 ratione.
858 4038 1033 4120 Optatiuo
1049 4038 1168 4108 modo,
1180 4038 1290 4097 utinam
1301 4038 1430 4115 legerem
1444 4058 1494 4104 sm,
1509 4057 1540 4095 u.
1558 4057 1584 4096 ro

138 4140 270 4201 modoet
286 4142 396 4200 utinam
418 4140 548 4217 legerem
571 4137 651 4209 lieri,
674 4142 783 4202 utinam
800 4140 938 4219 legissem
955 4139 1019 4199 beri
1036 4145 1066 4197 et
1080 4140 1193 4198 utinam
1209 4138 1347 4216 legissem
1363 4149 1431 4200 anto

139 4240 306 4319 quindecim
320 4260 422 4302 annos.
446 4242 529 4302 Cum
546 4241 827 4321 legam,intelligo;
844 4261 921 4303 cum
937 4240 1106 4317 legerem,
1119 4237 1335 4317 intelligebam
1352 4259 1430 4301 cum
1444 4258 1490 4306 seo,
1503 4258 1536 4298 ss.
1550 4258 1583 4298 ss.

136 4341 301 4420 legerim,
313 4342 461 4411 intelleri;
478 4362 556 4404 cum
573 4342 758 4421 legissem,
773 4342 991 4408 intellexeram
1008 4359 1086 4401 cum
1103 4339 1242 4417 legero,
1256 4340 1428 4418 intelligam.
1443 4343 1533 4441 {32:2⁶

137 4441 345 4507 lulinitiuo
367 4445 472 4504 modo
494 4453 659 4524 tempore
688 4445 883 4524 praesenti
911 4453 946 4504 et
971 4443 1180 4519 praeterito
1201 4442 1553 4521 imperfectos-use

137 4644 361 4656 n———a

130 4810 140 4816 “
202 4803 218 4852 3
236 4799 338 4865 quidam
357 4796 442 4868 poeta]
462 4802 497 4866 rs.
515 4801 581 4853 isid.
600 4802 657 4869 diff.
677 4804 803 4853 saccom.
825 4799 852 4851 V
865 4818 891 4866 p.
911 4803 945 4850 52
964 4802 1071 4851 Areual.
1148 4801 1178 4849 li
1196 4802 1279 4863 grecis
1298 4800 1429 4850 norismou

135 4869 169 4920 20
185 4883 250 4932 qrrse
267 4871 309 4920 die
330 4870 423 4920 cotidie
507 4874 541 4921 34
564 4873 631 4921 sicut
647 4867 747 4936 accipe]
770 4871 806 4932 cs.
823 4870 902 4922 acliot.
922 4868 1004 4919 Bern.
1023 4871 1059 4919 ad
1075 4871 1125 4918 ert.
1143 4867 1159 4916 1
1178 4871 1211 4916 1⁹
1227 4885 1253 4933 p.
1274 4870 1323 4916 751

159 4950 255 4995 (im
267 4962 320 4997 ur.
334 4956 417 4998 sorra.
1197 4953 1227 5001 14
