3382 5476
202 376 262 442 132
714 379 781 433 ass
799 379 975 433 mensuit

199 575 281 636 sunt,
311 565 429 646 quaudo
458 567 570 628 Graeca
593 566 704 628 luerint
726 569 808 629 etin
830 570 970 646 genetiuo
993 569 1106 630 Graeco
1129 587 1171 629 ου
1193 569 1305 630 luerint
1326 568 1497 638 terminata,

198 686 252 729 uos
276 667 408 729 ultimam
431 687 473 728 ou
495 670 524 728 in
548 687 584 728 ae
607 667 812 748 diphthongon
840 671 1060 746 conuertimus,
1089 677 1119 731 et
1140 668 1198 730 boc
1220 672 1349 731 maxime
1370 672 1401 730 in
1425 689 1499 750 pro·

192 772 272 849 'priis
301 769 485 840 nominibus,
515 777 547 829 ut
575 766 801 850 Διοσκορίὸης
822 768 1054 851 Aeoormpidov
1082 790 1137 832 nos
1157 771 1284 834 dicimus
1305 771 1500 835 llioscorides

198 870 284 933 huius
311 871 521 941 Dioscorides,
549 873 591 931 sic
620 873 707 931 etiam
730 869 875 933 Anchises
897 872 1052 943 Anchisae,
1075 873 1202 935 Achates
1224 873 1367 942 Achatae,
1397 874 1448 935 uel
1471 876 1500 937 si

197 974 400 1052 patronomica
422 973 534 1033 luerint
557 990 589 1032 os
611 971 722 1052 syllaba
745 974 919 1041 terminata;
948 982 1020 1034 tunc
1048 975 1127 1035 enim
1151 976 1266 1054 primae
1286 972 1526 1037 declinatiouiss

197 1076 283 1143 hunt,
308 1083 339 1135 ut
360 1073 553 1135 Anchisiades
574 1073 786 1143 Anchisiadae,
810 1075 962 1135 Aeneades
978 1072 989 1156 ΙΙ
1006 1075 1025 1161 1.
1044 1072 1123 1136 112b
1138 1073 1150 1157 ΙΙ
1165 1075 1335 1145 Aeneadae,
1355 1076 1500 1139 Thesides

196 1175 357 1250 Thesidae,
381 1174 565 1237 Dardanides
588 1174 782 1236 Dardanidae.
827 1175 900 1236 lude
922 1176 1141 1238 Priscianus
1163 1177 1249 1238 dicit:
1273 1176 1407 1239 Omnes
1429 1178 1498 1239 mi·

115 1276 119 1283 '
198 1295 307 1338 nores
335 1277 472 1339 Thesei
501 1275 686 1337 Thesides
717 1276 851 1338 Graeci
884 1277 1088 1356 appellant,
1121 1278 1219 1340 unde
1247 1288 1282 1340 et
1309 1277 1500 1359 Virgilius

197 1376 398 1440 seeundum
426 1378 605 1440 Graecam
639 1377 793 1438 formam
828 1377 1025 1457 Scipiadas
1058 1379 1161 1440 dixit.
1208 1379 1240 1440 ln
1268 1398 1327 1460 quo
1358 1379 1506 1459 exemplo¹

196 1481 340 1551 ostendit,
364 1481 567 1560 patronomica
590 1481 711 1540 nomina
734 1480 848 1558 primae
870 1479 1074 1541 declinationis
1096 1499 1175 1550 esse,
1200 1499 1267 1541 cum
1290 1482 1498 1555 accusatiuum
1511 1500 1537 1539 n

196 1581 340 1661 pluralem
368 1584 399 1642 in
425 1599 458 1643 as
486 1580 627 1660 syllabam
655 1580 778 1660 protulit
805 1579 993 1651 ‘Thesidas’,
1023 1580 1102 1658 quod
1132 1588 1177 1641 est
1204 1582 1357 1661 proprium
1379 1583 1497 1662 primae

196 1682 410 1745 declinationis.
455 1681 529 1743 ltenr
558 1682 778 1744 Priscianus
806 1683 893 1744 dicit:
925 1681 1087 1743 ‘Thesidae
1115 1682 1298 1759 Cecropidae
1326 1702 1343 1745 a
1370 1682 1497 1764 regibus

196 1786 351 1854 dicuutur,
386 1782 463 1845 idest
490 1783 701 1855 Athenienses,
733 1787 809 1845 sicut
836 1783 990 1845 Aeneadae
1020 1782 1210 1854 Romulidae,
1243 1784 1321 1846 idest
1342 1784 1497 1848 Romani?

196 1885 310 1956 Quibus
339 1883 481 1963 exemplis
509 1884 683 1954 ostenditur,
713 1887 917 1964 patronomica
941 1887 1060 1945 nomina
1082 1886 1113 1944 in
1136 1904 1169 1946 es
1191 1885 1358 1949 desinentia
1380 1889 1498 1967 primm

196 1987 401 2047 declinationis
430 1986 494 2045 heri
521 1984 641 2047 debere.
686 1986 833 2047 Thesidae
861 1987 939 2046 euim
969 1996 998 2047 et
1026 1986 1208 2066 Cecropidae
1237 1994 1267 2047 et
1287 1988 1444 2050 Aeneadae
1466 1996 1535 2049 ctu

195 2087 368 2149 Romulidae
397 2088 572 2147 nominatiui
599 2085 729 2166 plurales
758 2089 788 2147 in
811 2106 846 2148 ae
869 2087 1074 2168 diphthongon
1103 2089 1272 2149 desinentes
1300 2090 1415 2168 primae
1441 2088 1495 2150 de·

196 2190 365 2250 clinationis
387 2196 465 2248 sum.
512 2188 583 2248 lnde
606 2187 787 2266 Virgilius
811 2188 895 2250 dixit:

400 2291 645 2369 Praemiaque
668 2292 844 2369 ingentes
867 2308 980 2370 pagos
1003 2298 1038 2351 et
1060 2294 1209 2371 conpita
1232 2294 1372 2355 circum

399 2389 587 2453 Thesidae
609 2410 786 2472 posuere;

194 2493 288 2555 idem:
398 2493 592 2555 Aeneadae
614 2495 649 2554 iu
672 2494 812 2554 ferrum
836 2512 902 2573 pro
925 2492 1105 2555 libertate
1128 2493 1296 2555 ruebant
1407 2489 1410 2495 ’
1508 2515 1535 2555 so

193 2629 256 2691 Alia
290 2637 388 2690 autem
420 2630 539 2690 nomina
568 2631 598 2689 iu
627 2648 659 2690 es
688 2629 855 2690 desinentia
889 2631 953 2689 siue
982 2630 1094 2690 Graeca
1127 2631 1238 2691 luerint
1265 2636 1295 2691 et
1321 2631 1495 2708 genetiuum

195 2731 340 2793 Graecum
363 2732 392 2790 in
417 2750 470 2803 εος
490 2730 662 2801 habuerint,
687 2739 718 2790 ut
739 2727 864 2810 Τέννης
883 2725 1039 2802 Titaresos,
1063 2737 1113 2791 aut
1136 2733 1223 2792 etiam
1246 2732 1277 2792 in
1300 2727 1381 2804 dous
1402 2749 1494 2811 gene·

194 2833 288 2893 tiuum
311 2831 486 2901 habuerint,
511 2840 543 2893 ut
567 2825 763 2910 Ἐμμενίδης
783 2824 1011 2911 Ἐμμενίδους,
1037 2850 1089 2903 sog
1113 2831 1161 2893 uel
1185 2851 1245 2905 ους
1266 2834 1297 2893 in
1319 2834 1345 2892 is
1367 2850 1492 2895 conuer-

194 2936 286 2994 tentia
309 2934 414 2994 tertiae
437 2931 643 2994 declinationis
667 2934 754 3002 liunt,
779 2941 810 2992 ut
831 2933 1020 2993 Emmenides
1042 2932 1224 2994 Emmenidis
1240 2932 1357 2995 ‘lennes
1372 2932 1494 2996 Tenuis.

194 3034 231 3095 Et
252 3037 352 3095 omnia
375 3035 494 3094 nomina
517 3033 633 3103 Latina,
658 3052 732 3112 quae
757 3051 815 3094 uon
838 3032 949 3095 habent
972 3035 979 3093 i
1002 3043 1071 3095 ante
1093 3053 1122 3104 s,
1147 3036 1277 3115 exceptis
1300 3033 1396 3095 tribus
1419 3032 1532 3097 lidesss

193 3154 261 3215 spes
283 3153 347 3205 res,
377 3151 452 3211 quae
481 3135 601 3214 quintae
629 3134 836 3195 declinationis
858 3143 942 3206 suut,
972 3135 1028 3195 alia
1058 3137 1163 3198 tertiae
1186 3136 1391 3198 declinationis
1414 3144 1493 3207 suut,

192 3239 256 3299 siue
283 3236 443 3298 masculina
472 3236 582 3298 luerint
610 3245 642 3296 ut
664 3235 749 3296 miles
770 3254 892 3316 gurges,
920 3239 983 3298 siue
1005 3239 1164 3306 feminina,
1194 3245 1228 3299 ut
1249 3256 1366 3300 merces
1388 3238 1493 3307 moles,

185 3347 244 3402 >aut
269 3341 453 3407 communia.
482 3347 515 3401 ut
542 3347 620 3399 teres
650 3336 749 3417 bipes,
784 3339 847 3400 siue
877 3340 964 3399 etiam
993 3340 1106 3400 Graeca
1135 3340 1259 3410 luerint,
1289 3348 1321 3400 ut
1349 3338 1494 3400 Hercules

193 3438 335 3512 Achilles,
365 3443 468 3502 tertiae
491 3439 698 3501 declinationis
725 3448 804 3501 sunt.
851 3439 902 3501 llla
925 3459 999 3502 uero
1023 3441 1142 3502 nomina
1164 3442 1174 3500 i
1197 3449 1265 3502 ante
1288 3459 1320 3502 es
1343 3439 1494 3509 habentia,

193 3545 270 3604 sicut
292 3543 435 3613 diximus,
459 3544 582 3624 quintae
605 3538 813 3601 declinationis
836 3549 917 3612 suut,
947 3545 1081 3622 exceptis
1103 3541 1173 3610 llll,
1197 3560 1272 3622 quae
1294 3549 1364 3603 sunt
1385 3544 1531 3604 tertiasse

193 3646 400 3706 declinationis
422 3652 526 3704 contra
548 3641 698 3721 regulam,
722 3652 755 3703 ut
776 3641 859 3704 abies
882 3645 958 3704 aries
981 3645 1079 3723 paries
1101 3645 1200 3723 quies,
1225 3644 1277 3705 sed
1300 3645 1493 3705 uetustissimi

193 3750 278 3827 quies
301 3747 380 3826 quisi
403 3744 567 3806 secundum
589 3746 722 3822 quintam
739 3742 970 3806 declinationem
992 3744 1196 3824 proferebant,
1220 3744 1298 3805 unde
1313 3745 1494 3806 Afranius

193 3847 282 3908 dixit:

345 3946 519 4010 Sollicito
541 3947 654 4007 corde
678 3966 813 4027 corpus
836 3966 907 4008 noir
930 3949 1072 4024 potitur
1096 3965 1191 4008 nuuc
1215 3949 1309 4026 quie.

262 4237 321 4286 tiu
340 4253 355 4303 q
372 4237 521 4302 dyptougon
591 4234 808 4299 3dyoscorpdies
826 4233 982 4296 dyoscorioy
1051 4233 1191 4284 discendes
1210 4233 1338 4284 diseoride
1407 4236 1492 4299 hspi-

192 4304 248 4354 lsbe
325 4303 526 4353 hanchiseudes
544 4301 715 4352 anchiseadae
782 4301 887 4352 aenidos
905 4301 995 4350 enidae
1064 4301 1209 4361 Ttlreside,
1233 4317 1279 4352 orn.
1299 4302 1424 4354 Thesides

192 4369 350 4436 Priscianus]
371 4371 386 4421 I
401 4388 430 4435 p.
450 4373 491 4432 82,
510 4372 544 4418 21
613 4371 629 4420 8
647 4369 743 4420 thessei
760 4368 887 4420 thessidas
958 4367 1094 4434 Virgilius]
1117 4370 1210 4433 (leorp.
1229 4368 1265 4418 ΙΙ
1283 4373 1339 4420 170.
1358 4371 1426 4425 Aen.
1449 4370 1491 4421 VI

191 4443 245 4490 843
298 4441 329 4488 12
347 4434 505 4500 Priscianus]
525 4437 560 4497 es.
579 4437 595 4486 I
611 4454 639 4502 p.
659 4441 701 4501 61,
712 4441 744 4488 10
795 4436 896 4486 theside
913 4436 1064 4502 cicroprime
1134 4440 1165 4489 13
1183 4437 1331 4488 atlieneusis
1385 4439 1493 4489 aeriisds

192 4506 318 4558 romulide
405 4508 435 4556 ld
453 4505 578 4569 citropide
596 4517 620 4554 et
638 4506 712 4555 enide
781 4507 813 4554 16
830 4503 856 4553 in
875 4519 889 4552 e
906 4502 1057 4569 duptougon
1075 4506 1231 4555 dissinentes
1302 4508 1334 4557 17
1352 4504 1490 4572 Virgilius]

194 4577 288 4639 Georp.
306 4573 341 4623 II
360 4575 411 4623 382
516 4573 546 4621 19
565 4572 630 4621 idem
650 4570 846 4636 aerri¹de1Aen.
870 4571 946 4621 VIII
965 4575 1024 4635 848,
1043 4575 1077 4637 es.
1097 4575 1180 4626 I’rise.
1200 4576 1215 4624 I
1232 4589 1261 4637 p.
1281 4576 1324 4637 61,
1344 4576 1386 4624 12.
1405 4577 1448 4637 85,
1467 4579 1492 4626 1.

192 4644 225 4693 20
243 4641 370 4691 internum
456 4642 489 4690 22
507 4639 532 4686 in
552 4655 593 4688 ors
663 4652 691 4690 ut
707 4652 777 4691 tenes
796 4651 882 4690 tenors
953 4641 979 4689 iu
997 4652 1038 4691 tos
1123 4643 1156 4692 23
1175 4641 1322 4704 epurenides
1341 4642 1491 4705 eumenides

193 4725 222 4759 os
241 4708 280 4757 uel
300 4724 346 4772 ogs
415 4709 448 4759 24
466 4707 588 4757 eminides
607 4709 725 4759 eminidis
778 4719 847 4759 tenes
866 4708 931 4758 tenis
984 4710 1149 4774 aspergens
1194 4710 1272 4757 merei
1341 4710 1374 4759 28
1392 4710 1491 4761 ercules

191 4774 355 4890 29l1nphiles
425 4790 485 4825 uero
504 4777 573 4824 nomi
659 4779 690 4828 31
709 4776 797 4826 lrahies
884 4777 915 4827 32
934 4773 1070 4842 athenius]
1089 4778 1124 4840 es.
1147 4777 1273 4827 Priscian.
1295 4777 1352 4842 Ip.
1374 4780 1439 4841 m,
1459 4781 1493 4829 to

191 4845 225 4895 34
243 4842 341 4894 soicite
