3382 5476
91 433 99 442 ,
183 368 247 435 212
586 367 822 427 conuunrvu
840 370 1085 426 carmonensis

183 562 360 639 significant.
404 562 511 622 ‘lutro'
535 570 564 622 et
586 561 690 623 ‘foras’
715 569 745 620 et
767 560 862 645 ‘illuof
884 560 920 622 ad
944 559 1040 623 locum
1061 557 1179 643 1112711
1215 607 1472 624 ........

189 709 758 725 .................
776 661 847 724 illuc
869 670 1079 742 properantes,
1103 670 1134 723 ει
1147 663 1178 723 in
1202 661 1360 742 psalmo:
1383 662 1477 724 illuc

183 768 278 827 enim
308 764 572 827 ascenderunt.
620 764 720 826 Potest
746 766 825 824 euim
860 766 954 845 accipi
982 765 1020 826 de
1048 765 1149 826 tuturo
1176 774 1205 825 et
1232 763 1270 826 de
1298 765 1476 844 praeter-itm

183 866 266 928 ‘illic’
292 885 365 928 uero
388 869 418 927 in
441 865 505 927 loco
529 875 558 927 ει
581 876 627 927 est
648 866 782 927 similiter
805 867 959 944 praeteriti
982 874 1012 926 et
1032 866 1133 927 loturi.
1163 866 1255 936 ‘llic',
1271 866 1392 944 quaudo
1407 882 1476 946 pro·

181 988 290 1031 nomeu
314 978 374 1038 cst,
398 970 574 1047 corripitur:
598 966 777 1028 aduerbium
800 985 873 1028 uero
895 966 1084 1047 producitur,
1108 975 1142 1030 ut
1164 977 1291 1048 poeta:
1488 984 1501 1025 o

290 1071 357 1132 Hic
379 1073 451 1139 uir,
476 1070 536 1130 hio
558 1077 627 1140 est,
653 1069 721 1129 tibi
744 1087 851 1148 quem
873 1069 1044 1148 promitti
1066 1071 1219 1150 saepius
1241 1069 1360 1132 audis.

28 1192 77 1239 sos,
92 1190 125 1230 aa.
142 1189 169 1228 ιι
182 1173 312 1242 Hodie,
337 1190 478 1253 praesens
501 1180 547 1232 est
560 1173 644 1252 quasi
660 1171 716 1231 lroc
732 1171 790 1231 die.
835 1170 966 1250 Nuper,
991 1189 1132 1249 praesens
1154 1179 1200 1232 cst
1221 1180 1251 1232 et
1272 1172 1477 1248 praeteritum,

182 1276 211 1334 ·i·
237 1276 353 1335 nouiter
381 1282 411 1335 et
438 1275 521 1334 uenit
547 1292 563 1333 a
593 1275 724 1343 nomine,
755 1272 833 1351 quod
863 1283 908 1333 est
935 1289 1067 1352 nuperus
1095 1291 1128 1334 ra
1155 1292 1237 1344 rum,
1268 1275 1299 1333 ·i·
1322 1290 1421 1335 nouus
1441 1290 1477 1334 ua

182 1395 262 1437 uum.
294 1374 514 1453 Aliquando,
533 1374 569 1435 de
585 1376 746 1453 praeterito
762 1383 793 1434 ει
814 1375 916 1435 tuturo
939 1375 1092 1455 accipitur,
1116 1384 1149 1436 ut
1170 1374 1345 1452 ‘aliquando
1367 1373 1478 1436 iactum

181 1487 227 1537 est
249 1477 327 1545 hoc',
357 1486 386 1537 ει
409 1476 580 1556 ‘aliquando
603 1476 653 1536 det
675 1477 753 1545 hoc’,
785 1482 813 1535 ει
836 1483 881 1536 est
902 1478 1100 1555 compositum
1122 1494 1159 1538 ex
1185 1477 1261 1539 alius
1288 1484 1319 1538 et
1346 1475 1514 1556 quantos

182 1579 214 1640 ll.
239 1579 286 1639 lla
310 1580 469 1653 numeri,
495 1579 523 1638 ·i·
548 1578 596 1638 dic
619 1577 693 1638 milri
716 1576 859 1638 aduerhia
881 1581 1009 1641 numeri.
1047 1579 1115 1641 ll..
1143 1626 1151 1640 .
1179 1627 1185 1640 .
1213 1626 1220 1640 .
1248 1625 1256 1640 .
1289 1626 1297 1641 .
1330 1625 1338 1640 .
1372 1576 1477 1648 .lris,

181 1698 196 1739 a
221 1679 344 1740 duobus.
389 1679 549 1739 Sciendum
574 1688 631 1748 est,
659 1682 728 1758 qnia
751 1678 891 1740 aduerlria
914 1679 1011 1742 trihus
1033 1680 1129 1742 modis
1153 1680 1322 1741 diriuantur
1343 1697 1359 1740 a
1382 1681 1478 1741 nomi·

181 1782 282 1842 nibus:
306 1799 395 1841 sensu
419 1789 448 1840 ει
471 1780 652 1850 litteratum,
675 1783 752 1840 sicut
774 1789 820 1841 tor
842 1800 858 1841 a
880 1781 986 1857 tribus,
1011 1790 1118 1862 quater
1140 1801 1155 1842 a
1179 1789 1334 1860 quattuor:
1366 1782 1477 1843 littera·

182 1894 247 1944 tura
271 1892 300 1943 ει
322 1901 381 1943 non
403 1900 501 1950 senso,
525 1885 602 1942 sicut
623 1881 719 1949 modo,
745 1883 773 1942 ·i·
792 1900 880 1952 nunc,
904 1901 920 1943 a
938 1885 1068 1952 nomine,
1092 1882 1171 1963 quod
1186 1890 1232 1944 est
1246 1883 1366 1951 modus;
1389 1899 1477 1944 sensu

181 1994 212 2045 ct
235 2004 293 2044 uon
316 1984 490 2051 litteratura,
515 1985 590 2044 sicut
611 1983 702 2045 semel
726 1983 763 2044 ab
786 2003 854 2052 uuo,
879 1982 924 2044 his
948 2004 964 2045 a
987 1982 1114 2045 duobus.
1152 1973 1242 2054 Non,
1267 1993 1297 2045 et
1312 1985 1400 2046 ctiam
1417 1982 1514 2044 duors

181 2084 323 2146 aduerhia
352 2094 421 2145 sunt
447 2085 608 2152 contraria:
637 2103 729 2144 unum
756 2094 856 2162 negat,
887 2085 1012 2146 alterum
1034 2086 1169 2146 altirmat.
1214 2085 1277 2156 En,
1308 2085 1475 2164 Virgilium.

78 2208 127 2255 aa,
141 2207 166 2246 ss
180 2187 288 2255 Ecce,
313 2186 505 2247 Priscianum.
552 2188 710 2257 Vtinam,
734 2187 790 2247 ‘ut'
813 2187 987 2248 aduerbium
1005 2197 1050 2248 est
1063 2169 1279 2256 similitudinis,
1303 2187 1404 2249 addita
1419 2191 1430 2248 i
1446 2187 1477 2248 m

182 2291 223 2350 uti
251 2299 281 2350 ει
309 2297 355 2350 cst
382 2287 599 2356 similitudinis,
629 2288 741 2350 adiecta
771 2305 837 2348 nam
866 2289 898 2350 lit
926 2292 1039 2349 utinam
1063 2297 1093 2349 ει
1115 2291 1276 2350 transitio
1298 2288 1474 2350 aduerbium

78 2413 166 2458 namo
180 2390 316 2472 optandi,
340 2398 373 2451 ut
395 2391 505 2452 utinam
529 2390 669 2469 legerem.
713 2390 819 2461 lleia,
844 2410 878 2451 ·s·
902 2391 996 2452 irater
1004 2437 1469 2453 ..............

187 2539 579 2555 ............
614 2488 628 2573 ΙΙ
647 2488 706 2553 128
722 2489 733 2573 ΙΙ
750 2492 887 2553 adiuncta
911 2501 955 2552 ter
978 2501 1007 2553 ει
1030 2498 1166 2572 correpta
1189 2493 1207 2561 i,
1231 2501 1264 2552 ut
1284 2493 1372 2554 sortis
1395 2491 1473 2562 lorti,
1487 2508 1514 2548 m

78 2595 248 2664 marinna
282 2596 409 2655 lortiter.
459 2593 626 2665 lllultum,
661 2595 785 2662 dormit;
824 2612 967 2674 parum,
997 2593 1114 2671 uigilet:
1152 2594 1313 2662 minime,
1348 2591 1474 2656 laborat.

181 2697 298 2757 llinime
323 2703 352 2755 et
374 2697 526 2756 minimum
550 2705 580 2756 ει
602 2698 723 2755 minimo
745 2695 830 2755 idem'
846 2705 904 2763 est,
934 2694 985 2754 sed
1017 2697 1137 2755 minime
1161 2703 1257 2775 potest
1280 2713 1346 2756 esse
1368 2695 1475 2756 adner-

78 2824 127 2868 ιιι,
141 2823 166 2860 as
182 2798 260 2858 bium
277 2796 419 2876 negandi,
436 2799 512 2858 sicut
528 2807 556 2857 ει
571 2816 641 2858 non.
671 2797 858 2866 Forsitan,
876 2797 957 2876 pluet
973 2796 1076 2865 hodie;
1099 2797 1272 2870 tortasse,
1290 2813 1359 2857 non.
1390 2797 1476 2858 Per·

181 2900 339 2966 sonalia,
365 2899 504 2959 dicuntur
520 2898 594 2957 haec
617 2897 767 2966 aduerlria,
791 2915 827 2957 eo
850 2898 929 2977 quod
953 2918 1094 2977 personas
1117 2897 1321 2959 demonstrant
1343 2906 1374 2960 et
1394 2917 1475 2960 com·

179 3008 330 3081 ponuntur
359 3018 393 3058 cx
423 3001 559 3078 personis
582 3000 790 3078 pronominum
814 3007 844 3059 ει
866 3001 957 3060 ‘curn'
980 3001 1208 3080 praepositione.
1253 2999 1350 3061 ‘Cum’
1374 3007 1473 3061 autem
1487 3017 1515 3059 ao

180 3101 324 3162 debuerat
347 3102 503 3180 praeponi,
532 3100 583 3161 sed
613 3117 701 3160 causa
731 3100 896 3179 euphoniae
924 3102 971 3160 liic
1000 3103 1203 3182 postponitur;
1233 3102 1373 3163 sonorius
1395 3103 1474 3163 enim

181 3213 224 3263 est
246 3221 373 3271 mecum,
397 3219 482 3279 quam
499 3220 565 3264 com
583 3221 638 3262 mo.
684 3203 712 3263 M
719 3220 837 3272 ecum,
860 3200 961 3281 legunt
976 3206 1070 3282 pueri.
1100 3203 1250 3272 Tecum,
1266 3203 1473 3265 recordantur.

78 3332 126 3377 oia,
141 3333 165 3370 oo
180 3305 323 3373 Secum,
340 3303 424 3365 sedet
445 3302 495 3364 ille
512 3306 540 3364 ·i·
557 3303 647 3365 solus.
691 3304 802 3374 lleus,
826 3303 1066 3382 utl'irgilius:

462 3405 571 3475 lleus,
596 3408 765 3476 iuuenes,
791 3414 999 3466 monstrate
1022 3425 1189 3470 mearum.

179 3508 266 3570 ‘Heu'
290 3507 465 3568 aduerlrium
489 3517 534 3568 est
555 3507 781 3587 respondentis,
798 3517 846 3569 ut:
870 3507 940 3568 ‘lieu
963 3507 1032 3585 quid
1056 3525 1103 3568 me
1126 3509 1206 3569 uisi’
1251 3508 1304 3569 Est
1327 3516 1355 3570 et
1379 3511 1514 3572 inter-ao

77 3640 126 3685 aa,
141 3638 167 3677 ,ρ
180 3612 267 3671 iectio
283 3609 422 3678 dolentis,
444 3617 475 3669 ut
491 3610 560 3670 ‘heu
577 3609 671 3682 milri’.
703 3610 892 3679 Seorsum,
916 3609 1021 3669 sedent
1035 3611 1182 3679 iuniorem
1204 3613 1331 3670 ‘orsum'
1347 3610 1475 3673 dicimus

178 3713 209 3771 in
232 3719 362 3790 partem,
386 3710 455 3771 inde
477 3713 666 3791 componitur
688 3730 836 3781 seorsum,
862 3712 890 3770 ·i·
915 3712 1083 3790 separatim,
1107 3713 1184 3772 sicut
1205 3714 1235 3771 in
1259 3713 1472 3791 euangelio:

179 3811 221 3872 Et
248 3813 394 3890 accepit
422 3829 499 3872 eum
527 3810 701 3873 deturba
726 3831 904 3873 seorsum.
949 3811 1096 3883 Quorsum
1119 3831 1253 3891 quoque,
1282 3812 1473 3875 dextrorsum

178 3914 380 3975 sinistrorsum
403 3912 472 3974 inde
495 3925 721 3993 componuntur.
767 3913 920 3994 Edepol,
946 3915 975 3972 ·i·
999 3932 1053 3992 ρει
1081 3913 1182 3975 aeilem
1205 3914 1347 3984 PolluciS,
1373 3917 1402 3976 ·i·
1418 3934 1475 3995 per

178 4014 321 4094 templum
343 4013 481 4076 Pollucis.
527 4016 666 4085 Castor,
690 4033 745 4096 ρει
767 4015 888 4076 domum
911 4015 1048 4076 Castoris.
1093 4016 1197 4076 Castor
1224 4025 1253 4076 et
1282 4015 1385 4077 Pollux
1411 4017 1513 4078 duona

178 4118 287 4177 iratres
314 4117 434 4179 lirerunt
462 4116 514 4180 lilii
537 4117 629 4185 louis,
658 4137 712 4197 per
734 4134 809 4195 quos
831 4117 944 4196 antiqui
966 4116 1112 4178 iurabant.
1158 4116 1194 4176 Et
1215 4124 1285 4178 sunt
1306 4119 1419 4196 gemini
1440 4120 1472 4180 in

179 4217 276 4287 caelo,
302 4221 330 4278 i·
354 4220 450 4280 clarae
472 4220 585 4282 stellae.
629 4219 779 4287 llerclo,
798 4220 826 4278 ·i·
844 4235 898 4296 per
913 4217 1080 4292 llerculcm,
1103 4220 1156 4299 qui
1178 4226 1222 4279 cst
1243 4219 1472 4291 mediusfidius,

248 4506 367 4556 ll'ra'rno
384 4509 494 4572 popinae
513 4509 562 4555 127
580 4508 658 4558 uerba
674 4507 811 4571 putredine
829 4508 1002 4572 deperierunt.
1088 4503 1211 4575 opoeta]
1240 4508 1319 4573 Verp.
1340 4509 1405 4565 Aen.
1428 4508 1473 4560 VI

180 4578 228 4623 791
254 4648 264 4658 .
299 4578 327 4624 11
349 4575 411 4624 Post
428 4573 550 4623 adnerbia
568 4575 665 4656 numeri
684 4576 803 4656 nopnullo
820 4576 899 4625 aerbo
921 4584 1089 4659 eaooaerunt,
1106 4577 1234 4637 fortasse:
1254 4576 1332 4627 semel
1354 4579 1386 4660 ab
1411 4593 1472 4660 uno..

178 4642 318 4774 {idion
337 4641 1027 4775 i,¹3,ftt‘d‘l?¹1tltrttttztdlitttil'ti
1041 4646 1471 4779 tldtd‘nllot‘dttztf

178 4775 250 4854 nidos
267 4778 401 4827 adiectionis
418 4779 520 4828 dinem
538 4780 692 4829 terminandi
706 4780 807 4829 ratione
825 4780 1033 4831 descendentibus
1050 4789 1132 4832 actum
1146 4781 1228 4844 [utare
1249 4788 1331 4846 potet.
1435 4784 1469 4833 21

178 4840 293 4911 mommo]
313 4845 347 4906 of.
366 4845 431 4899 Don.
446 4861 474 4910 ρ.
493 4848 554 4911 362,
573 4850 607 4896 28
624 4863 677 4896 cram
695 4848 782 4898 arditui.
850 4850 884 4899 '28
901 4845 1038 4915 Virgilius]
1059 4850 1124 4902 Aen.
1144 4850 1160 4898 1
1179 4850 1231 4900 321
