3382 5476
322 381 372 432 DE
389 381 599 434 uaxlutauo
617 380 801 433 Pacuuiano
819 380 1037 433 utunouuuo
1055 379 1275 433 Avovsuluo
1368 392 1448 442 com

240 573 404 632 ‚ittestante
427 569 601 632 iuuenali
622 569 769 650 quidam
791 569 895 632 dicunt
917 569 985 631 ‘hoc
1008 567 1157 649 specular'
1181 576 1318 648 correpta
1340 567 1444 647 penui·

156 673 235 742 uma,
258 671 311 732 sed
334 672 404 733 huic
426 674 533 734 rationi
556 671 657 734 obtiat
678 672 898 734 Priscianus
920 657 975 752 (pis)
999 672 1049 752 qui
1070 668 1149 741 dicit,
1174 668 1251 751 quod
1275 670 1394 731 nomina
1415 670 1446 730 in

155 794 188 849 ar
210 774 376 836 desinentia
391 774 488 836 uocati
503 775 696 836 antecedente
711 793 744 836 ar
759 776 925 855 corripiunt
945 772 1149 855 penultimam,
1173 780 1356 835 consonante
1370 788 1445 832 uero

155 875 348 937 antecedente
376 877 558 956 producunt,
589 885 621 938 ut
649 877 770 958 laquear
796 874 969 958 iupanac.*)
1012 876 1055 936 ia
1084 874 1141 935 hoc
1169 873 1272 935 dicunt
1296 872 1444 952 quoidam

154 978 265 1041 debere
280 978 337 1041 dici
354 979 422 1040 ‘boc
437 978 586 1059 specular'
603 1000 620 1041 a
635 998 736 1060 specu.
760 978 828 1041 aiii
850 999 865 1040 a
889 977 1039 1059 ‘speculor
1061 978 1144 1046 acis’,
1168 975 1234 1037 aiii
1256 975 1325 1037 ‘hoc
1340 993 1446 1057 specu·

155 1079 217 1142 iare
239 1081 326 1143 hairu
348 1082 418 1142 aris’
444 1090 473 1143 et
494 1091 565 1143 tunc
588 1080 667 1144 nulia
690 1083 748 1144 erit
769 1082 907 1144 obiectio.

137 1369 141 1375 ι
224 1301 252 1357 *i
270 1301 310 1354 Ci.
329 1302 407 1354 Prisc.
427 1303 436 1351 l
455 1319 484 1369 p.
501 1303 558 1365 127,
577 1305 644 1356 5-'1
663 1304 695 1354 ii.

756 1908 836 1988 Χ.

194 2138 269 2221 DE
303 2136 662 2237 ΜΑΧΙΜΙΑΝΟ,
697 2135 1002 2235 ΡΑΡΕΒΙΝΟ,
1044 2136 1403 2235 ΗΙΕΗΟΝΥΜΟ,

152 2274 444 2357 AVGVSTIN
444 2273 498 2370 0,
541 2275 693 2358 ALIIS
735 2273 1091 2358 AVCTORIBVS
1127 2274 1191 2357 IN
1227 2271 1446 2356 conteis

231 2410 542 2493 'BERNENSIS
565 2418 627 2493 1⁶23
648 2410 801 2494 ARTE
822 2411 1006 2495 PRIMA
1027 2408 1070 2490 N
1071 2408 1360 2493 oufflinuls.

236 2842 342 2900 Prima
368 2841 482 2899 codicis
509 2840 672 2900 ancnsis
701 2845 757 2898 123
777 2820 846 2913 urs,
875 2855 955 2914 quae
973 2839 1000 2911 f.
1026 2846 1063 2898 1·
1082 2873 1123 2883 -
1145 2836 1197 2898 31·
1218 2839 1361 2905 iubetur,
1387 2855 1446 2914 quo

152 2940 218 3001 iure
240 2944 397 3002 Clementis
419 2939 505 3002 Scota'
526 2956 632 3000 nomen
654 2941 765 3001 lrabeat
791 2939 825 3001 in
846 2944 948 3018 capite
967 2945 1128 3018 scriptum,
1159 2942 1308 3002 Mauricus
1329 2942 1446 3002 Medius

153 3048 183 3103 in
204 3052 433 3120 proprnmmate
456 3045 641 3117 Ertanpensi
664 3049 741 3102 1868
761 3045 800 3102 de
821 3045 941 3115 infimae
967 3046 1077 3105 aetatis
1102 3045 1309 3120 prammaticis
1329 3041 1447 3120 scripta

152 3149 271 3208 abunde
292 3146 442 3207 indicauit
460 3163 493 3221 p.
519 3151 553 3203 11
572 3161 634 3221 seq.

238 3249 303 3320 (isra
333 3267 374 3308 aa
402 3254 470 3307 arte
499 3253 661 3322 postquam
688 3247 824 3322 Pompeii
850 3246 945 3306 Prdii
970 3246 1141 3309 Geminiani
1167 3246 1284 3308 Isidori
1319 3248 1444 3322 Verpitii

151 3352 254 3426 Serpit
274 3358 421 3426 excerpta
441 3351 563 3409 seorsim
583 3350 789 3424 pertrectaui,
819 3355 928 3421 restat,
958 3358 991 3410 ut
1017 3350 1056 3409 de
1082 3352 1119 3410 iis
1140 3351 1316 3410 auctoribus
1337 3366 1439 3424 apum,

151 3456 204 3529 qui
217 3462 347 3529 praeter
369 3450 571 3518 Maeniam,
593 3452 680 3511 amris
699 3452 837 3510 sexcenti
851 3459 1070 3527 proponuntur
1090 3452 1159 3524 toci,
1183 3460 1275 3527 utque
1294 3436 1446 3512 Donatum

150 3557 275 3630 insuper
304 3556 480 3614 nominatim
508 3554 694 3614 laudantur:
727 3552 917 3612 Priscianum
952 3570 1026 3614 uero
1052 3562 1144 3628 atque
1171 3555 1321 3614 Donatum
1348 3555 1446 3613 sciens

150 3658 279 3732 reatem,
302 3673 370 3716 eum
391 3658 436 3715 ita
456 3672 561 3716 eorum
582 3651 655 3714 iibri
675 3655 879 3729 manuscripti
897 3658 1061 3731 conparati
1079 3658 1153 3728 sint,
1183 3663 1214 3716 ut
1235 3655 1321 3715 daud
1341 3656 1444 3715 uidea-

150 3770 201 3819 tur
222 3755 346 3819 aliunde
372 3760 415 3817 ais
442 3758 591 3817 auxilium
617 3773 681 3817 esse
702 3757 876 3831 petendum.
924 3755 1109 3832 Otiampuam
1130 3760 1188 3818 iac
1209 3760 1330 3817 minime
1351 3773 1444 3832 nepa·

149 3859 255 3933 nerim
280 3877 338 3920 non
358 3877 488 3936 prorsus
509 3861 632 3918 inanem
657 3864 868 3934 suscepturum
894 3858 1028 3918 taboram
1049 3875 1131 3933 eum,
1160 3857 1214 3934 qui
1240 3859 1346 3919 ioman
1372 3875 1445 3933 quo

150 3980 207 4038 pue
234 3970 380 4037 excerpta
396 3967 617 4037 perscrutetur,
647 3963 758 4036 quippe
783 3962 1006 4034 summouisse,
1042 3977 1103 4036 pua
1128 3959 1313 4037 potissimum
1338 3960 1445 4034 farma

151 4064 197 4124 itti
221 4065 293 4124 iibri
319 4066 411 4123 medii
436 4065 508 4122 uerri
533 4060 725 4138 artiprapitis
756 4068 881 4137 praesto
910 4061 1045 4137 suerint,
1083 4064 1162 4124 scitu
1195 4079 1253 4122 non
1286 4064 1444 4137 indiacum

152 4165 297 4227 arbitrer.

233 4269 343 4344 itaque
366 4265 629 4329 Maximianus
649 4269 694 4328 iris
714 4268 864 4327 incidatur
880 4266 912 4339 s.
938 4271 973 4324 1·
986 4273 1016 4326 et
1033 4265 1063 4340 s.
1086 4272 1138 4327 8⁸:

233 4387 252 4446 i.
279 4385 315 4445 1²
344 4385 405 4447 iioc
427 4385 597 4455 sciendum,
625 4384 703 4466 qnod
732 4386 789 4447 ista
816 4404 831 4446 s
859 4385 955 4445 littera
984 4384 1093 4464 liquida
1123 4385 1178 4446 tuit
1206 4385 1283 4463 apud
1306 4385 1443 4463 antiquos

149 4497 259 4564 poetas,
283 4488 359 4568 apud
377 4489 558 4567 posteriores
573 4506 646 4548 uero
662 4486 699 4548 de
715 4496 810 4550 metro
832 4485 1008 4556 excluditur.
1032 4495 1065 4548 ut
1087 4486 1334 4548 Maximianus
1357 4485 1443 4547 dicit:
1503 4568 1513 4589 ι

123 4587 224 4659 ³Quia
248 4588 371 4650 iicenter
394 4589 506 4669 antiqui
530 4589 645 4669 etipsa
669 4591 752 4667 quasi
775 4607 829 4668 pro
851 4586 976 4666 liquenti
1000 4587 1161 4649 utebantur
1176 4590 1324 4650 inerudita
1347 4588 1444 4650 adhuc

217 4809 342 4859 l¹iittera
410 4806 627 4873 iiiaximianas]
647 4808 682 4873 cs.
696 4806 827 4859 Maximus
839 4810 1104 4874 {aptansaptans
1118 4810 1142 4858 P
1207 4807 1292 4860 ilicet
1327 4807 1444 4865 licentius

152 4877 299 4929 Victorinus
318 4878 432 4929 PutscMi
