3382 5476
710 304 922 358 nnauaasrs.
1401 304 1462 370 105

169 511 277 555 seruus
297 490 400 556 saluus
422 510 495 554 auus
516 493 717 554 nominatiuus
739 499 769 553 ct
789 499 899 554 cetera.
936 491 1100 570 Aliquando
1123 511 1142 553 u
1164 500 1233 554 autc
1256 511 1290 553 us
1310 495 1463 556 inuenitur

169 613 225 656 nec
247 592 340 655 altera
363 597 492 663 transiit,
521 602 553 655 ut
575 593 684 656 arduus
705 595 804 654 latuus
825 613 937 656 uacuus
959 594 1104 657 aedituus.
1149 594 1315 674 Aliquando
1344 597 1462 675 partici-

168 697 216 776 pia
239 697 397 776 praeterita
421 706 432 757 t
454 694 501 755 uel
523 714 538 756 s
561 696 609 756 uel
632 715 648 755 x
673 694 809 757 habentia
831 704 900 756 autc
922 715 970 765 us,
994 705 1027 758 ut
1041 704 1157 758 amatus
1179 696 1276 758 laesus
1294 696 1461 776 amplexum

169 798 325 879 aliquando
348 799 504 877 participia
527 797 625 858 lutura
645 845 736 868 .....
760 805 793 859 ut
814 806 968 858 amaturus
989 797 1130 860 docturus
1145 798 1276 860 lecturus
1291 798 1460 860 auditurus:

141 903 212 962 asic
235 901 333 962 omnia
356 901 510 980 participia
532 900 694 979 praeterita
713 899 745 959 in
769 916 804 959 us
826 898 991 961 desinentia
1012 907 1042 960 et
1056 902 1155 960 omnia
1177 902 1330 981 participia
1352 900 1461 971 lutura,

168 1003 295 1082 quaein
319 1019 356 1062 us
378 1002 614 1063 terminationem
637 1001 790 1070 liniuntur,
813 999 962 1062 secundae
984 999 1188 1062 declinationis
1209 1010 1292 1072 sunt,
1316 1010 1348 1064 ut
1362 1020 1463 1063 aman·

169 1103 225 1165 dus
247 1102 399 1164 docendus
422 1101 565 1180 legendus
587 1102 760 1165 audiendus.
797 1101 963 1180 Aliquando
985 1103 1136 1165 ciuitatum
1159 1105 1292 1171 nomina,
1317 1113 1350 1164 ut
1366 1103 1463 1166 Adru-

169 1212 265 1266 mctus
291 1203 460 1274 adrumeti,
495 1204 653 1266 ltamascus
679 1205 825 1266 Damasci.
876 1203 1043 1284 Aliquando
1071 1203 1235 1266 insularum
1266 1189 1399 1275 uomina,
1431 1214 1464 1266 ut

168 1307 264 1387 Tyrus
290 1306 364 1385 Tyri
384 1306 498 1386 Cyprus
520 1306 621 1387 Cypri.
664 1305 829 1386 Aliquando
851 1306 971 1368 nomina
993 1305 1148 1376 arborum,
1178 1316 1210 1367 ut
1236 1325 1392 1386 cypressus
1414 1325 1463 1388 cy·

130 1409 279 1488 aopressi,
308 1406 392 1469 alnus
418 1408 477 1468 alui
500 1417 529 1469 et
550 1416 660 1470 cetera.
705 1408 781 1470 Sunt
802 1415 901 1469 autem
924 1409 1057 1488 quinque
1080 1408 1212 1477 nomina,
1242 1415 1275 1469 ιιι
1302 1408 1463 1469 Priscia-

168 1527 239 1571 nus
260 1509 345 1580 dicit,
364 1525 452 1602 0quac
475 1518 534 1572 tam
557 1518 680 1590 quartae
703 1529 791 1590 quam
814 1509 963 1571 secundae
985 1509 1189 1570 declinationis
1212 1517 1295 1580 suut,
1320 1518 1352 1570 ut
1374 1528 1464 1589 quer·
1537 1591 1550 1606 x

168 1628 221 1672 cus
243 1613 329 1690 pinus
351 1610 451 1673 laurus
473 1629 584 1672 carnus
605 1612 688 1673 licus.
731 1611 812 1673 ltem‘
827 1611 1049 1672 Priscianus
1077 1610 1162 1671 dicit:
1191 1610 1233 1671 de
1260 1610 1317 1673 his
1346 1613 1463 1673 nomi-

168 1711 277 1773 nibus
310 1712 485 1774 arborum
519 1723 605 1775 sunt
637 1713 725 1782 alia,
759 1730 852 1790 quae
880 1711 1130 1789 dillcrcntiae
1159 1712 1465 1791 significationis

168 1831 278 1875 causa
307 1823 450 1876 mutant
476 1832 630 1894 genera,
660 1822 698 1876 ut
725 1814 814 1876 hacc
842 1816 948 1895 pirus
975 1813 1043 1875 hoc
1065 1815 1204 1894 pirum,
1234 1813 1325 1875 hacc
1347 1813 1464 1875 malus

130 1915 237 1978 ulroc
260 1915 410 1986 malum,
435 1917 525 1977 haec
547 1915 702 1978 arbutus
723 1916 791 1977 hoc
812 1913 1001 1986 arbutum‚
1017 1915 1261 1995 haccmyrtus
1282 1915 1351 1978 hoc
1373 1934 1464 1997 myr-

169 2027 255 2089 tum,
285 2016 377 2078 hacc
404 2036 546 2098 prunus
573 2017 641 2080 hoc
671 2037 840 2098 prunum,
870 2025 905 2078 ct
933 2017 1001 2078 noc
1028 2019 1064 2078 in
1092 2017 1284 2097 plerisque
1311 2019 1465 2079 inuenis

168 2119 343 2182 arborum
366 2119 598 2190 nominibus,
616 2122 662 2181 .in
685 2118 820 2199 quibus
848 2120 952 2199 ipsae
974 2117 1133 2181 arbores
1160 2119 1355 2189 feminino,
1385 2119 1464 2181 iru-

168 2230 249 2284 ctus
271 2228 406 2282 neutra
427 2223 672 2302 proteruntur
703 2219 762 2282 ucl
789 2221 903 2300 ligna,
933 2229 971 2282 ιιι
993 2219 1083 2281 hacc
1106 2219 1225 2282 buxus
1248 2219 1372 2291 arbor,
1398 2220 1465 2282 hoc

169 2324 302 2385 burum
325 2321 474 2401 lignum.
520 2322 702 2402 Virgilius
725 2323 812 2384 dixit:
851 2322 937 2383 dant
965 2321 1095 2384 arbuta
1122 2321 1256 2394 siluae,
1286 2330 1464 2384 cruenta·

129 2444 238 2506 saque
259 2433 390 2505 myrta,
414 2442 523 2486 cerea
547 2443 681 2504 pruna;
704 2426 792 2486 item:
817 2422 986 2486 uolubilc
1010 2423 1151 2485 burum.
1196 2424 1350 2504 Excipitur
1372 2442 1464 2486 unum

169 2543 291 2596 namen,
316 2525 394 2604 quod
416 2535 461 2587 cst
483 2526 673 2610 lemininum,
701 2526 754 2589 scd
777 2534 875 2587 tamen
898 2527 1002 2586 tertiac
1024 2525 1230 2588 declinationis
1253 2507 1312 2596 cs't,
1336 2534 1369 2586 ut
1390 2526 1465 2588 hacc

168 2626 251 2690 abies
277 2626 366 2689 huius
395 2627 510 2689 abietis.
559 2628 635 2690 ltcm
663 2630 852 2708 excipiuntur
881 2626 936 2688 alia
965 2626 1024 2688 duo
1052 2629 1173 2690 nomina
1202 2627 1359 2699 arborum,
1388 2646 1464 2707 quac

168 2736 238 2792 sunt
260 2728 435 2799 masculina,
460 2738 491 2790 ut
514 2729 560 2791 hic
583 2731 710 2793 oleaster
731 2731 821 2792 huius
843 2727 964 2791 oleastri
986 2728 1086 2791 ethic
1108 2728 1202 2790 rubus
1223 2729 1312 2791 huius
1333 2729 1410 2801 rubi,
1435 2739 1466 2792 ct

170 2850 261 2894 unum
290 2844 398 2893 nomeu
427 2839 566 2894 neutrum
594 2833 652 2894 hoc
678 2831 758 2897 siler.
810 2832 889 2894 llaec
918 2837 1016 2893 autem
1044 2832 1227 2902 terminatio,
1262 2849 1337 2910 quac
1370 2833 1401 2892 in
1429 2849 1465 2894 us

128 2931 292 3003 asdesiolt,
317 2942 378 2996 tres
401 2933 615 2997 declinationes
637 2935 782 3003 continet,
805 2933 884 2995 idest
905 2933 1082 3002 secundam,
1105 2942 1138 2994 ut
1159 2933 1264 2996 dactus
1286 2933 1380 3004 docti,
1403 2941 1464 2995 ter·

169 3035 240 3096 tiam
262 3035 505 3106 declinationem,
529 3043 562 3099 ut
584 3044 688 3116 pectus
710 3037 853 3117 pectoris,
877 3042 1014 3115 quartam
1037 3034 1282 3106 declinationem,
1307 3043 1339 3097 ut
1360 3055 1465 3099 manus

169 3154 280 3198 manus.
326 3138 358 3198 ln
386 3157 439 3199 eus
466 3147 539 3219 quot
564 3157 674 3217 genera
702 3139 912 3201 inueniuntur?
955 3138 1018 3200 lloc
1046 3144 1091 3198 cst
1119 3156 1212 3199 unum
1234 3156 1329 3217 genus
1351 3147 1464 3201 tantum

157 3236 381 3310 masculinum,
413 3248 446 3301 ut
472 3240 695 3302 Priscianus
717 3241 801 3302 dicit:
831 3242 861 3301 in
890 3258 943 3301 eus
970 3239 1133 3301 desinentia
1162 3239 1274 3302 Graeca
1302 3247 1372 3302 sunt
1400 3249 1463 3302 tan·

169 3347 232 3401 tum
260 3349 289 3400 et
317 3340 495 3411 masculina,
524 3351 557 3403 ut
578 3341 696 3423 Tydeus
719 3341 811 3423 Tydei
834 3342 959 3403 Proteus
986 3341 1096 3403 Protei.
1140 3339 1238 3413 Quare
1267 3341 1341 3402 dixit
1367 3359 1465 3421 gram·

130 3459 157 3502 ao
170 3443 294 3505 malicus
317 3444 447 3505 ‘Graeca
469 3451 538 3506 sunt
560 3449 702 3514 tantum’,
733 3462 800 3504 cum
822 3445 1015 3504 inueniuntur
1037 3442 1182 3505 Hebraico
1206 3444 1325 3504 nomina
1347 3444 1378 3504 in
1401 3460 1463 3512 eus,

170 3552 200 3605 ut
227 3543 453 3607 Bartholomeus
480 3545 638 3607 Thaddcus
666 3545 833 3607 llattlreusi
877 3543 951 3615 Quia
984 3547 1063 3608 intcr
1091 3546 1204 3607 Graeca
1233 3553 1262 3605 et
1290 3546 1391 3608 Latina
1421 3552 1466 3606 est

168 3645 271 3724 regula
286 3643 300 3729 ΙΙ
317 3645 335 3706 1.
355 3642 433 3707 100b
449 3644 460 3729 ΙΙ
477 3655 546 3727 aput
568 3650 794 3726 grammaticos,
818 3664 877 3708 nou
901 3646 938 3708 de
964 3645 1117 3709 llchraicis
1145 3646 1327 3710 nominibus.
1365 3646 1465 3720 Quare

170 3765 242 3826 crgo
264 3748 338 3808 dixit
359 3748 490 3810 ‘Graeca
513 3757 583 3810 sunt
605 3758 718 3812 tantum
741 3751 771 3810 iu
795 3767 847 3810 cus
876 3747 1041 3811 desinentia
1050 3755 1070 3820 ‘,
1100 3768 1167 3811 cum
1197 3748 1334 3812 uidemus
1360 3750 1465 3812 Latina

171 3851 289 3910 nomina
317 3852 347 3910 in
371 3869 423 3910 eus
445 3851 623 3921 desinentia,
654 3860 685 3913 ut
706 3850 824 3930 ligneus
846 3853 951 3930 igneus
978 3851 1102 3913 narcleus
1125 3869 1233 3912 aureus
1256 3858 1414 3930 argenteus
1437 3858 1467 3912 ct

239 4088 356 4138 lacrum
425 4090 536 4139 ‘tardus
588 4088 674 4139 saluus
727 4089 827 4139 edituus
880 4092 896 4140 3
908 4089 1027 4154 preterita
1096 4083 1466 4153 Apraeluturn1Eaecidisce

100 4190 109 4207 ,
169 4157 283 4206 sidetem:
301 4171 368 4218 quae
386 4158 410 4205 iu
431 4173 491 4206 urus
510 4159 643 4223 desinunt,
662 4160 704 4208 uel
719 4158 798 4209 sinric
816 4159 885 4224 quid,
903 4157 937 4219 cs.
955 4171 1008 4222 aeq.
1072 4155 1252 4205 tiadromctus
1271 4154 1395 4205 adromcti
1449 4159 1465 4207 1

170 4225 196 4273 iu
216 4240 231 4272 u
249 4223 355 4274 silurum
423 4225 516 4288 8Tyri
535 4242 582 4276 om.
652 4223 756 4276 iicetci
792 4245 798 4254 ’
845 4227 876 4276 10
894 4220 1052 4287 Priscianus]
1074 4224 1112 4273 De
1130 4224 1228 4274 nomine
1245 4229 1295 4273 etc.
1312 4239 1340 4287 p.
1359 4225 1421 4287 us,
1434 4225 1466 4274 18

172 4293 201 4342 ll
220 4305 296 4341 carus
349 4291 507 4358 Priscianus]
528 4294 544 4343 I
558 4311 586 4359 p.
602 4297 689 4353 1429
742 4296 773 4343 12
792 4291 941 4343 dilerentiae
1011 4293 1043 4342 15
1061 4301 1169 4340 mertum
1238 4292 1270 4340 16
1288 4289 1348 4340 ιιιιιιο
1365 4305 1465 4356 prunus

169 4359 232 4409 hacc
249 4375 360 4425 prunum
447 4362 477 4410 17
496 4362 552 4427 ipse
639 4363 670 4412 18
687 4362 767 4412 busus
855 4362 887 4411 19
904 4358 982 4425 Dant]
1006 4359 1086 4424 Vcrp.
1105 4359 1198 4424 Georp.
1217 4358 1250 4408 11
1268 4361 1320 4408 520
1375 4357 1449 4407 arbut

170 4426 234 4477 silue
251 4439 355 4478 cruenta
373 4437 397 4477 tc
414 4439 497 4492 myrta
514 4445 587 4479 cerea
604 4444 686 4494 proma
757 4426 1245 4494 cruentaqueJVerp.Georp.1306
1330 4427 1364 4477 20
1380 4375 1466 4492 cerea]

174 4494 252 4561 Verp.
272 4496 328 4552 Eci.
347 4499 379 4548 11
398 4500 434 4547 53
503 4494 626 4562 uolubile]
649 4496 728 4562 Vcrp.
748 4499 814 4553 Aea.
837 4496 898 4547 VII
916 4498 968 4546 382
1045 4497 1078 4546 22
1096 4495 1172 4545 huirm
1191 4497 1263 4546 unies
1280 4493 1357 4544 huius
1375 4494 1466 4544 aulatis

203 4566 255 4631 dio
323 4583 356 4632 23
374 4581 543 4632 masculinum
595 4581 699 4631 oliaster
750 4580 849 4631 oliustri
928 4582 962 4631 at
980 4591 1068 4630 neuter
1135 4582 1168 4631 ⁸25
1189 4579 1365 4629 declinationis
1432 4581 1467 4630 26

170 4662 261 4698 munus
279 4663 388 4698 manuus
456 4651 491 4701 28
509 4647 670 4714 Priscianus]
689 4650 724 4713 cs.
743 4651 775 4699 dc
793 4650 890 4699 nomiae
908 4655 956 4698 etc.
974 4665 1001 4713 p.
1020 4650 1115 4708 md
1194 4650 1228 4699 29
1247 4646 1358 4697 thitheus
1376 4645 1466 4697 thithci

171 4716 293 4781 protheus
311 4716 412 4781 prothei
479 4719 513 4770 30
530 4715 599 4782 ιιιιιι]
619 4732 677 4767 enat
730 4717 830 4767 ebraico
897 4719 929 4767 31
949 4715 1066 4767 tlrotlreus
1084 4714 1201 4765 matheus
1256 4729 1358 4780 grecam
1409 4714 1467 4765 lati·

172 4797 230 4833 nam
297 4787 330 4835 32
348 4787 502 4850 gramaticus
555 4785 662 4836 clreicis
679 4780 823 4837 nomnibus
893 4786 926 4834 33
944 4784 971 4834 in
988 4799 1019 4834 us
1088 4785 1121 4834 34
1139 4784 1165 4832 io
1183 4785 1238 4833 cius
1290 4781 1390 4832 audeus
