3382 5476
197 276 257 343 108
713 276 780 329 aas
798 276 974 331 cucuron

194 486 281 531 caeos
302 467 452 556 reperitur
474 464 594 546 duplex,
616 464 697 528 ‘cum
720 482 775 545 per
797 482 901 525 omncs
923 483 1010 527 casoe
1032 483 1090 527 ona
1116 465 1279 546 cademque
1300 466 1341 527 sit
1360 462 1500 527 declina·

195 573 249 639 tlo,
274 577 306 631 ut
327 569 454 631 dicimus
475 584 564 647 sepes
585 568 665 647 sapie
686 574 716 628 et
735 584 804 644 repr
824 571 903 643 sepis
918 564 929 649 ΙΙ
946 567 966 626 l.
990 563 1069 628 101³
1084 564 1096 651 l
1112 564 1205 629 bebcs
1226 565 1344 640 hebetia
1365 574 1398 629 ct
1419 565 1498 629 hebs

195 672 325 740 hebetis,
354 688 459 750 preces
481 671 579 749 precis
602 676 632 730 et
653 686 728 748 prex
750 669 864 747 precis,
893 667 980 730 sudes
1001 668 1081 730 sedis
1103 675 1133 730 et
1154 687 1204 731 see
1226 668 1308 731 sedis
1329 676 1361 731 et
1382 674 1495 731 cetera.

195 774 257 835 lloc
284 774 411 833 maxime
438 778 561 851 propter
589 776 751 832 metrorum
779 772 986 832 necessitatem
1019 770 1188 851 pedumque
1219 768 1494 832 memorandorum

193 893 229 938 ac
243 884 409 954 temporum
426 873 604 952 positionem
628 860 793 952 accipituri.
828 871 947 933 Tertiae
969 870 1176 934 declinationis
1198 890 1275 953 quaa
1296 880 1343 934 cet
1363 870 1520 951 apnitloie

193 978 273 1039 llaec
301 983 361 1038 eet:
396 976 482 1036 curius
514 975 670 1053 genetiuue
697 972 856 1052 singularia
883 974 915 1034 in
943 975 968 1034 ls
989 982 1157 1055 correptam
1180 974 1365 1043 terminator,
1388 980 1424 1034 ot
1444 973 1494 1035 blc

193 1088 278 1158 pater
300 1077 388 1138 huius
410 1076 517 1155 patris:
541 1074 658 1137 datluoe
680 1075 710 1135 in
733 1077 743 1135 i
765 1074 956 1155 productam,
981 1084 1013 1136 ut
1035 1074 1105 1136 huic
1126 1076 1217 1155 patrl;
1246 1076 1435 1137 accusatione
1462 1078 1494 1137 io

192 1198 238 1242 cm
261 1188 444 1259 correptam,
467 1184 500 1237 ut
520 1176 600 1237 hunc
623 1184 736 1256 patrem
760 1175 860 1239 uelin
883 1179 932 1248 im,
950 1185 982 1239 ot
1004 1176 1081 1238 hanc
1096 1179 1212 1247 nauim;
1235 1177 1392 1239 uocatiuus
1410 1177 1494 1239 sind·

193 1281 230 1342 lle
253 1289 297 1343 est
318 1281 518 1348 nominatim:
547 1277 637 1339 babet
660 1280 738 1339 enim
760 1285 805 1340 tot
826 1279 1066 1349 terminationes,
1095 1286 1168 1357 quot
1194 1278 1413 1349 nominatione:
1440 1276 1494 1340 ab·

194 1385 303 1445 latinos
330 1381 487 1463 aliquando
508 1379 541 1442 irs
569 1388 789 1459 ecorrcptam,
818 1388 851 1442 ot
878 1380 915 1443 ab
943 1380 1001 1442 hoc
1028 1388 1126 1461 patre,
1156 1379 1315 1460 aliquando
1335 1382 1528 1461 inlpro·1o

194 1485 322 1555 ductam,
346 1492 378 1545 ut
401 1482 438 1545 ab
461 1483 516 1545 hac
540 1484 624 1552 naui;
648 1482 801 1544 inuenitur
823 1490 922 1544 autem
945 1501 1036 1545 unum
1060 1500 1179 1554 nomen,
1202 1482 1282 1562 quod
1305 1502 1323 1545 e
1344 1483 1492 1563 producto

194 1588 377 1656 terminatur,
400 1594 434 1648 ut
448 1584 485 1646 ab
502 1585 557 1646 hac
578 1584 666 1645 lame.
703 1584 776 1645 ltcm
799 1586 1000 1647 nominatione
1023 1591 1053 1645 et
1074 1586 1264 1645 accusatione
1286 1590 1317 1645 ct
1337 1584 1493 1647 uocatioos

193 1687 317 1769 pluralis
347 1690 377 1749 in
406 1686 569 1749 masculino
598 1695 627 1748 et
655 1687 798 1747 feminino
826 1704 937 1765 genere
959 1688 990 1747 in
1014 1705 1047 1748 es
1073 1683 1249 1765 productam
1278 1685 1491 1765 terminantur,
1553 1736 1560 1751 .

194 1799 225 1852 ut
247 1789 278 1849 hi
300 1799 400 1870 patres
422 1788 527 1850 ethos
550 1796 650 1867 patrae
671 1796 701 1848 et
724 1807 741 1848 o
769 1796 885 1869 patrae,
914 1790 946 1849 in
974 1795 1082 1850 neutro
1110 1794 1207 1848 autem
1237 1787 1441 1850 nominatione
1462 1796 1493 1850 ct

192 1893 378 1953 accusatione
400 1898 430 1951 ct
451 1891 605 1951 uocatiuus
627 1887 751 1967 pluralis
772 1890 803 1949 in
825 1908 840 1949 a
863 1899 1032 1969 correptam
1059 1890 1271 1959 terminantur,
1299 1890 1370 1952 item
1399 1906 1490 1969 pcne-
1503 1906 1527 1949 u

194 1994 271 2053 tiuue
299 1990 423 2071 pluralis
450 1993 480 2051 in
509 2009 559 2050 nm
582 1996 749 2068 correptam
779 1990 901 2060 desinit,
932 2000 964 2053 ut
986 1992 1093 2053 horum
1116 1998 1249 2070 patrom;
1278 1988 1439 2068 aliqrmudo
1459 1991 1492 2051 ln

192 2096 266 2164 ium,
290 2100 323 2155 ut
344 2092 448 2153 barum
478 2093 613 2162 nauium:
643 2090 760 2154 datione
783 2101 813 2153 et
834 2092 978 2155 ablatione
1000 2094 1031 2154 in
1058 2091 1112 2154 bos
1134 2098 1312 2171 correptam,
1335 2090 1440 2154 uthis
1461 2099 1492 2154 ct

192 2195 230 2257 ab
253 2196 298 2256 his
320 2194 466 2274 patribus.

277 2297 309 2358 ln
338 2317 354 2359 a
383 2299 473 2375 igitur
501 2296 666 2358 desinentia
695 2297 816 2359 nomina
841 2298 872 2357 in
900 2297 985 2358 tertia
1015 2294 1212 2357 declinatione
1234 2295 1349 2357 Graeca
1370 2303 1441 2359 sunt
1461 2304 1493 2359 ct

193 2406 312 2468 neutra,
337 2407 370 2459 ot
391 2398 448 2458 hoc
470 2397 589 2459 schema
611 2398 718 2477 dogma
740 2416 845 2478 poema
859 2397 1013 2464 ‘emblema
1027 2396 1189 2479 †creoima
1212 2404 1348 2459 toreuma
1361 2397 1528 2473 †terio·ao

192 2519 239 2561 ma
263 2499 396 2562 celeuma
418 2500 563 2582 baptisma
588 2500 732 2562 charisma
756 2503 890 2580 aenigma
906 2504 929 2575 †
945 2507 1077 2562 torecma
1100 2518 1207 2561 onoma
1228 2499 1334 2561 rbema
1354 2516 1489 2578 gramma

192 2613 222 2664 et
244 2611 351 2664 cetera.
385 2603 470 2664 Haec
493 2612 590 2664 autem
614 2604 733 2664 nomina
750 2601 862 2663 Graeca
886 2604 930 2663 sic
951 2601 1153 2664 declinantur:
1177 2601 1235 2663 hoc
1256 2601 1377 2664 schema
1400 2601 1490 2664 huius

191 2705 349 2768 schematis
371 2705 440 2766 huic
461 2703 604 2765 schemati
628 2703 683 2765 hoc
706 2703 826 2766 schema
848 2723 866 2765 o
888 2704 1008 2766 schema
1030 2704 1068 2766 ab
1090 2702 1147 2765 boc
1169 2703 1321 2765 schemate
1336 2712 1367 2766 et
1381 2702 1490 2784 plurali

191 2807 265 2869 baec
292 2806 444 2868 schemata
471 2806 579 2867 horum
601 2805 785 2867 schematum
808 2806 855 2867 his
877 2806 1076 2867 schematibus
1098 2806 1172 2867 haec
1192 2804 1343 2868 schemata
1364 2793 1384 2867 o
1403 2804 1489 2867 echa·

191 2917 269 2970 mata
292 2907 397 2970 abhis
419 2906 631 2969 schematibus.
669 2908 718 2968 Sic
740 2906 928 2969 declinantur
950 2916 1049 2970 cetera
1072 2909 1190 2969 nomina
1207 2907 1321 2969 Graeca
1343 2910 1374 2969 io
1397 2925 1414 2969 a
1436 2906 1527 2971 deas

191 3011 317 3071 sinentis
344 3010 375 3069 in
405 3009 491 3069 tertia
520 3006 728 3069 declinatione.
773 3009 933 3071 Sciendum
955 3017 1136 3080 celantem,
1168 3009 1247 3090 quod
1270 3010 1344 3072 haec
1367 3010 1489 3072 nomina

192 3110 326 3172 diuersae
348 3108 561 3171 declinationes
583 3110 659 3188 apud
683 3117 801 3172 ueteres
822 3110 1006 3182 habuerunt;
1030 3110 1081 3172 alii
1103 3113 1182 3173 enim
1205 3112 1261 3173 alia
1283 3110 1487 3175 declinabantr

192 3213 265 3273 haec
292 3211 411 3273 schema
439 3211 527 3273 buius
552 3211 706 3280 schemam
735 3210 785 3273 aiii
815 3231 887 3274 uero
909 3215 951 3275 sic
980 3213 1180 3276 declinabant:
1213 3213 1271 3275 boc
1303 3212 1487 3275 schematum

191 3314 280 3376 holus
301 3314 444 3376 schemati
468 3313 538 3376 huic
559 3314 710 3376 schemate
732 3314 789 3375 hoc
811 3315 994 3377 schematum
1016 3334 1034 3375 o
1057 3316 1240 3378 schematum
1262 3314 1300 3378 ab
1322 3314 1380 3377 hoc
1401 3314 1488 3379 ache-

192 3424 271 3478 mato
300 3426 329 3477 et
356 3414 463 3495 plurali
493 3416 566 3477 baec
593 3416 743 3478 schemata
771 3416 877 3479 horum
906 3416 1125 3480 schematorom
1153 3419 1199 3480 bls
1226 3417 1387 3481 schematis
1414 3416 1527 3479 haecao

191 3518 343 3581 schemata
366 3538 383 3579 o
405 3518 554 3579 schemata
578 3517 615 3580 ab
638 3516 685 3578 his
706 3517 877 3589 schematis,
907 3522 984 3581 elcut
1010 3519 1060 3582 illa
1084 3520 1203 3582 nomina
1225 3518 1374 3581 secundae
1397 3518 1489 3581 decli·

191 3622 321 3683 nationis
342 3621 373 3681 in
397 3639 446 3681 om
469 3620 641 3683 desinentia.
686 3620 758 3682 lnde
780 3621 998 3683 Priscianus
1020 3622 1106 3684 dicit:
1136 3622 1282 3699 quidam
1306 3630 1428 3684 autem
1450 3624 1488 3683 in

192 3741 246 3782 um
270 3720 536 3782 hoioecemodi
564 3723 749 3784 nominum
777 3723 1021 3803 protulerunt
1050 3726 1302 3786 nominatiooe
1323 3723 1393 3785 hoc
1415 3742 1485 3785 em·

192 3822 393 3885 blematum
416 3822 523 3885 liuius
547 3823 758 3886 emblemati
781 3824 848 3888 boc
873 3833 1121 3888 toreumatum
1144 3826 1254 3887 holus
1281 3827 1487 3889 toreumati

191 3926 260 3988 hoc
288 3925 514 3987 schematum
543 3927 652 3988 holus
679 3926 871 3989 schemati.
916 3929 1015 3989 Vnde
1042 3930 1224 4005 frequens
1253 3944 1339 3990 osus
1362 3944 1525 3989 corumaa

192 4026 339 4089 datiooe
363 4035 397 4089 et
425 4025 617 4089 ablatiuos
644 4028 810 4107 plurales
832 4029 869 4089 in
892 4032 923 4090 is
946 4030 1138 4106 terminat,
1166 4030 1283 4092 uthis
1306 4037 1341 4090 et
1362 4028 1406 4091 ab
1428 4028 1487 4092 hie

259 4215 272 4264 1
292 4215 436 4279 repperitur
486 4232 544 4265 cnm
554 4231 600 4281 per
608 4216 667 4266 -5
679 4214 804 4279 accipitur
813 4221 874 4265 rant
883 4214 964 4265 aerbo
976 4217 1085 4281 Verpilii
1094 4217 1188 4267 Ariani
1196 4233 1224 4281 p.
1234 4219 1251 4268 8
1263 4216 1332 4276 Mar,
1350 4218 1395 4283 pai
1404 4223 1488 4268 tanen

189 4298 240 4346 pro
252 4282 350 4333 ‘heber'
362 4290 410 4336 etr.
427 4289 492 4335 male
509 4283 626 4335 exhibet:
645 4281 724 4333 (lebes
743 4280 841 4332 Cebetis
860 4294 886 4332 at
903 4282 967 4333 Ceba
980 4283 1088 4337 Cebetis.
1138 4287 1192 4334 het
1203 4300 1264 4350 seps
1277 4284 1351 4350 sapia
1362 4286 1456 4336 motat

190 4350 269 4399 lrabcs
288 4350 341 4399 obis
360 4348 542 4401 eaiebseoius
594 4352 743 4416 'lprodoota
778 4351 926 4400 acosatiuos
938 4366 1080 4418 correptam
1133 4353 1221 4404 8hino
1272 4349 1485 4418 llnnminatiuoa]

190 4418 367 4468 terminatione
438 4421 469 4469 10
486 4418 657 4482 aliqnandoc
709 4420 914 4469 mormannum
966 4422 998 4471 14
1015 4421 1050 4471 hii
1103 4424 1135 4473 15
1153 4422 1314 4471 termina³tnr
1366 4422 1398 4472 l'l
1415 4436 1486 4471 nrum

190 4488 224 4537 20
235 4500 320 4536 scema
354 4486 449 4551 dogma
457 4487 551 4550 dognra
563 4485 672 4552 phoema
685 4485 803 4536 emblimn
814 4488 925 4537 crearinra
939 4490 1047 4539 torloma
1057 4491 1165 4539 aerioma
1176 4488 1283 4539 celiuma
1334 4490 1366 4539 21
1379 4490 1486 4539 cariem·

190 4555 413 4620 inpcmatorecma
465 4569 534 4603 rema
585 4556 729 4614 diacoma,
746 4570 848 4619 semper
898 4558 932 4607 23
944 4555 1003 4606 hnic
1014 4568 1138 4614 scemate.
1157 4574 1226 4608 corr.
1238 4559 1290 4608 -ti
1307 4555 1384 4607 huius
1403 4570 1487 4608 scema

190 4622 366 4672 hlabuerunt
416 4623 450 4672 28
467 4621 695 4673 huinsseematum
746 4624 993 4687 29ecemate‚corr.
1007 4628 1059 4677 -ci
1118 4628 1151 4676 32
1163 4622 1321 4693 Priscianus]
1336 4624 1354 4675 1
1362 4641 1392 4690 p.
1403 4626 1487 4685 lom

225 4704 294 4739 mum
362 4692 395 4741 33
413 4689 587 4740 huiuscemodi
635 4691 808 4742 nominatione
853 4692 1025 4744 emblimotum
1085 4697 1119 4745 34
1136 4694 1273 4744 cmblimati
1324 4694 1485 4745 toriomatum

225 4758 354 4809 toriomati
421 4760 455 4812 36
471 4758 573 4823 freques
642 4762 675 4811 36
692 4760 795 4810 datione
810 4770 837 4811 at
854 4761 981 4812 ablatione
1032 4764 1168 4813 terminant
