3382 5476
712 376 921 431 BBRNENSIS.
1402 377 1464 442 129

169 563 365 642 laqueatus
393 563 513 634 lacus;
543 564 672 626 uultus
700 585 848 646 quoqne
877 568 956 645 ipsa
981 585 1040 626 res
1063 586 1144 627 csse
1166 566 1320 628 uidetur
1342 586 1358 626 a
1381 566 1466 628 uolo

168 665 301 736 uerbo,
333 667 515 747 quomodo
544 688 561 728 a
593 666 674 727 eolo
705 666 836 728 cultus.
882 667 1035 748 Excipitur
1065 676 1171 729 uentus
1199 670 1296 738 uenti,
1331 671 1467 749 quamuis

169 769 308 829 uideatur
330 768 388 828 boc
410 788 519 830 nomen
541 768 637 830 simile
660 787 725 830 esse
747 768 943 848 incorporali,
968 769 1045 848 quod
1065 770 1185 829 auenio
1208 768 1301 830 uerbo
1325 771 1465 840 nascitur,

168 888 286 950 exque
314 872 501 949 conpositum
530 869 675 931 aduentus
698 869 827 931 aduenti.
874 869 935 930 Nec
962 889 1022 931 non
1052 872 1199 949 excipitur
1220 879 1341 932 sanctus
1362 873 1466 941 sancti,

142 972 306 1048 squamuis
329 990 346 1031 c
367 971 476 1033 habeat
504 980 572 1032 ante
600 980 658 1032 tus.
704 970 776 1033 ltem
806 973 945 1033 feminina
974 974 1004 1032 in
1037 991 1072 1032 us
1104 981 1272 1051 correptam
1303 973 1466 1034 desinentia

169 1082 292 1152 quartae
315 1072 520 1135 declinationis
542 1082 626 1143 sunt,
651 1082 682 1135 ut
704 1073 777 1135 baec
799 1092 905 1134 marrus
927 1074 1015 1134 buius
1037 1092 1160 1143 manus,
1184 1074 1257 1136 baec
1274 1092 1377 1146 nurus,
1393 1075 1467 1135 baec

169 1192 290 1243 socrus,
321 1175 393 1236 baec
421 1178 570 1255 porticus,
602 1174 676 1235 baec
705 1194 780 1236 anus
803 1184 833 1236 et
854 1184 963 1237 cetera.
1008 1175 1160 1254 Excipitur
1189 1175 1261 1236 baec
1288 1173 1372 1238 aluus
1399 1175 1467 1244 alui,

169 1274 276 1337 humus
299 1276 396 1348 bumi,
421 1277 544 1338 ethaeo
567 1277 673 1338 domus
695 1276 785 1338 buius
807 1276 888 1337 domi
911 1276 959 1337 uel
982 1276 1071 1337 buius
1093 1275 1215 1346 domus,
1239 1276 1363 1339 ethaeo
1386 1277 1468 1340 colus

169 1377 257 1439 buius
280 1378 336 1439 coli
358 1377 406 1439 uel
428 1378 515 1439 huius
538 1378 629 1439 colus.
667 1378 729 1439 Alia
753 1396 826 1439 uero
849 1380 969 1440 nomina
991 1380 1022 1439 iu
1045 1398 1079 1440 us
1102 1385 1269 1460 correptam
1293 1377 1467 1448 desinentia,

130 1493 156 1531 10
169 1480 232 1540 siue
255 1479 416 1541 masculina
439 1481 503 1541 siue
526 1479 667 1541 feminina
691 1481 815 1550 luerint,
844 1480 992 1541 secundae
1015 1479 1222 1541 declinationis
1245 1489 1328 1541 sunt:
1353 1499 1467 1542 mascu-

168 1579 243 1650 lina,
274 1590 307 1641 ut
328 1580 377 1640 bic
400 1580 497 1641 bonus
520 1581 608 1642 liuius
632 1581 715 1649 boni,
745 1582 794 1643 bie
821 1583 964 1642 humerus
992 1573 1079 1643 buius
1107 1582 1238 1650 bumeri,
1268 1581 1316 1641 bic
1345 1599 1467 1642 somnus

168 1679 257 1744 buius
279 1683 375 1743 somni
399 1692 428 1743 ct
451 1685 550 1742 omnia
578 1682 691 1743 adiecta
721 1680 841 1742 mobilia
864 1683 895 1743 in
918 1701 952 1744 us
975 1683 1141 1745 desinentia
1166 1725 1336 1742 ......
1360 1682 1385 1742 si
1407 1683 1467 1743 sint

168 1785 286 1863 propria
310 1782 357 1844 uel
380 1787 570 1861 appelletiua
586 1783 698 1844 Graeca
720 1785 752 1843 in
767 1800 800 1843 os
821 1783 898 1864 apud
915 1785 1044 1846 Graecos
1066 1784 1232 1845 desinentia
1254 1781 1302 1845 uel
1325 1783 1465 1845 arborum

146 1877 151 1886 ”
169 1886 303 1952 nomina,
321 1884 476 1947 ‘secundae
498 1895 566 1945 sum
588 1883 808 1954 declinationis;
838 1887 974 1965 propria,
1004 1894 1037 1947 ut
1058 1886 1133 1947 baec
1154 1884 1250 1964 Tyrus
1273 1884 1362 1946 buius
1385 1885 1465 1966 Tyri,

130 1999 155 2038 1⁵
168 1985 242 2046 baec
264 1986 377 2065 Cyprus
400 1986 489 2047 buius
512 1987 610 2066 Cypri,
635 1987 969 2066 appellatiuaCraeca,
993 1994 1026 2048 ut
1048 1987 1122 2048 baec
1144 1994 1244 2048 arctus
1267 1987 1356 2057 arcti,
1379 1987 1466 2049 arbo-

167 2105 234 2147 rum
250 2090 388 2155 nomina,
413 2096 444 2147 ut
466 2087 540 2148 baec
562 2104 724 2168 cupressus
740 2091 891 2169 cupressi,
914 2090 1000 2169 pirus
1014 2089 1086 2166 piri,
1110 2087 1233 2148 arbutus
1248 2088 1358 2158 arbuti,
1381 2087 1466 2151 alnus

168 2186 238 2248 alui.
283 2188 437 2268 Excipitur
460 2207 552 2249 unum
577 2207 686 2250 nomeu
714 2190 890 2250 femininum
918 2190 1089 2269 proprium,
1113 2189 1193 2268 quod
1217 2191 1355 2266 quamuis
1378 2193 1409 2250 in
1432 2209 1467 2250 us

168 2297 336 2368 correptam
364 2290 487 2360 desinit,
512 2298 610 2352 tamen
632 2292 737 2352 tertiae
765 2289 970 2351 declinationis
999 2298 1059 2359 est,
1088 2296 1120 2351 ut
1148 2289 1221 2351 baec
1250 2292 1348 2353 Venus
1378 2292 1467 2353 buius

168 2390 307 2460 Veneris,
331 2391 399 2452 ideo
422 2411 470 2462 ne,
494 2394 519 2452 si
541 2391 640 2452 Venus
663 2392 737 2452 Veni
759 2390 967 2461 declinaretur,
991 2390 1206 2452 dubitationem
1229 2391 1354 2454 baberet
1371 2411 1466 2472 gene-

129 2493 248 2552 nciuus
277 2510 344 2553 cum
373 2493 469 2554 uerbo
496 2495 674 2572 imperatiuo
703 2494 782 2554 ueni.
832 2492 865 2552 ln
894 2509 928 2552 us
961 2501 1060 2553 autem
1094 2491 1268 2572 productam
1302 2492 1464 2555 desinentia

169 2595 288 2654 nomina
316 2595 457 2656 feminina
486 2597 550 2657 sine
579 2592 670 2656 dubio
699 2595 804 2656 tertiae
832 2591 1038 2655 declinationis
1065 2603 1149 2662 sunt,
1181 2602 1213 2656 ut
1235 2592 1308 2655 baec
1336 2597 1466 2656 seruitus

168 2695 255 2754 buius
283 2697 449 2757 seruitutis:
479 2698 522 2757 sic
550 2704 688 2757 senectus
715 2696 855 2757 iuuentus
882 2694 969 2756 tellus
997 2693 1092 2776 palus.
1136 2696 1247 2757 Neutra
1275 2713 1348 2756 uero
1376 2697 1466 2757 inus

168 2795 332 2857 desinentia
362 2816 413 2858 seu
442 2797 617 2875 productam
646 2816 698 2859 seu
728 2804 896 2877 correptam
925 2798 1030 2857 tertiae
1058 2795 1265 2858 declinationis
1293 2806 1363 2858 suut
1385 2806 1414 2856 et
1435 2797 1465 2856 in

168 2899 211 2957 ris
240 2898 399 2958 terminant
425 2900 581 2977 genetiuo,
611 2907 643 2960 ut
670 2901 718 2960 ius
745 2900 834 2969 iuris,
863 2898 930 2978 plus
952 2897 1060 2978 pluris,
1090 2899 1186 2959 maius
1208 2893 1344 2967 maioris,
1367 2899 1466 2959 minus

128 3013 154 3053 aa
168 2999 310 3072 minoris,
340 3016 448 3078 corpus
471 3003 621 3081 corporis,
650 3000 767 3079 pondus
789 3000 945 3080 ponderis,
975 3009 1080 3080 pectus
1101 3001 1246 3079 pectoris,
1270 3016 1379 3060 munus
1399 3018 1465 3060 mu·

168 3101 259 3160 neris.
298 3099 491 3180 Excipiuntur
512 3101 569 3163 boc
592 3101 713 3181 pelagus
735 3100 845 3182 pelagi,
869 3101 948 3180 quod
972 3101 1119 3163 Graecum
1143 3108 1232 3163 estet
1251 3102 1466 3182 interpretatur

167 3199 363 3282 protundum,
393 3210 422 3263 et
449 3201 506 3262 hoc
529 3202 637 3281 uulgus
659 3202 755 3281 uulgi,
785 3202 864 3281 quod
888 3210 918 3263 et
940 3201 1135 3264 masculinum
1159 3212 1218 3273 est,
1247 3210 1276 3263 ct
1304 3203 1386 3263 uirus
1407 3203 1466 3262 uiri

168 3311 198 3363 et
226 3320 281 3381 pus
309 3302 527 3366 indeclinabile.
573 3304 746 3365 Communia
776 3322 849 3364 uero
877 3305 969 3364 trium
1000 3320 1142 3382 generum
1170 3304 1202 3364 iu
1232 3321 1267 3364 us
1295 3311 1464 3383 correptam

168 3405 333 3466 desinentia
355 3408 460 3466 tertiae
483 3405 689 3466 declinationis
716 3414 799 3479 sunt,
828 3413 861 3465 ut
884 3404 984 3465 hicet
1005 3403 1079 3465 baec
1103 3414 1132 3465 et
1154 3403 1210 3464 boc
1234 3411 1320 3464 uetus
1342 3406 1464 3471 ueteris,

128 3519 154 3558 ³⁰
169 3506 217 3567 bic
239 3516 268 3567 et
290 3507 363 3568 baec
386 3514 415 3567 et
437 3507 493 3568 boc
520 3507 611 3586 Ligus
637 3506 772 3586 Liguris,
801 3505 880 3586 quod
903 3513 948 3566 est
969 3506 1095 3584 gentile,
1126 3513 1155 3565 et
1176 3505 1235 3565 duo
1258 3505 1378 3565 nomina
1401 3523 1464 3565 mo·

166 3605 317 3687 nosyllaba
341 3611 510 3670 communia
533 3608 659 3669 duorum
682 3625 843 3686 generum,
871 3625 947 3687 quae
974 3605 1181 3687 producuntur
1204 3606 1402 3675 nominatiuo,
1432 3612 1466 3665 ut

166 3708 216 3770 bic
238 3718 269 3769 et
289 3710 363 3770 baec
385 3729 437 3771 sus
460 3711 536 3780 suis,
561 3710 610 3770 bic
634 3719 663 3770 et
685 3708 758 3770 haee
780 3727 853 3789 grus
874 3709 973 3785 gruis:
1003 3727 1070 3769 nam
1093 3724 1160 3770 mus
1181 3706 1277 3767 muris
1298 3706 1465 3785 epicoenon

167 3821 228 3880 est,
257 3811 334 3889 quod
359 3830 373 3871 a
397 3812 510 3871 Graeco
538 3809 603 3891 μῦς
631 3811 756 3871 mutauit
782 3830 805 3871 v
826 3811 858 3871 in
880 3829 900 3871 u
923 3809 1050 3887 longam.
1096 3809 1214 3871 Nullum
1243 3809 1324 3868 enim
1356 3823 1464 3867 nomen

167 3910 304 3973 Latinum
333 3913 529 3973 masculinum
558 3914 589 3972 in
614 3930 648 3973 us
670 3911 845 3992 productam
868 3910 988 3972 desiuit.
1033 3910 1144 3971 Graeca
1171 3911 1262 3988 igitur
1284 3909 1315 3969 in
1338 3926 1372 3968 us
1394 3924 1464 3985 pro·

127 4024 154 4064 ⁸⁶
168 4012 286 4073 ducum
310 4013 473 4074 desinentia
496 4013 573 4095 apud
597 4015 728 4076 Graecos
749 4013 779 4073 in
803 4010 861 4084 dog
888 4013 1075 4073 terminantia
1103 4012 1273 4090 genetiuum
1291 4006 1302 4090 ΙΙ
1319 4008 1339 4070 l.
1357 4003 1432 4067 111*
1449 4005 1462 4087 ΙΙ

237 4231 380 4282 llsoeatur
431 4247 447 4280 e
465 4247 497 4281 uc
518 4233 594 4283 uerbo
647 4231 770 4283 uacuo
823 4231 917 4282 bitem
935 4226 1068 4295 feminina]
1087 4229 1122 4293 ef.
1142 4227 1225 4278 Pn'sc.
1242 4243 1271 4290 p·
1292 4227 1352 4283 ⁴1⁴5,
1363 4226 1397 4273 2⁰
1448 4224 1464 4272 ss

167 4313 256 4348 murus
324 4299 422 4350 ‘lelius
491 4300 587 4350 deciis
641 4300 698 4350 Alie
716 4313 777 4350 uero
796 4295 911 4362 uomina]
930 4296 966 4360 cs.
983 4297 1069 4346 Prisc.
1087 4299 1104 4346 t.
1122 4300 1140 4350 l.
1156 4311 1183 4360 p.
1203 4295 1299 4348 ΗΜ
1368 4293 1396 4370 l}
1417 4289 1466 4338 ¹¹¹¹·

167 4363 265 4431 merus]
285 4367 407 4418 Homerus
426 4368 509 4418 Prisc.
527 4370 599 4433 opud
615 4368 724 4418 Keitium
741 4385 767 4432 p.
787 4369 883 4431 idm
965 4366 994 4413 12
1012 4365 1038 4412 in
1057 4379 1087 4413 us
1105 4357 1260 4424 desinentia]
1281 4359 1316 4422 cs·
1337 4358 1419 4407 ΡΜ·
1434 4373 1463 4420 p.

168 4436 230 4497 rra,
240 4436 284 4484 15:
304 4436 330 4484 ln
343 4451 372 4484 ns
389 4446 532 4501 correptam
550 4436 693 4486 desinentis
711 4435 833 4485 feminina
852 4434 874 4483 si
892 4434 944 4482 aim
960 4431 1066 4496 propris
1084 4431 1124 4480 uel
1143 4423 1408 4495 appelletiuaGraees
1420 4434 1465 4473 etc.

167 4503 201 4550 13
218 4501 377 4566 appellatiua
393 4519 441 4554 om.
510 4519 601 4569 grecus
689 4503 720 4553 15
738 4504 824 4568 ciprus
842 4500 919 4549 buius
937 4499 1008 4563 cypri
1030 4513 1121 4563 grecus
1145 4508 1173 4547 ut
1190 4496 1254 4546 baec
1271 4503 1356 4542 arctus
1434 4491 1466 4540 1⁶

166 4568 288 4619 arbustae
306 4571 402 4620 arbusti
473 4572 504 4622 19
522 4586 582 4621 uam
594 4573 617 4621 si
629 4572 718 4620 Venus
729 4565 806 4633 Veni]
825 4568 861 4629 cf.
872 4566 958 4618 Prisc.
975 4564 992 4614 1
1008 4582 1036 4628 p.
1047 4568 1106 4625 2⁶9,
1117 4567 1150 4614 21
1219 4564 1254 4612 20
1272 4563 1301 4610 1¹¹
1319 4574 1349 4608 1¹⁸
1367 4553 1464 4620 eutem]

165 4635 202 4698 cs.
221 4636 305 4691 Prisc.
323 4640 355 4687 de
373 4640 470 4688 nomiae
488 4647 536 4690 etc.
554 4657 580 4705 p.
601 4641 661 4701 445,
683 4640 717 4688 36
818 4636 851 4685 22
870 4632 965 4682 Neutra
982 4628 1057 4701 uero]
1076 4633 1111 4696 cs.
1131 4625 1466 4706 Pdtv·1·¹·l’·⁴‚4⁵r²⁴

165 4704 201 4753 24
218 4704 303 4753 minus
320 4707 405 4756 minus
423 4707 529 4757 minoris
597 4707 631 4757 26
649 4703 731 4770 pilegi
798 4703 832 4752 28
849 4713 875 4751 et
892 4699 951 4766 plus
1003 4697 1155 4749 Communia
1172 4692 1248 4759 uer⁰]
1268 4695 1305 4756 es·
1322 4692 1467 4744 '’m-U·

165 4772 202 4820 28
270 4769 410 4837 soligeris
478 4777 510 4825 32
529 4775 613 4841 epices
632 4787 684 4822 uon
754 4772 787 4820 33
804 4769 853 4817 mis
906 4769 1039 4817 runtauiti
1091 4761 1197 4828 nomen]
1218 4758 1365 4823 numeram!
1434 4759 1468 4808 34

166 4836 263 4888 Graeca
281 4837 371 4907 igitur]
392 4841 474 4891 Prisc.
494 4846 511 4893 1.
529 4844 546 4895 l.
568 4846 605 4892 33

192 4936 288 4978 (lun.
300 4947 352 4977 m.
366 4937 447 4979 suern
1249 4913 1267 4964 9
