3382 5476
192 386 255 449 288
585 384 861 438 nrssnnsu‘rms
879 384 1091 438 sunuouvu.
1169 360 1174 371 '

278 574 358 635 lnter
379 573 527 652 legionem
551 581 580 634 et
603 572 743 634 dilectum
771 572 828 633 hoc
856 573 995 641 interest,
1024 571 1104 649 quod
1132 570 1210 649 legio
1238 570 1354 632 dicitur
1382 571 1423 631 ab
1453 590 1498 639 eo,

193 675 272 753 quod
294 675 430 754 legantur
438 722 530 745 .....
555 674 695 743 dilectus,
724 692 799 754 quae
822 676 951 734 maxime
979 672 1143 751 diligimus,
1171 680 1206 733 ut
1231 672 1284 733 lilii
1316 680 1348 735 et
1375 675 1497 752 oogneti

194 774 242 837 uel
264 786 374 856 patres.

279 878 357 937 lnter
385 876 503 938 assidue
532 886 562 937 et
588 877 698 937 cotidie
727 877 783 936 lroc
815 877 955 942 interest,
989 874 1068 951 quod
1096 874 1213 935 assidue
1241 874 1417 937 sedulitatis
1443 886 1497 949 est,

194 980 301 1040 cotidie
324 988 420 1039 autem
444 979 696 1056 perseuerantiae.
1507 992 1519 1031 ε

279 1080 359 1140 luter
386 1086 500 1139 maeret
527 1090 557 1139 et
579 1089 711 1139 meretur
740 1078 797 1138 lroc
826 1079 964 1146 interest,
993 1078 1071 1156 quod
1094 1086 1221 1145 maeret.
1248 1081 1303 1154 qui
1325 1080 1422 1139 tristis
1443 1087 1498 1148 est,

194 1189 343 1247 meretur,
368 1183 418 1260 qui
441 1199 477 1240 ex
499 1180 620 1240 alterius
642 1178 751 1239 iudicio
772 1196 875 1257 parem
898 1177 1032 1239 beneficii
1054 1180 1180 1257 gratiam
1202 1186 1366 1259 exspectat.

281 1282 360 1343 luter
383 1281 596 1361 plenitudinem
620 1288 649 1340 et
671 1278 843 1357 plenitatem
859 1278 915 1341 lroc
930 1281 1069 1347 interest,
1093 1279 1171 1358 quod
1186 1278 1343 1360 plenitudo
1357 1282 1498 1361 eorporis

194 1392 253 1451 est,
278 1383 403 1462 plenitas
426 1384 479 1444 rei.
883 1376 888 1385 ’

279 1485 489 1564 interprecor
512 1493 541 1543 et
564 1483 710 1561 deprecor
732 1482 789 1543 lroc
811 1485 950 1559 interest,
974 1483 1051 1562 quod
1073 1500 1231 1562 precemur
1252 1482 1358 1553 deum,
1383 1482 1495 1563 depre·
1509 1498 1532 1539 n

194 1603 297 1646 camur
320 1586 463 1646 lromines.

279 1685 360 1747 inter·
383 1696 468 1746 tueor
491 1695 520 1745 et
542 1696 608 1746 tuor
625 1684 636 1766 ll
653 1688 672 1749 l.
693 1683 770 1745 lli)b
787 1684 797 1766 ll
815 1687 870 1746 lroc
894 1688 1033 1759 interest,
1057 1684 1137 1762 quod
1159 1693 1244 1746 tueor
1260 1686 1412 1758 custodio,
1429 1695 1497 1748 tuor

195 1788 292 1847 uideo,

279 1887 360 1947 inter
383 1887 544 1948 ludibrium
568 1897 598 1948 et
619 1887 765 1948 lrulicrum
790 1887 846 1947 lroc
868 1890 1006 1958 interest,
1029 1887 1108 1967 quod
1130 1885 1290 1949 ludibrium
1314 1890 1346 1949 in
1368 1888 1497 1951 alterius

194 1991 317 2063 inim-ia,
341 1988 488 2049 ludicrum
511 1996 625 2056 autem,
649 2009 708 2068 quo
731 1989 787 2067 ipsi
811 1986 992 2048 delectamur
1013 1991 1079 2049 sine
1102 1990 1274 2068 cuiusquam
1296 1990 1421 2051 iniuria.
1507 2006 1531 2045 n

280 2091 367 2151 inter'
383 2089 490 2150 stillam
513 2098 544 2150 et
565 2097 677 2168 guttam
700 2089 756 2148 lroc
778 2091 918 2157 interest,
943 2090 1023 2165 quod
1045 2087 1122 2150 stilla
1145 2089 1237 2159 cadit,
1261 2098 1346 2168 gutta
1368 2100 1439 2153 stat.

278 2192 358 2253 luter
381 2191 470 2252 srdurn
494 2199 524 2250 et
545 2189 662 2251 ildelem
686 2190 742 2250 linc
765 2191 904 2259 interest,
928 2189 1008 2268 quod
1024 2190 1099 2251 lidus
1114 2191 1226 2252 amicus
1248 2190 1372 2259 dicitur,
1396 2192 1495 2254 tidelis

193 2314 308 2355 seruus.

277 2394 358 2455 luter
374 2394 582 2473 cognoscimus
598 2403 627 2455 et
641 2394 831 2471 agnoscimus
853 2391 909 2451 lroc
932 2393 1072 2461 interest,
1096 2393 1174 2472 quod
1196 2395 1402 2471 agnoscimus,
1418 2414 1496 2472 quos

192 2497 275 2576 prius
296 2494 454 2556 lrubrrimus
476 2496 599 2566 amicos,
624 2495 845 2572 cognoscimus,
869 2512 943 2572 quos
965 2511 1125 2573 numquam
1149 2494 1286 2559 uidimus.
1504 2514 1529 2553 so

277 2595 356 2657 lnter
379 2596 500 2658 fratrem
525 2606 554 2656 et
576 2613 749 2674 germanum
780 2595 836 2655 lroc
863 2596 1003 2663 interest,
1032 2595 1111 2674 qrrnd
1138 2612 1298 2673 germanus
1326 2607 1374 2658 est
1401 2617 1495 2660 uerus

192 2700 283 2759 irater
312 2746 319 2759 .
344 2745 350 2759 .
376 2746 382 2758 .
407 2746 413 2760 .
438 2746 445 2758 .
475 2705 558 2776 prum
582 2706 612 2757 et
634 2704 742 2766 matre,
772 2696 864 2756 irater
887 2713 959 2755 nem
983 2714 1019 2756 ex
1042 2695 1164 2756 diuerso
1186 2704 1272 2776 patre
1296 2696 1345 2759 uel
1368 2697 1492 2761 diuersa

193 2812 297 2860 trratre.

278 2900 358 2960 luter
380 2917 513 2959 mersare
535 2907 565 2958 et
587 2916 723 2975 mergere
747 2898 803 2959 lmc
825 2900 965 2968 interest,
995 2899 1072 2976 qnod
1096 2916 1229 2960 mersare
1249 2901 1385 2980 saepius,
1410 2921 1493 2964 mer·

192 3020 263 3079 gere
286 3001 387 3061 semel.
1503 3016 1529 3056 as

277 3102 358 3161 lnter
391 3117 480 3177 agere
513 3118 631 3160 causam
665 3109 694 3159 et
727 3099 825 3160 dicere
862 3099 919 3159 lroc
952 3101 1091 3171 interest,
1129 3100 1208 3179 quod
1241 3102 1302 3180 agit
1334 3110 1491 3183 petronus,

194 3204 265 3263 dicit
287 3221 366 3263 reus.

278 3305 359 3365 inter·
381 3304 495 3364 enrinus
518 3310 548 3361 et
570 3303 735 3362 comminus
759 3302 815 3362 lmc
842 3303 981 3373 interest,
1009 3302 1088 3383 quod
1117 3306 1232 3364 eminus
1253 3322 1290 3365 ex
1312 3303 1490 3386 longinquo,

193 3408 357 3467 comminus
379 3405 460 3466 sede.

260 3592 410 3657 ilegoutur
428 3590 543 3652 dilectus,
560 3590 594 3653 cs.
616 3589 798 3650 Gotlrosredum
849 3589 1006 3652 dilegamns‚
1030 3606 1100 3641 corr.
1117 3590 1255 3655 dilegirnus
1307 3590 1374 3657 legio
1394 3594 1490 3644 dicitur

192 3662 224 3710 ob
242 3676 272 3710 eo
290 3660 359 3721 quod
377 3659 476 3723 legetur
496 3660 543 3706 uiri
561 3658 640 3707 fortes
659 3670 684 3706 et
703 3657 774 3705 miles
798 3657 918 3717 militiae,
940 3657 1048 3707 dilectus
1066 3673 1132 3720 quoe
1150 3682 1182 3694 —
1201 3657 1241 3708 uel
1257 3662 1379 3723 cognatio
1398 3672 1488 3727 putres

194 3744 366 3805 Gothosredus
381 3760 409 3806 p.
428 3744 487 3804 101,
504 3742 539 3802 cs.
557 3742 634 3805 lleiff.
652 3758 680 3804 p.
700 3743 750 3790 278
818 3743 835 3790 4
852 3742 958 3805 cottidie
975 3741 1024 3791 lroc
1041 3754 1080 3792 est
1096 3741 1201 3791 assidue
1217 3768 1251 3778 —
1268 3744 1385 3805 quotidie
1401 3757 1488 3795 sutem

193 3811 398 3877 perseuerantius
417 3809 589 3871 Gothosredus
604 3826 633 3873 p.
654 3811 701 3857 101
770 3808 883 3858 timeret
950 3809 1020 3871 quod
1044 3820 1123 3860 meret
1139 3810 1219 3860 tristis
1238 3820 1277 3860 est
1328 3812 1372 3873 qul
1391 3826 1491 3863 moeret

192 3880 275 3928 tristis
298 3887 349 3937 est,
374 3888 482 3925 irroretur
499 3887 583 3925 nentem
602 3876 645 3938 qui
667 3901 693 3909 -
716 3874 838 3924 bertellcio
857 3877 965 3941 gretiam
984 3888 1116 3942 exspectet
1133 3877 1307 3940 Gothosredus
1322 3894 1350 3944 ρ.
1371 3882 1436 3943 tot,
1452 3881 1489 3942 rs.

193 3948 270 4012 lteilf.
288 3962 315 4010 p.
333 3947 384 3995 251
469 3944 634 4008 Bpieuitudo
652 3969 685 3977 -
702 3945 752 4001 rei,
772 3944 1006 4008 implenitudinem
1025 3947 1159 3995 obesorum
1178 3945 1320 4009 hominum,
1338 3945 1489 4011 plenitatem

193 4017 280 4064 ruuioe
298 4014 334 4062 rei
351 4013 460 4062 dicimus
479 4011 614 4060 cuiuslibet
632 4011 804 4072 Gotlrosredus
821 4028 847 4074 p.
859 4014 985 4071 1011105,
1004 4014 1038 4073 cs.
1056 4013 1135 4077 Iteiff.
1150 4029 1177 4077 p.
1195 4015 1246 4064 287
1314 4015 1347 4065 10
1363 4013 1489 4080 depreea-

192 4099 249 4132 mrrr
266 4083 341 4130 eleum
361 4094 493 4145 precemur
510 4080 625 4129 homines
645 4079 817 4140 Gotdosredus
833 4096 860 4142 p.
881 4082 943 4141 105,
962 4080 998 4141 cs.
1016 4081 1093 4145 lieiff.
1109 4097 1137 4145 p.
1156 4082 1206 4131 287
1285 4083 1315 4131 12
1333 4083 1454 4133 custodis

192 4164 315 4200 tueor-
334 4149 408 4198 uideo
429 4148 603 4210 Gothosredus
619 4163 645 4211 p.
664 4148 722 4206 105,
740 4147 775 4208 cs.
794 4147 870 4211 lteiff.
889 4163 915 4210 p.
934 4149 988 4197 203
1075 4149 1106 4197 14
1124 4147 1258 4197 ludierinm
1282 4148 1331 4197 lroo
1353 4160 1394 4199 est
1416 4152 1488 4212 quod

192 4218 343 4267 ludiibrium
413 4218 445 4266 15
463 4215 597 4265 ludicsinm
615 4224 659 4262 urrt
676 4214 746 4275 quod
764 4215 813 4278 ipsi
832 4214 980 4263 dileommur
998 4216 1054 4263 sine
1071 4215 1172 4277 cuiusq;
1223 4210 1488 4280 ludibrium—qnod

192 4275 246 4351 ipsi
260 4312 293 4320 -
311 4285 404 4333 iniuria
423 4283 595 4344 Gotlrofredus
611 4299 638 4346 p.
652 4285 709 4343 105,
728 4282 762 4343 cs.
775 4283 851 4345 [tells.
863 4283 952 4345 pm
1033 4283 1065 4333 16
1082 4292 1155 4347 gutta
1171 4283 1290 4333 imbrium
1307 4284 1376 4333 stille
1394 4284 1489 4335 situlae

193 4355 233 4404 uel
251 4354 304 4403 ncci
324 4352 495 4415 Gothosredus
512 4354 611 4413 ρ.105,·
628 4357 656 4398 ut
673 4351 738 4399 idem
754 4352 823 4412 1191
841 4351 928 4399 enricus
945 4350 1029 4412 dedet,
1047 4366 1113 4415 quae
1129 4366 1211 4414 supro
1223 4353 1350 4416 leguntur,
1362 4353 1398 4414 cf.
1407 4352 1489 4417 Reiff.

190 4441 219 4486 ρ.
239 4425 288 4470 002
359 4421 389 4468 11
408 4418 475 4466 lidus
493 4419 567 4466 etiam
585 4417 682 4464 auruleus
695 4443 727 4452 —
740 4432 831 4465 seruus
851 4417 1124 4484 601001νεοωρ.10,5
1177 4420 1209 4469 19
1226 4420 1393 4483 agnoscimus
1412 4421 1488 4486 prius

193 4490 328 4539 lrnbuirnus
346 4488 444 4535 amicus
490 4485 654 4548 agnoscimus
673 4485 801 4549 cognitos,
819 4486 1000 4548 cognoscimus
1018 4486 1087 4547 ‹prrud
1106 4500 1245 4547 urumqunm
1264 4487 1377 4537 uidimus
1391 4486 1489 4539 Gotho·

190 4559 283 4620 fredus
292 4573 318 4619 p.
332 4557 380 4603 105
448 4553 480 4601 21
500 4567 576 4600 uerus
594 4550 671 4600 lreter
688 4550 769 4616 petre]
788 4552 928 4616 Suppleos:
946 4567 978 4600 ex
997 4553 1086 4602 eedem
1137 4552 1215 4604 l'rstrc
1233 4568 1293 4605 uero
1345 4570 1488 4620 germanus

193 4636 232 4674 cst
250 4640 326 4673 uerus
344 4622 421 4670 irater
438 4630 510 4684 pntre
523 4646 554 4655 -
566 4629 638 4683 patre
656 4631 680 4667 ct
698 4630 778 4668 rrrntre
796 4619 969 4681 Gothosredus
986 4638 1012 4684 p.
1026 4623 1075 4670 105
1143 4623 1177 4670 24
1194 4636 1304 4671 nrerrme
1321 4632 1346 4671 et
1363 4637 1487 4689 meggere

194 4692 242 4741 lrec
252 4691 368 4753 estquod
379 4703 489 4737 morture
498 4687 586 4751 sepius
613 4687 856 4736 mersare—semel
867 4687 1039 4749 Gothosredus
1049 4704 1076 4752 p.
1088 4691 1137 4738 105
1171 4690 1487 4755 26sgit-reusl1'otko·

191 4761 283 4821 fredus
299 4775 325 4822 p.
345 4759 394 4806 105
461 4756 495 4804 28
512 4754 647 4819 cogminus
666 4755 712 4804 hoc
730 4767 769 4804 est
820 4755 938 4820 lunginco
1007 4759 1040 4806 29
1058 4754 1151 4819 sedelill
1203 4758 1347 4807 eminus-
1365 4759 1488 4811 corninus

194 4845 259 4908 pedu
278 4841 449 4902 Gotltosredus
465 4857 492 4905 p.
512 4824 561 4888 105
