3382 5476
537 395 575 444 IN
592 393 678 446 DON.
696 394 823 446 ARTEM
840 393 1020 445 uuonan.
1363 391 1427 456 255

132 579 337 650 colluctor,
361 580 447 641 simul
471 581 582 642 luctor:
617 581 723 642 luctari
747 590 793 642 εει
815 590 999 642 concertare.
1044 579 1081 642 in
1111 579 1200 641 duas
1227 580 1380 650 formas,
1404 582 1528 641 idam

131 685 162 743 in
185 682 260 742 riuos
281 680 451 743 intellectus
475 680 521 742 uel
543 700 665 753 sensus,
690 691 722 744 ut
737 684 868 744 ‘scrutor
889 684 945 744 te':
969 700 1039 743 ecce
1055 691 1169 750 actnm;
1193 683 1356 743 ‘scrutora
1373 685 1424 751 te’.

131 785 152 843 i·
177 803 240 844 mea
270 782 362 845 uerba
392 784 551 844 scrutaris:
581 802 650 844 ecce
673 787 852 864 passionem.
897 784 1058 846 ‘Criminor
1080 787 1122 844 ιε’
1144 783 1280 844 similiter
1302 792 1332 844 et
1353 786 1425 843 ‘cri-

132 887 230 946 minor
245 905 261 946 a
278 890 329 954 ιε’,
353 887 373 945 i·
392 892 422 945 tu
444 903 491 946 me
515 885 692 946 criminaris.
742 884 956 964 inaequalia
979 886 1169 954 dicuntur,
1193 886 1261 962 quia
1284 887 1487 965 iraeque-ao,
1502 900 1527 938 1⁴

105 978 328 1046 alem'lrabent
350 986 594 1054 declinationem,
619 994 651 1046 ut
673 988 711 1046 iio
734 987 838 1048 iactus.
883 989 937 1049 Fio
965 987 1100 1049 neutrale
1128 986 1255 1047 uerbum
1283 997 1343 1055 εει,
1372 987 1424 1048 sed

131 1096 230 1147 tamen
254 1090 405 1166 passiuurn
431 1106 495 1147 esse
517 1094 615 1166 potest
635 1088 798 1148 secundum
822 1088 997 1168 quosdam
1021 1088 1058 1152 ab
1081 1107 1132 1156 eo.
1161 1088 1239 1166 quod
1264 1096 1309 1150 est
1331 1091 1424 1150 lacio:

133 1187 353 1250 ‘iacioiilum'
384 1197 413 1249 ει
440 1189 604 1249 ‘lioate’
633 1188 770 1250 dIcimus.
816 1191 970 1259 Vescor,
998 1199 1102 1269 pastus
1129 1209 1206 1251 sum.
1256 1189 1527 1261 noeaoeane

132 1290 262 1351 mederis
290 1301 320 1351 et
346 1290 480 1351 medicor
507 1290 585 1350 caris
612 1288 690 1350 idem
719 1298 777 1360 εει,
807 1291 858 1352 seri
887 1292 990 1354 ιιίειιιε
1023 1291 1181 1352 ‘medeor'
1208 1293 1348 1368 genetiuo
1376 1291 1425 1353 uel

130 1393 231 1453 datiuo
260 1393 407 1472 iungitur,
436 1399 469 1452 ut
490 1389 630 1452 ‘medeor
652 1391 711 1451 tui’
741 1392 789 1452 uel
810 1392 911 1463 ‘tibin
940 1394 964 1452 i·
989 1392 1164 1453 medicinam
1194 1392 1246 1453 tibi
1274 1393 1424 1473 impendo,

93 1511 118 1551 ιο
131 1493 288 1554 ‘medicor'
311 1494 495 1563 accusatiuo
524 1501 556 1553 ut
576 1490 722 1552 ‘medicor
745 1497 794 1554 ιε’.
839 1493 927 1563 Ειιο,
956 1493 1075 1572 quando
1103 1494 1247 1572 significat
1268 1495 1423 1572 manduco,

131 1593 328 1674 inaequaliter
355 1595 521 1656 declinatur
548 1592 623 1654 ‘edo
645 1612 676 1653 es
700 1599 771 1665 est’,
795 1595 878 1657 ‘edi'
901 1595 972 1656 iacit
993 1598 1197 1674 praeteritum.
1242 1596 1379 1670 Panda,
1403 1598 1423 1657 i·

130 1698 246 1774 aperio,
275 1715 380 1777 passus
401 1712 483 1763 sum:
513 1693 614 1765 uolo,
642 1696 688 1755 uis
716 1698 893 1776 imperatiuo
921 1706 1015 1758 caret:
1046 1696 1145 1758 nullus
1173 1698 1251 1758 anim
1279 1697 1424 1760 uoluntati

129 1799 269 1875 imperat.
314 1796 423 1866 Cedo,
447 1798 466 1856 i·
491 1797 549 1861 dic.
592 1799 680 1866 Aue,
704 1804 734 1858 ει
754 1796 835 1859 salue
863 1796 955 1858 uerba
983 1807 1052 1860 sunt
1074 1799 1238 1860 salutantia.
1282 1799 1526 1879 inquit,aes‚1a

128 1901 149 1958 i·
173 1898 254 1961 dicit.
298 1899 378 1967 Aio,
402 1899 525 1967 alsait,
549 1905 578 1959 ει
600 1899 678 1958 ‘ait’
702 1900 910 1977 praeteritum:
935 1899 1032 1970 laxo,
1056 1920 1111 1981 pro
1134 1901 1255 1970 faciam:
1283 1903 1423 1979 inquit,

93 2018 117 2058 aa
129 2003 149 2060 i·
172 2000 252 2079 loqui
274 2001 387 2079 incipit.
433 2001 526 2060 Sunt
554 2000 828 2080 monosyllaba,
858 2004 879 2061 i·
905 2002 992 2062 unius
1019 2001 1148 2082 syllabae
1176 2000 1269 2063 uerba
1298 2012 1329 2064 ει
1355 2003 1424 2064 ideo
1438 2016 1526 2066 tenu

129 2100 348 2182 producuntur,
372 2108 410 2161 ut
432 2108 489 2161 sto
511 2100 554 2160 do
577 2100 641 2171 llo,
671 2103 697 2160 i·
726 2105 862 2183 spiritum
891 2105 1008 2174 emitto,
1036 2103 1106 2164 inde
1133 2104 1237 2165 ‘cillo'
1261 2112 1290 2165 et
1310 2105 1423 2166 ‘suillo'
1437 2119 1487 2167 ⁸8³,
1501 2120 1526 2159 1⁸

127 2211 357 2283 componuntnr.
387 2201 451 2264 Alia
470 2202 578 2272 uerba,
602 2205 731 2281 quaein
755 2224 772 2264 o
795 2204 944 2275 desinunt,
968 2213 1001 2265 ut
1023 2206 1114 2282 ‘lego'
1131 2207 1231 2275 ‘amo’,
1256 2206 1422 2284 corripiun-

128 2314 187 2366 tur.
236 2306 328 2365 Sunt
356 2303 468 2364 uerba
499 2308 666 2365 incertae
690 2305 1003 2384 significationis,
1027 2308 1046 2366 i·
1070 2307 1177 2367 incerti
1199 2307 1332 2384 generis,
1355 2309 1487 2387 quisse.
1501 2323 1526 2363 ιε

128 2408 276 2467 incertum
300 2413 359 2475 εει,
388 2413 486 2466 utrum
510 2409 571 2466 sint
592 2406 681 2466 actiui
702 2409 836 2485 generis,
866 2425 903 2468 an
932 2408 1043 2486 passini
1066 2406 1114 2469 uel
1137 2409 1238 2468 neutri
1261 2415 1311 2469 aut
1331 2408 1423 2489 tlepo-

90 2509 238 2569 senentis.
283 2508 324 2566 Vt
345 2506 495 2576 tondeo,
519 2509 616 2569 actine
638 2515 668 2568 ει
690 2506 863 2568 neutraliter
885 2508 1050 2568 declinatur
1067 2517 1098 2569 ει
1112 2507 1231 2588 quando
1253 2512 1423 2571 accusatiuo

127 2609 275 2687 iungitur,
299 2610 428 2667 actiuum
451 2616 510 2677 εει,
534 2616 566 2669 ιιι
589 2608 717 2670 ‘tondeo
739 2617 767 2670 te
776 2612 796 2679 ’,
820 2609 938 2688 quando
961 2628 1034 2670 uero
1057 2608 1192 2671 absolute
1214 2610 1323 2672 dieitur
1345 2615 1422 2672 ‘ton-

127 2710 207 2780 deo’,
231 2718 369 2771 nentrum
394 2716 448 2769 est.
484 2708 624 2771 Tondeor
647 2711 784 2771 similiter
806 2712 923 2790 passiue
945 2720 975 2771 ει
997 2710 1181 2791 deponenter
1203 2712 1320 2782 elicitur,
1344 2719 1422 2774 ‘ton-

126 2813 201 2873 cieor
223 2830 239 2871 a
264 2813 305 2872 te'
328 2811 480 2888 passiuum
504 2819 562 2880 est,
585 2811 737 2873 ‘tondeor’
761 2830 834 2873 uero
863 2811 1025 2892 deponens.
1071 2811 1214 2875 Similiter
1236 2814 1303 2875 iauo
1326 2816 1422 2876 actiue

128 2923 157 2975 et
185 2913 360 2975 neutraliter
389 2921 419 2973 et
447 2913 532 2973 lauor
560 2913 676 2992 passine
700 2923 729 2974 et
757 2912 954 2994 deponenter.
999 2913 1051 2975 Est
1079 2916 1166 2976 etiam
1195 2914 1323 2977 duarum
1350 2934 1421 2978 con·
1525 2976 1532 2982 .

89 3034 114 3074 sa
128 3017 323 3094 iugationum,
346 3023 380 3074 ut
401 3013 469 3074 iauo
492 3012 567 3075 lauis
589 3022 619 3076 ει
640 3015 707 3076 lauo
730 3035 777 3084 as,
801 3016 854 3077 εειΙ
877 3014 944 3076 lano
968 3016 1013 3077 uis
1034 3015 1129 3086 ‘iaui’‚
1154 3016 1221 3078 lauo
1245 3037 1317 3080 uero
1340 3018 1423 3081 ianas

129 3115 141 3198 li
153 3112 235 3198 1814!
253 3116 372 3177 ‘lauaui’
390 3117 459 3177 lacit
474 3118 683 3196 praeteritum
706 3118 792 3179 iauor
807 3117 916 3180 lauaris
931 3117 1035 3178 ‘lotus’
1058 3118 1130 3179 iacit
1151 3122 1355 3198 praeteritum,
1379 3122 1423 3181 sic

127 3225 157 3278 et
179 3226 288 3282 cetera.
332 3217 500 3288 Tantaleo,
524 3217 647 3299 capillos
669 3221 687 3280 i·
711 3218 825 3288 incido;
855 3220 982 3298 punio,
1010 3221 1030 3280 i·
1053 3219 1160 3281 damno
1188 3221 1321 3292 uindioo;
1345 3238 1524 3287 mu-aao,1o

127 3338 231 3390 nero,
262 3337 384 3381 munera
416 3319 470 3390 do;
506 3321 665 3399 partior,
697 3322 724 3381 i·
753 3321 870 3388 diuido;
906 3319 1082 3401 populor,
1114 3320 1254 3388 deuasto;
1290 3340 1422 3383 assen-

128 3423 216 3489 tior,
245 3424 413 3491 consentio;
443 3420 592 3490 adulor,
621 3422 697 3483 laiso
724 3421 827 3491 laucio;
855 3438 1033 3499 auguror,
1064 3422 1176 3482 diuino.
1220 3422 1300 3483 ilaec
1322 3425 1421 3485 omnia

87 3523 234 3583 aoincerti
262 3524 382 3600 generis
410 3529 479 3584 sunt
506 3523 584 3584 inter
611 3524 743 3584 actiuum
772 3530 802 3583 ει
829 3530 984 3590 neutrum,
1018 3523 1171 3601 passiuum
1201 3533 1230 3584 ει
1258 3523 1421 3603 deponens.

127 3623 307 3703 Tempora
335 3625 638 3705 participiorum,
661 3641 804 3704 praesens
826 3621 981 3693 uidelicet,
1005 3631 1036 3685 ut
1059 3623 1199 3695 tondens,
1222 3628 1419 3705 praeteritum
1432 3642 1482 3691 aas,
1496 3644 1523 3682 ao

126 3732 248 3795 tonsus,
272 3727 405 3786 loturum
428 3724 596 3786 tondendus
618 3726 666 3787 uei
688 3734 843 3796 tonsurus,
874 3727 917 3786 sic
939 3726 976 3786 cle
998 3724 1129 3805 reliquis.
1174 3726 1298 3789 ‘Paene'
1321 3736 1420 3790 antem
1434 3744 1520 3794 aean

125 3826 199 3888 dixit
227 3835 350 3907 propter
377 3828 565 3906 participium
594 3826 684 3888 loturi
713 3828 870 3906 temporis,
900 3827 978 3907 quod
1007 3827 1066 3888 exit
1086 3829 1118 3889 in
1142 3827 1207 3889 dus.
1229 3863 1273 3876 -
1294 3830 1420 3893 ‘ileaio’
1434 3843 1562 3896 ecam

127 3930 299 4007 ‘requaeso’
324 3928 424 3990 dicere
446 3947 505 3989 non
528 3937 624 4008 potes.

196 4236 227 4285 10
245 4233 399 4283 medicorate
486 4235 515 4282 ii
535 4233 583 4283 edo
601 4233 662 4284 iacit
735 4236 767 4285 15
784 4179 969 4299 monosyttalffil
1056 4234 1089 4284 Ὦ
1108 4233 1213 4286 tondeor
1231 4246 1317 4287 antam
1334 4238 1420 4304 passi-

125 4316 186 4350 unm
272 4304 304 4352 32
323 4317 388 4366 pene
473 4304 506 4353 33
524 4301 602 4351 iieaio
620 4299 681 4366 eta]
706 4302 846 4366 Exponam
863 4305 985 4352 lemmatis
999 4319 1027 4367 p.
1047 4305 1111 4368 383,
1129 4300 1176 4352 22:
1204 4313 1266 4354 sunt
1282 4320 1348 4368 quae
1366 4320 1416 4355 non

125 4384 280 4434 possumus,
298 4379 326 4418 ut
342 4370 384 4419 aio
402 4384 499 4432 quaeso

196 4656 225 4703 il
247 4655 337 4706 Gioeco
354 4656 450 4706 codicia
467 4655 645 4720 Bemener'as.
666 4656 715 4708 tot
732 4673 812 4723 mara.
830 4660 894 4712 sirm
929 4658 1031 4708 Parcior
1052 4660 1171 4710 similiter
1193 4660 1359 4723 inaequaliter
1376 4661 1420 4711 de·

125 4721 232 4773 clinatur
250 4735 275 4772 et
298 4723 358 4773 iacit
379 4725 544 4790 praeteritum
570 4741 664 4791 passus
686 4740 744 4775 sum
767 4737 792 4775 et
814 4740 865 4775 non
887 4725 951 4776 iacit
972 4742 1071 4792 pansus
1092 4728 1251 4778 differentiae
1273 4743 1364 4788 causa,
1387 4745 1419 4779 ue

125 4792 242 4840 uideatur
267 4792 324 4841 eius
350 4793 512 4859 participium
538 4793 702 4854 femininum,
732 4793 802 4856 quod
824 4806 863 4844 est
884 4808 980 4862 pansa,
1007 4797 1142 4863 proprium
1168 4811 1274 4863 nomen,
1303 4796 1420 4850 uidelicet

124 4859 269 4910 cancellarii
286 4861 398 4927 Augusti
416 4858 535 4912 Caesaris
553 4863 598 4926 qul
614 4862 699 4912 Pansa
717 4862 864 4916 uocabatur.
