3382 5476
191 384 255 448 280
584 383 861 435 urrrsusumnu
880 382 1093 435 suuuouvu.

276 571 358 631 luter
379 568 491 649 pullum
515 578 545 630 et
568 573 686 648 nigrum
709 568 767 630 hoc
794 571 932 637 interest,
961 569 1042 648 quod
1070 568 1182 649 pullum
1210 567 1281 630 albo
1308 570 1498 632 contrarium

193 681 253 743 est,
277 674 393 751 nigrum
417 670 517 732 colore
540 672 709 752 accipimus.

277 775 357 835 Inter
379 780 462 852 putat
484 780 513 832 et
535 773 698 842 existimat,
727 772 864 849 opinatur
893 770 1056 833 arbitratur
1084 773 1252 852 suspiratur
1275 770 1334 834 hoc
1356 775 1495 844 interest,

192 877 269 957 quod
293 884 391 956 putat,
415 874 466 950 qui
488 873 620 943 dubitat,
644 874 807 942 existimat,
832 875 883 951 qui
906 870 971 953 †er
993 880 1109 934 litaturo
1132 891 1208 951 quae
1229 880 1295 935 acta
1317 882 1392 937 suut
1412 874 1494 945 dicit,

192 981 340 1057 opinatur,
364 977 415 1055 qui
437 974 571 1053 opinioni
594 983 644 1034 aut
666 993 737 1035 suae
761 982 811 1034 aut
832 973 954 1035 alterius
977 972 1087 1044 credit,
1111 973 1285 1044 arbitratur,
1308 976 1362 1053 qui
1384 975 1519 1038 dubites

193 1081 237 1138 rei
260 1080 349 1138 furem
371 1077 501 1155 inponit,
525 1076 702 1154 suspicetur,
725 1077 776 1156 qui
798 1075 919 1136 latentis
940 1076 985 1136 rei
1006 1076 1152 1155 prospicit
1173 1077 1309 1137 formam.

280 1178 358 1238 luter
380 1176 541 1256 prohibere
565 1184 594 1237 et
616 1176 753 1237 inhibere
776 1176 832 1236 lroc
854 1178 995 1246 interest,
1025 1176 1104 1257 quod
1132 1176 1297 1256 prohibere
1325 1185 1375 1237 est
1400 1195 1494 1257 porro

193 1279 314 1349 babere,
338 1277 473 1339 inhibere
497 1277 656 1346 uidicitur,
681 1288 710 1338 et
733 1278 812 1355 quod
835 1276 1028 1356 prohibemus
1048 1279 1130 1348 iure,
1154 1276 1327 1339 iuhibemus
1350 1278 1492 1359 imperio.

279 1381 359 1440 luter
382 1388 528 1440 ostentum
553 1389 582 1439 et
604 1377 771 1457 prodigium
794 1387 823 1439 et
847 1385 1010 1439 monstrum
1033 1378 1089 1440 hoc
1112 1380 1252 1450 interest,
1283 1378 1365 1456 quod
1388 1387 1492 1442 osteu-

194 1493 255 1543 tnm
278 1483 343 1541 sine
365 1499 491 1560 corpore
513 1479 608 1540 solido
632 1479 716 1540 nohis
738 1499 771 1539 se
793 1479 922 1540 ostendit
944 1481 976 1540 in
993 1479 1086 1541 oculis
1107 1490 1135 1540 et
1157 1479 1293 1551 auribus,
1316 1478 1492 1560 prodigium
1504 1500 1529 1539 u

195 1602 282 1654 uero,
306 1582 385 1662 quod
408 1580 509 1641 solidis
532 1581 707 1661 corporibus
730 1583 918 1660 prospicitur,
942 1589 975 1641 ut
997 1582 1028 1641 iu
1051 1578 1132 1641 caelo
1154 1588 1286 1642 cometes
1307 1578 1492 1643 stetissem

195 1694 281 1746 nocto
304 1685 368 1753 lus,
398 1684 428 1742 in
452 1682 499 1742 die
522 1683 676 1750 tenebram
707 1692 872 1744 monstrum
895 1701 967 1742 uero
997 1691 1132 1743 naturam
1154 1684 1302 1759 cognitam
1325 1682 1491 1761 egreditur,

196 1796 227 1846 ut
248 1802 374 1865 serpeus
395 1803 462 1844 cum
485 1783 610 1861 pedibus
633 1792 682 1844 arnt
705 1803 772 1843 cum
795 1792 933 1863 ‹prraltuor
956 1783 1020 1843 alie.

279 1888 360 1948 luter
387 1887 571 1951 conticuere,
600 1883 767 1951 obticuere,
796 1888 944 1945 reticuere
967 1884 1023 1945 lroc
1046 1887 1181 1959 interest,
1210 1885 1291 1966 quod
1318 1888 1371 1966 qui
1394 1890 1492 1949 couti·

195 1992 270 2056 cuit,
295 1987 423 2066 trudique
439 1985 587 2046 silentium
603 1987 758 2064 praestitit,
777 1992 808 2045 nt
822 1987 950 2064 antiqui:
975 1987 1178 2047 ‘conticuit
1201 1985 1349 2047 iaudent
1373 1989 1529 2050 iacto-1⁵

195 2108 263 2169 quc
292 2089 350 2149 hic
380 2087 454 2147 line
483 2088 651 2164 quicuit.’
696 2086 839 2157 Obticuit,
869 2089 921 2165 qui
949 2085 1059 2147 nullam
1088 2106 1172 2167 spent
1194 2087 1336 2168 loquendi
1359 2088 1491 2168 reliquit,

196 2191 329 2259 reticuit,
354 2192 404 2266 qui
427 2188 545 2249 silentio
568 2205 710 2267 responsa
733 2188 836 2247 liuiuit.

280 2293 359 2352 luter
387 2288 577 2370 sepulchrum
601 2288 746 2349 tumulum
769 2297 994 2349 mouumentum
1019 2288 1137 2350 bustum
1166 2289 1222 2351 hoc
1243 2291 1385 2367 interest,
1410 2293 1491 2372 quod

195 2393 387 2473 sepulchrum
420 2391 515 2460 locus,
549 2393 581 2450 iu
612 2408 671 2470 quo
700 2407 826 2469 corpora
854 2391 1038 2470 sepeliuntur
1066 2398 1096 2450 et
1122 2410 1138 2449 a
1165 2389 1338 2471 sepeliendo
1367 2391 1491 2464 dicitur,

197 2495 342 2564 tumulus,
369 2493 421 2573 qui
448 2494 564 2553 cineres
593 2494 678 2571 tegit,
713 2500 953 2559 mouumentum,
982 2491 1059 2570 quod
1088 2493 1246 2570 sepulchro
1274 2488 1530 2567 circumdatum

195 2598 305 2658 dictum
329 2614 345 2655 a
368 2593 593 2664 monitionibus,
618 2592 753 2663 bustum,
776 2596 806 2653 iu
829 2613 887 2673 quo
910 2611 976 2653 ossa
997 2602 1081 2662 sunt,
1104 2595 1187 2672 quasi
1210 2592 1299 2655 ‘bene
1321 2601 1448 2658 ustum’.

280 2697 359 2756 luter
389 2705 465 2754 astra
495 2703 524 2754 et
550 2694 645 2755 sidera
674 2695 731 2754 huc
758 2696 896 2763 interest,
932 2695 1010 2771 quod
1044 2702 1122 2754 astra
1151 2696 1216 2755 siue
1246 2694 1396 2757 sideribus
1425 2716 1492 2759 esse

195 2807 334 2876 possunt,
358 2797 455 2856 sidero
477 2797 542 2856 sine
565 2797 653 2856 astris
676 2814 735 2855 unu
757 2803 890 2875 possunt,
913 2797 981 2874 quia
1003 2801 1083 2855 astra
1105 2795 1161 2855 lixa
1184 2805 1253 2856 suut
1272 2797 1369 2873 caelo,
1391 2797 1494 2860 sidera

196 2908 365 2961 mouentur.

264 2998 360 3059 'luter
383 2998 520 3075 deripere
543 3004 571 3057 et
593 2996 723 3077 diripere
739 2997 795 3058 hoc
811 2999 951 3067 interest,
975 2996 1054 3076 quod
1070 2998 1222 3079 deripere,
1246 3017 1314 3060 cum
1335 3018 1378 3062 ex
1399 3016 1529 3083 supe-¹⁵

197 3103 276 3161 riore
299 3107 382 3175 parte
407 3101 437 3158 iu
459 3098 632 3159 inferiorem
656 3100 802 3178 rapimus,
826 3097 982 3177 diripimus
1005 3107 1120 3170 autem,
1144 3118 1212 3161 cum
1236 3101 1383 3163 laniamus
1405 3112 1437 3165 et
1459 3107 1491 3165 lu

196 3203 331 3261 diuersas
352 3207 452 3279 partes
475 3198 647 3259 diducimus

280 3304 361 3364 luter
377 3320 495 3362 causam
512 3311 541 3361 ct
557 3303 701 3361 rationem
719 3301 774 3362 hoc
790 3304 922 3372 interest,
939 3301 1017 3382 quod
1034 3321 1120 3364 causa
1136 3304 1241 3365 multas
1257 3303 1346 3365 habet
1361 3309 1489 3386 species,

197 3406 271 3465 ratio
293 3404 483 3484 paucissimas
498 3399 512 3486 ΙΙ
527 3402 547 3463 l.
567 3399 640 3464 115²
657 3401 669 3485 ll
685 3411 714 3463 ct
736 3403 815 3481 quod
839 3407 915 3464 ratio
939 3405 1074 3474 efficitur,
1098 3424 1185 3466 causa
1208 3404 1403 3469 desideratur.

201 3575 421 3583 .-—.———

264 3693 394 3758 lpullum
413 3692 603 3757 -accipimus
624 3692 840 3756 Gotbofredusp.
860 3694 911 3742 103
979 3692 1153 3741 3rxestimat
1203 3693 1290 3743 iterest
1358 3696 1488 3745 dexesti·

195 3772 248 3810 met
265 3763 309 3822 qui
327 3776 359 3808 ex
379 3772 504 3820 maturum
524 3771 614 3808 exacta
630 3772 698 3809 sunt.
735 3761 788 3809 Pro
806 3774 839 3808 ex
857 3770 956 3807 maturo
973 3759 1088 3821 fortusse
1111 3760 1299 3810 existimatione
1320 3762 1488 3814 scribendum.

194 3834 211 3881 t>
230 3829 351 3893 opinione
368 3838 412 3876 aut
430 3841 484 3875 sum
552 3827 623 3888 quod
639 3828 723 3875 dubim
743 3838 815 3891 putot
831 3828 875 3889 qui
894 3826 992 3875 dubitet
1009 3828 1139 3876 existimat
1156 3829 1199 3890 qui
1217 3843 1250 3877 ex
1267 3828 1403 3880 immaturo
1421 3846 1489 3893 quse

195 3910 252 3946 actu
269 3906 329 3944 sunt
347 3921 378 3930 -
397 3895 506 3959 inponit,
525 3895 671 3959 suspicatur
688 3895 732 3956 qui
751 3896 868 3943 latentem
887 3895 922 3941 rei
941 3895 1065 3958 prospicit
1082 3893 1188 3944 iormem
1203 3896 1376 3955 Gothosredus
1386 3913 1413 3962 p.
1425 3901 1488 3961 103,

195 3967 230 4027 rs.
247 3964 323 4028 Ileiff.
342 3981 369 4027 p.
387 3965 438 4012 287
506 3964 587 4027 ipro
605 3961 697 4010 babere
765 3961 915 4012 Sinhihere
934 3962 964 4009 lll
983 3962 1076 4010 dicitur
1128 3964 1249 4013 inibimus
1300 3964 1438 4028 prohibere
1455 3991 1488 4002 -

195 4032 309 4081 inhibere
327 4034 426 4080 uidetur
443 4030 513 4092 quod
531 4056 564 4065 —
582 4031 688 4094 imperio
709 4030 881 4091 Gothosredus
897 4031 996 4092 11103,
1014 4030 1048 4090 cs.
1059 4031 1135 4096 Reiff.
1151 4046 1178 4094 p.
1191 4032 1242 4081 287
1311 4033 1343 4082 10
1360 4033 1387 4080 iu
1406 4033 1488 4083 oculis

195 4101 299 4149 uersibus
370 4101 399 4147 11
419 4098 517 4147 comitis
588 4101 618 4146 12
637 4098 737 4146 tenebre
783 4097 912 4160 cognitum
927 4108 1052 4144 ostentum
1071 4100 1127 4147 siue
1138 4112 1246 4162 corpore
1257 4098 1368 4147 solidum
1382 4101 1488 4151 uouisse

196 4178 306 4216 ostentat
323 4179 347 4215 ct
366 4167 444 4215 oculis
463 4178 487 4214 et
505 4166 609 4215 nuribus
627 4192 661 4200 -
679 4166 703 4213 in
722 4164 791 4214 coelo
809 4164 909 4211 comitis
927 4163 1001 4213 stelle
1020 4190 1051 4199 -
1069 4167 1179 4215 interdiu
1197 4166 1323 4229 tenebrae,
1342 4178 1487 4217 monstrum

197 4250 256 4283 nero
275 4246 363 4283 contre
381 4247 496 4283 naturum
514 4234 744 4298 cognitum—elis
765 4232 936 4292 (ictlrofredns
952 4249 980 4296 p.
991 4234 1052 4295 103,
1071 4234 1105 4295 cs.
1124 4234 1198 4298 lielff.
1216 4236 1304 4296 11281
1374 4236 1406 4286 15
1423 4249 1487 4286 con-

197 4299 278 4367 ticuit]
303 4302 380 4366 Ver-p.
398 4304 464 4352 Aen.
483 4301 536 4350 III
553 4304 601 4351 ris
653 4300 747 4362 luctoq;
766 4300 806 4349 bic
824 4300 900 4347 linem
972 4300 1002 4348 10
1021 4299 1123 4362 loqued‘t
1204 4304 1235 4352 tt
1254 4302 1297 4365 qui
1315 4303 1436 4353 couticuit
1454 4330 1487 4339 -

195 4371 281 4418 liuiuit
300 4369 471 4430 Gotlrosredus
487 4386 514 4431 p.
533 4371 585 4417 103
656 4371 687 4419 18
705 4368 866 4432 sepulcbrnm
953 4369 984 4417 19
1001 4370 1158 4433 sepeliuntur
1176 4380 1219 4418 nut
1236 4369 1384 4433 sepeliendo
1453 4372 1488 4422 10

195 4439 239 4497 qni
259 4446 285 4484 ut
302 4438 398 4485 cineres
417 4437 493 4499 tergit
560 4438 591 4484 ‘21
610 4437 728 4498 quamsi
780 4435 943 4500 sepulchrum
961 4437 1164 4500 —sepelinntur
1181 4450 1196 4484 u
1213 4436 1360 4501 sepeliendo
1380 4463 1412 4473 κ
1430 4453 1474 4487 mo

196 4505 333 4552 timentum
352 4503 421 4564 quod
439 4502 601 4567 sepulchrum
623 4505 793 4552 circumdatur
810 4528 844 4538 -
863 4514 946 4551 ustum
966 4503 1139 4566 Gotbnsredns
1155 4521 1182 4568 p.
1199 4506 1251 4554 103
1352 4505 1385 4554 211
1406 4520 1487 4567 quam

196 4582 264 4619 nstra
316 4582 384 4620 estre
401 4572 457 4620 siue
474 4570 567 4631 sydera
584 4586 641 4620 esse
660 4582 769 4635 possunt
787 4571 844 4632 quie
863 4581 932 4620 astra
951 4570 1001 4618 lixe
1014 4596 1048 4605 -
1060 4583 1194 4621 mouentur
1213 4571 1385 4633 Gotbosredrrr
1395 4589 1422 4637 p.
1434 4575 1487 4623 103

195 4640 228 4688 25
246 4653 302 4686 cum
322 4639 453 4703 superiore
522 4638 555 4687 26
572 4638 707 4702 diripimus
727 4642 742 4690 li
809 4640 842 4687 tr
861 4637 1009 4686 deducimus
1062 4639 1128 4687 luter
1144 4640 1255 4704 diripere
1266 4640 1419 4704 etderipere
1437 4641 1487 4690 lroo

196 4707 312 4770 interest,
335 4708 404 4767 qrrorl
427 4705 575 4768 diripimus,
598 4720 655 4753 cnm
678 4722 710 4754 ex
733 4706 866 4771 superiore
884 4716 955 4770 parte
973 4733 1005 4741 -
1023 4707 1164 4772 deripimus
1182 4720 1265 4755 teretem
1283 4708 1485 4757 -deducimus

197 4773 368 4834 Gotlrosrrdns
384 4792 410 4838 p.
421 4777 472 4824 103
540 4775 573 4823 ⁶28
592 4773 658 4821 luter
674 4771 738 4825 crissi
787 4775 882 4838 spctics
929 4775 962 4823 29
974 4774 1140 4824 desiderentur.
1158 4790 1232 4826 orcus
1250 4775 1342 4824 dieitur
1358 4775 1394 4824 itu
1412 4775 1484 4835 illud,

195 4841 231 4904 cf.
250 4845 379 4908 repercutis
430 4857 507 4891 cattsn
527 4867 559 4876 -
576 4842 736 4891 desideretur
755 4842 925 4905 liotbnsrerlrnr
941 4858 968 4906 p.
990 4845 1037 4892 101
