3382 5476
200 364 242 431 94
710 364 779 418 aas
798 363 974 419 mnarum

200 554 368 617 famulabus
397 562 519 635 propter
547 554 744 615 differentiam
778 562 882 615 contra
910 553 960 616 illa
988 557 1108 617 nomina
1136 550 1310 626 masculina,
1346 571 1363 615 a
1390 552 1500 634 quihus

199 661 351 727 oriuntur,
381 676 456 737 quae
478 664 547 718 sunt
569 656 716 717 secundae
738 655 957 726 declinationis,
987 657 1044 718 hoc
1073 665 1118 719 est
1140 658 1259 720 nomina
1287 657 1361 720 deus
1380 660 1500 721 animus

199 762 276 822 filius
309 758 407 820 mulus
440 776 533 836 equus
565 775 650 818 ursus
684 757 821 820 famulus.
874 757 945 819 ltem
974 761 1098 840 septima
1134 760 1249 840 species
1276 769 1322 822 ost
1349 763 1497 824 annueris

199 864 313 943 primae
341 859 562 922 declinationis:
597 861 717 921 nomina
740 861 769 920 in
798 878 814 920 a
843 859 1023 931 desinentia,
1052 879 1128 939 quac
1155 862 1326 939 genetiuum
1354 866 1386 924 in
1413 882 1447 925 as
1466 871 1499 923 ει

199 965 330 1026 datiuum
359 965 389 1022 in
420 964 448 1021 ai
471 962 632 1021 terminant
658 960 820 1022 secundum
844 963 1027 1023 Graecorum
1050 980 1178 1032 morem,
1206 970 1239 1024 ιιι
1266 962 1342 1024 haec
1363 962 1522 1025 custodias

199 1066 286 1127 buius
309 1062 459 1125 custodias
487 1062 556 1123 huic
579 1061 737 1132 custodial,
768 1063 843 1123 hacc
865 1064 975 1124 familia
998 1063 1085 1126 huius
1108 1064 1235 1126 familias
1264 1063 1334 1126 huic
1355 1064 1495 1127 familiai:

199 1165 268 1227 hinc
284 1167 391 1244 legitur
405 1166 436 1226 in
453 1162 656 1243 euangelio
677 1150 841 1224 secnndu'm
857 1183 943 1225 usum
959 1167 1165 1245 antiquorum:
1188 1165 1225 1225 Si
1246 1169 1367 1229 sciret
1388 1176 1496 1248 pater

198 1267 383 1344 familias,
416 1285 484 1346 qua
515 1265 607 1326 hora
640 1266 698 1326 fur
730 1267 881 1327 rteniret
912 1275 942 1327 ει
975 1266 1097 1346 reliqua.
1153 1268 1375 1329 Priscianus
1406 1267 1493 1329 alut:

199 1369 334 1431 ‘Veteres
357 1367 494 1428 dicebant
516 1367 641 1429 familias
663 1386 718 1446 pro
741 1366 870 1428 familiae
893 1377 923 1429 ει
945 1377 1041 1430 ιειιεε
1062 1388 1118 1448 pro
1140 1378 1253 1439 terrae,
1283 1370 1418 1431 fortunus
1440 1386 1495 1449 pro

199 1472 359 1532 fortunae'.
404 1469 549 1530 Ennius
571 1468 664 1528 dixit:
688 1468 758 1529 dux
786 1470 868 1548 ipse
895 1473 974 1532 uias
996 1491 1051 1551 pro
1073 1473 1149 1532 niae.
1186 1471 1385 1549 Pompeius
1407 1469 1531 1531 diclttro

197 1571 369 1634 Familias
403 1571 603 1650 genetiuns
636 1569 846 1647 singularis
880 1574 1058 1652 antiquus
1088 1582 1160 1641 est:
1196 1570 1294 1652 apud
1327 1572 1495 1633 maiores

199 1683 348 1735 nostros
370 1676 467 1733 enim
491 1671 671 1752 pleraque
695 1673 839 1731 nomina
863 1672 904 1732 ad
928 1676 1038 1734 ritum
1055 1674 1236 1735 Graecum
1253 1670 1492 1734 declinaban-

198 1784 266 1835 tnr.
312 1775 497 1837 Habemus
524 1771 617 1852 apud
654 1771 876 1833 Salustium:
914 1773 1108 1836 thesauros
1136 1774 1333 1837 custodias
1359 1775 1493 1853 regias.

197 1877 246 1936 Sic
268 1877 347 1936 enim
361 1874 524 1935 secundum
538 1876 681 1934 Graecam
699 1872 927 1935 (inclinationem
942 1877 1052 1938 dicitur
1066 1876 1126 1956 τῆς
1137 1876 1296 1945 custodias,
1312 1875 1373 1955 τῆς
1387 1876 1495 1954 regias,

197 1977 255 2056 τῆς
277 1977 384 2044 Musas,
407 1976 466 2054 τῆς
488 1974 610 2048 tabulas,
634 1973 690 2035 hoc
706 1984 751 2034 εει
766 1975 853 2035 Ιιιιίιιε
874 1978 1024 2039 custodiae
1047 1977 1135 2039 huius
1150 1979 1250 2055 regiae
1273 1976 1361 2038 huius
1376 1975 1496 2039 fabulae
1509 1993 1535 2033 ιι

197 2079 286 2139 ludus
301 2077 415 2143 Musae:
439 2078 482 2136 sic
505 2078 593 2136 ctiam
617 2075 689 2135 hacc
712 2076 821 2141 familia
844 2078 927 2138 addis
940 2098 956 2139 s
971 2080 1007 2140 ad
1023 2082 1110 2139 istum
1131 2079 1345 2140 nominatiuum
1368 2087 1399 2139 et
1419 2080 1495 2140 inci·

197 2183 261 2260 pies
283 2180 382 2240 facere
405 2176 545 2245 familias;
570 2187 599 2238 ot
622 2177 758 2238 neforle
781 2178 861 2238 dieas
884 2185 959 2240 ‘nnn
983 2189 1029 2241 εει
1050 2181 1208 2259 genetiuns
1229 2182 1300 2251 istc,
1328 2183 1384 2241 red
1404 2179 1497 2241 dehet

197 2301 263 2343 esse
286 2281 474 2342 accusatiuus
495 2279 641 2358 pluralis’,
666 2297 721 2357 ego
743 2279 811 2340 dico
832 2280 886 2341 tibi
911 2300 969 2342 non
992 2301 1057 2342 esse
1080 2283 1291 2352 accusatihmn,
1309 2282 1361 2342 sed
1378 2291 1495 2345 tantum

197 2385 285 2445 modo
308 2384 487 2462 genetiuum.
540 2381 613 2441 Nam
636 2379 744 2441 licebat
771 2382 931 2442 maioribus
953 2385 1063 2443 nostris
1084 2385 1141 2443 ista
1164 2384 1281 2445 nomina
1305 2384 1419 2463 primae
1441 2383 1495 2445 de-

197 2487 366 2547 clinationis
390 2486 477 2544 etiam
501 2484 614 2545 Graeca
637 2481 832 2543 declinatione
856 2485 977 2553 efferre,
1002 2493 1034 2544 ut
1056 2485 1171 2546 lrabetis
1193 2487 1224 2545 in
1247 2485 1392 2547 Salustio:
1414 2484 1495 2547 ‘thc·
1509 2487 1536 2528 ²⁰

196 2607 301 2649 sauros
324 2586 474 2648 custodias
497 2586 621 2662 regias’,
650 2603 704 2663 pro
729 2603 763 2644 eo
786 2584 863 2664 quod
888 2595 933 2645 est
955 2585 1107 2647 custodiae
1129 2586 1239 2663 regiae.
1285 2587 1373 2648 Pater
1393 2595 1494 2649 autern

196 2691 397 2750 nominatiuus
420 2693 473 2754 est,
498 2685 623 2746 familias
646 2692 744 2744 aufem
767 2695 812 2746 est
834 2685 993 2764 singularis
1012 2689 1129 2748 numeri
1152 2688 1308 2766 genetinus
1330 2698 1360 2749 ct
1374 2691 1420 2750 sic
1441 2687 1495 2749 dc·

195 2792 323 2852 clinatnr
346 2808 400 2869 per
423 2805 526 2847 onmes
549 2805 650 2847 casus:
684 2787 732 2846 hic
753 2795 838 2865 pater
860 2785 999 2858 familias,
1029 2788 1117 2849 liuius
1139 2791 1233 2869 patris
1254 2787 1404 2861 familias,¹
1425 2790 1496 2852 huic

195 2892 272 2972 patri
295 2888 428 2956 familias,
452 2887 532 2947 liunc
555 2895 667 2965 patrem
692 2886 834 2961 familias,
858 2908 875 2948 o
897 2899 982 2968 pater
1005 2889 1137 2960 familias,
1161 2891 1198 2952 ab
1220 2891 1278 2951 hoc
1299 2897 1385 2971 patre
1405 2892 1495 2953 fami·

196 2995 249 3054 lias
272 3000 302 3051 ct
323 2987 477 3069 pluraliter
500 2987 529 3046 hi
553 2995 653 3064 patres
676 2987 815 3056 familias,
840 2989 945 3065 horum
968 2999 1084 3069 patrum
1112 2992 1254 3062 familias,
1285 2992 1330 3053 his
1357 2994 1536 3072 patribus*⁶

195 3091 339 3161 familias,
372 3089 425 3149 hos
447 3087 708 3168 patresfamilias,
739 3099 880 3169 opatrcs
902 3091 1041 3163 familias,
1071 3091 1108 3153 ab
1130 3093 1175 3153 his
1199 3092 1334 3173 patribus
1355 3093 1494 3157 familias.

196 3195 274 3255 ilaec
304 3202 402 3254 autem
432 3192 549 3251 nomina
579 3191 721 3251 feminina
748 3193 862 3270 prirnac
884 3193 1091 3255 declinationis
1113 3197 1143 3255 in
1167 3215 1182 3255 a
1207 3195 1387 3265 desinentia,
1416 3214 1495 3275 quae

194 3296 365 3374 genetiuum
395 3302 424 3354 et
445 3292 577 3352 datiuum
606 3293 637 3352 in
660 3311 695 3352 ae
717 3292 921 3373 diphthongon
951 3298 1125 3366 terminant,
1156 3297 1232 3375 apud
1261 3305 1379 3358 ueteres
1400 3314 1495 3376 gene·

196 3402 289 3459 tinum
308 3406 337 3457 ct
352 3395 485 3456 «latinum
502 3396 532 3454 in
548 3395 575 3454 ai
591 3393 760 3463 mittebaut;
785 3395 854 3457 inde
870 3397 899 3457 in
916 3397 1073 3476 Virgilio
1089 3398 1213 3476 legitur:
1238 3396 1312 3460 Olli
1333 3417 1495 3478 respon·

194 3501 251 3560 dit
283 3519 348 3560 rex
380 3496 486 3558 athai
520 3496 660 3574 Longai
798 3497 895 3559 aulai
930 3499 1048 3560 urredio
1071 3545 1179 3560 .....
1209 3502 1324 3580 pictai
1359 3503 1538 3564 uestisae

194 3602 265 3662 lude
288 3601 513 3662 Priscianus
536 3598 623 3658 dixit:
649 3599 779 3661 ‘ueteres
802 3600 1004 3661 horitanornm
1026 3608 1132 3680 poetae
1155 3603 1184 3661 in
1206 3601 1348 3679 genetiuo
1375 3600 1494 3682 primae

195 3702 399 3763 declinationis
422 3701 593 3778 frequenter
616 3700 791 3762 diuisionem
815 3711 846 3763 ει
866 3702 1043 3763 solutionem
1067 3703 1241 3782 diphthongi
1264 3701 1429 3775 faciehant,
1459 3714 1496 3765 ut

263 3888 362 3937 liliam
415 3887 561 3936 2secundn
613 3887 728 3937 3rualns
789 3889 952 3952 bgre⁰orum
1004 3888 1096 3939 bituric
1114 3889 1231 3938 custodia
1283 3886 1492 3956 feuangelium]

195 3955 328 4008 Luc.XII
346 3957 380 4005 39
432 3956 512 4017 8qni
531 3955 593 4003 horu
640 3951 798 4018 Priscianus]
816 3959 852 4018 cs.
874 3956 889 4004 I
905 3959 1097 4021 p.fflf,7aep.
1167 3960 1280 4007 litorea·
1314 3957 1432 4007 fortunas
1444 3972 1494 4023 pro

192 4026 310 4073 furtunae
364 4025 395 4072 10
414 4019 524 4088 Ennius]
545 4024 628 4073 Prisc:
647 4026 663 4071 f.
682 4026 699 4071 f.
716 4038 744 4086 p.
765 4026 858 4083 1911
910 4021 999 4088 Pomp]
1018 4027 1052 4086 ef.
1070 4025 1247 4088 p.180‚31f,
1319 4029 1349 4074 ll
1368 4027 1494 4088 antiquos

194 4094 225 4142 13
244 4096 288 4157 ap’
307 4091 426 4140 sulutinm
446 4091 582 4141 thesaurus
640 4091 708 4154 regis
762 4092 793 4138 14
812 4090 854 4138 Sic
872 4094 938 4140 cuim
958 4089 1017 4155 etc]
1037 4093 1072 4154 rs.
1082 4093 1171 4156 Pomp.
1182 4109 1208 4156 p.
1221 4095 1368 4158 ffddaep.
1416 4092 1493 4145 decis

192 4161 284 4208 dicitur
302 4159 367 4218 thes,
385 4175 486 4224 seraper
537 4159 593 4207 thes
612 4158 691 4221 regi⁰s
761 4159 793 4206 16
811 4158 885 4207 addis
904 4160 936 4207 nd
954 4162 1005 4208 ista
1093 4163 1122 4210 l‘f
1142 4161 1187 4209 sed
1205 4176 1252 4213 om.
1273 4176 1331 4210 esse
1348 4159 1381 4209 ad
1458 4162 1493 4212 18

192 4230 275 4293 prima
337 4230 371 4277 20
389 4242 490 4291 grecum
509 4226 582 4276 decla
636 4225 770 4273 tiresanrus
839 4229 870 4274 21
882 4229 961 4292 regi¹s
1008 4226 1124 4276 custodia
1177 4226 1240 4276 Nam
1260 4227 1491 4295 licebat-regiae]

192 4297 281 4361 Pomp.
298 4313 324 4359 p.
344 4299 405 4354 180,
425 4297 525 4345 16-18
594 4293 667 4340 Pater
685 4304 768 4341 utitem
788 4291 847 4340 unm
862 4292 885 4343 iia
902 4294 1011 4344 familias
1030 4295 1078 4344 hoc
1096 4306 1136 4344 est
1153 4297 1206 4360 regi
1226 4293 1285 4345 notia
1300 4297 1323 4345 si
1341 4299 1492 4361 gernetiuuna

191 4365 224 4413 ut
241 4365 274 4412 ah
292 4364 368 4412 huius
455 4362 488 4411 25
506 4360 541 4408 hii
594 4360 683 4409 horum
703 4371 801 4425 putrem
886 4365 920 4412 2⁷
938 4363 1032 4412 femina
1050 4364 1133 4428 prima
1207 4365 1240 4414 ‘28
1258 4365 1283 4412 iu
1302 4380 1316 4413 ε
1333 4365 1490 4431 dyptougon

190 4434 224 4481 29
242 4433 267 4479 in
286 4430 408 4495 Virgilio:
427 4428 475 4476 fllli
494 4425 554 4491 eto]
576 4428 634 4477 Noa
651 4437 690 4478 eet
702 4428 823 4491 Vergilii,
842 4433 890 4481 ced
906 4431 997 4493 Ennii,
1016 4431 1050 4492 cf.
1072 4427 1183 4497 [Sergii]
1203 4434 1336 4495 explorant.
1356 4435 1382 4482 ia
1394 4433 1491 4486 Donat.

190 4516 216 4563 p.
231 4501 319 4558 ,ιι-Η
339 4498 366 4545 K
433 4494 576 4546 soalibui
595 4495 741 4560 longolin
760 4497 845 4545 medio
864 4501 956 4548 freso-is
975 4499 1069 4563 pictnui
1120 4499 1188 4547 auleti
1207 4496 1303 4563 aredio]
1328 4500 1489 4563 Venefica.

191 4566 314 4615 111351
366 4563 442 4628 pictai
462 4560 554 4626 uestis]
578 4564 656 4628 Verp·
675 4566 742 4613 Aen.
765 4563 910 4616 7111126
994 4564 1490 4632 31Priscianus]ef.1p.2ef,2o:

191 4634 241 4681 nisi
252 4632 348 4682 diuisio
362 4632 405 4680 hut
423 4632 448 4680 in
468 4634 587 4695 genetiuo
606 4633 714 4696 poetici,
733 4648 784 4693 quun
802 4632 946 4694 frequenter
964 4646 1060 4685 ueteres
1075 4635 1246 4684 liornnnorunr
1267 4649 1356 4699 poetae
1375 4649 1489 4693 intuuntur,

194 4703 286 4749 hertoni
305 4713 329 4750 et
341 4699 464 4750 hrtchisui
484 4711 508 4747 et
526 4700 602 4764 pictai
621 4711 646 4748 et
663 4701 729 4748 altini
749 4715 795 4764 pro
815 4704 915 4754 hertone
933 4716 978 4756 ero,
998 4703 1120 4752 diceutes.
1157 4705 1242 4766 Saepe
1261 4707 1325 4753 enim
1343 4721 1392 4754 raon
1410 4704 1491 4755 :rerba

192 4772 318 4830 durioris,
338 4771 382 4834 qui
398 4768 526 4825 lucidulam
550 4770 619 4830 ipsa,
643 4769 691 4817 sed
707 4777 751 4817 auf
769 4781 917 4837 excerptum
934 4781 977 4823 unt
996 4773 1139 4821 araiucranm
1157 4772 1256 4821 laudati
1272 4774 1323 4822 foci
1337 4777 1490 4823 seutentiam

190 4837 262 4899 aepru'
279 4839 321 4885 r'ffo
340 4838 423 4886 ‘elicit'
441 4838 606 4900 aiqraifienfur.
660 4848 716 4900 pete
785 4840 817 4886 3⁶2
835 4839 975 4906 elppd'ongi
