3382 5476
575 392 613 442 IN
632 390 717 444 DON.
736 391 1007 442 nnunnutsuvnt.
1366 385 1430 452 269

140 583 224 660 sequi
247 579 371 647 debent,
396 587 627 659 anteponuntur.
672 577 821 639 Interea
843 596 951 656 roges
974 579 1122 655 ingenti
1145 576 1239 637 mole
1261 575 1524 647 Latinnspeor,
1540 595 1563 634 n

140 682 333 760 ‘Qnarlriiugo
357 682 474 742 uehitur
496 699 602 747 curru.
633 681 679 740 cni
701 691 835 759 tempora
859 682 972 739 circum
995 681 1098 738 durati
1128 677 1174 739 bis
1202 697 1252 739 sex
1276 679 1352 740 radii
1374 679 1429 739 iul-

138 786 237 861 gentia
261 785 399 861 iungunt,
423 781 499 842 Solis
521 783 569 842 aui
591 784 757 860 specimon;
787 780 862 859 bigis
885 782 907 840 it
929 780 1047 841 Turnus
1068 781 1099 839 in
1121 779 1210 850 alhis,
1240 780 1313 841 Bina
1341 799 1429 842 mauu

140 886 199 946 lato
228 889 361 965 crispans
388 882 504 944 hastilia
532 884 622 943 lerro.
667 883 742 943 llinc
763 890 848 962 pater
874 885 1002 951 Aeneas,
1031 881 1180 942 Romanae
1207 882 1309 961 stirpis
1336 882 1428 962 origo,

113 989 263 1049 nSidereo
291 989 418 1064 llagrans
445 985 540 1065 clipeo
570 994 599 1044 et
626 983 803 1044 caelestihns
831 985 921 1044 armis
948 983 984 1043 Et
1010 985 1091 1044 iuxta
1119 986 1276 1053 Ascanius,
1306 1001 1429 1063 magnae

138 1109 208 1170 spes
230 1088 321 1149 altera
345 1089 470 1157 llomae,
494 1086 663 1147 Procedunt
684 1087 813 1145 eastris!
856 1084 996 1146 l’rimitus
1017 1084 1168 1146 debuisset
1189 1086 1289 1147 dicere
1312 1090 1429 1166 ‘proce-

140 1191 235 1260 dunt’,
259 1190 294 1250 ad
318 1188 454 1249 ultimum
471 1207 543 1249 uero
559 1188 679 1265 ‘reges’,
696 1188 758 1256 sed,
775 1207 842 1247 cum
858 1189 1026 1267 anteposuit
1041 1186 1129 1260 illud,
1152 1187 1230 1265 quod
1247 1197 1292 1249 ost
1307 1190 1429 1267 ‘reges’,

141 1293 211 1354 lecit
238 1291 399 1372 prolepsin,
449 1290 511 1350 lloc
541 1289 721 1367 Virgilius
754 1290 826 1349 dicit
858 1289 895 1349 de
922 1288 1058 1366 regibus,
1092 1289 1196 1350 Latino
1229 1289 1368 1350 uidelicet
1400 1299 1430 1350 et

140 1395 242 1454 Turno
271 1400 357 1471 atque
385 1397 499 1460 herren,
528 1392 576 1469 qui
600 1390 636 1450 ad
659 1390 763 1451 loedus
785 1391 953 1451 iaciendum
978 1400 1130 1452 rrerrerant.

102 1511 127 1549 ιο
224 1495 379 1572 Zeugma
403 1499 499 1572 potest
519 1493 577 1552 dici
600 1493 785 1562 coniunctio,
809 1494 877 1573 quia
899 1490 1003 1571 ζεύγω
1020 1494 1131 1554 Graece
1153 1496 1301 1571 coniunge
1322 1495 1430 1554 dicitur
1443 1525 1465 1564 p.
1479 1513 1524 1560 sor,
1540 1514 1564 1552 rs

143 1598 252 1658 latine.
297 1592 483 1657 Clausulis
505 1593 706 1663 sententiolis;
736 1602 835 1673 apto,
864 1613 1008 1673 congrum
1038 1598 1253 1665 coniuncta,
1283 1594 1428 1675 copulata.
1446 1615 1565 1667 pastu

141 1700 243 1760 luter
250 1716 337 1778 pres
360 1696 484 1756 diuum
506 1697 718 1774 interpretator
740 1695 874 1757 deorum.
906 1694 980 1756 lllud
996 1696 1132 1766 ueritum,
1149 1697 1227 1776 qnod
1244 1706 1289 1759 est
1303 1699 1430 1765 ‘sentis’,
1445 1728 1467 1767 p.
1480 1716 1525 1762 eor,
1541 1715 1563 1754 u

141 1820 229 1861 ernam
253 1816 401 1879 quamque
423 1796 629 1859 sententiolam
653 1797 764 1859 claudit
787 1801 840 1859 ita:
865 1798 901 1859 ‘0
917 1798 1099 1876 Troiugena,
1121 1799 1269 1879 interpres
1291 1800 1394 1861 diuum
1409 1803 1428 1860 i·

140 1906 351 1979 interpretator
371 1900 510 1968 deorum,
539 1901 590 1979 qui
614 1901 734 1960 rruurina
757 1899 869 1960 Phoebi
892 1903 985 1961 sentis
1007 1902 1026 1960 i·
1050 1901 1263 1962 diuinationem
1286 1902 1431 1982 Apollinis

103 2020 126 2059 ro
140 2005 289 2082 intelligis,
306 2005 357 2083 qui
373 2002 504 2082 tripodas
519 2001 607 2062 Clarii
623 2000 721 2062 lauros
736 2003 851 2062 sentis'
881 2001 997 2063 Clarius
1012 2003 1109 2064 dictus
1125 2003 1283 2084 esutpotto.
1300 2005 1429 2084 eoquod

84 2105 90 2114 ’
138 2110 168 2168 in
192 2106 288 2166 Clario
316 2111 416 2165 monte
445 2105 499 2163 init
527 2105 665 2165 nutritus.
709 2104 818 2182 Tripus
846 2112 969 2166 uocatur
998 2124 1099 2166 mensa
1127 2105 1307 2185 Apollinisa
1336 2107 1431 2167 trihus

137 2208 265 2289 pedibus
287 2206 374 2267 dicta.
420 2206 534 2266 Laurus
556 2204 646 2266 arhor
666 2205 792 2285 Apollini
815 2214 986 2266 consecrata
1008 2215 1061 2268 est.
1107 2207 1158 2268 Est
1180 2204 1259 2268 enirn
1283 2208 1429 2288 quoddam

137 2327 231 2388 genus
251 2308 327 2368 lauri
359 2305 473 2367 habens
495 2316 555 2368 tros
579 2307 694 2367 radices
717 2308 746 2367 in
769 2306 877 2387 quibus
899 2307 1042 2370 diuinatio
1065 2311 1189 2387 capitur.
1235 2309 1314 2371 llaec
1337 2310 1428 2371 uerba

137 2411 268 2489 loquitur
283 2414 396 2470 Aeneas
419 2409 455 2468 ad
472 2407 483 2490 ΙΙ
500 2428 528 2487 p.
543 2405 607 2468 200
621 2405 633 2490 ΙΙ
649 2407 794 2469 llolenum
818 2421 916 2470 uatem
939 2410 1049 2470 Priami
1072 2410 1174 2472 lilium.
1212 2412 1280 2483 Qui
1303 2411 1428 2474 sidera

101 2515 261 2576 reseniis
284 2514 304 2571 i·
328 2512 430 2590 quiin
452 2508 599 2570 sideribus
621 2511 703 2589 capis
725 2510 951 2572 diuinationem.

222 2615 459 2695 llypozeuxis
481 2622 537 2673 est
559 2613 681 2690 ligura
703 2614 898 2692 superiori
920 2616 940 2673 i·
962 2632 1103 2692 zeugmae
1126 2618 1338 2686 contraria,
1361 2619 1562 2698 quincono

139 2737 260 2796 zeugma
284 2717 421 2795 superior
442 2715 535 2791 srgnra
558 2732 617 2774 nno
641 2714 735 2775 uerho
758 2713 866 2776 multas
889 2714 1035 2777 clausulas
1057 2719 1224 2795 coniungit.
1249 2718 1429 2799 hypozeuxis

139 2840 211 2882 uero
234 2818 358 2896 singulis
380 2814 520 2876 clausulis
543 2816 656 2894 singula
673 2815 763 2877 uerba
781 2818 944 2896 coniungit.
983 2819 1023 2879 Vt
1046 2835 1168 2895 regem
1191 2820 1270 2880 adit
1292 2828 1328 2881 ot
1349 2823 1428 2900 regi
1443 2852 1462 2891 p.
1477 2840 1522 2889 eor,
1536 2842 1559 2880 u

140 2930 319 2983 memorat
342 2936 551 2997 nomenque
573 2936 776 2998 genusque.
820 2919 863 2980 lle
884 2923 983 2980 Aenea
1007 2922 1036 2980 in
1053 2921 1209 2997 Virgilio
1233 2921 1289 2982 hoc
1310 2922 1427 3002 legitur,

101 3036 127 3076 rs
141 3027 191 3105 qui
216 3042 282 3085 cum
306 3022 486 3102 perrexisset
508 3019 543 3080 ad
566 3020 764 3083 Tarchontem
786 3040 902 3100 regem.
927 3031 958 3083 ut
980 3030 1095 3103 peteret
1116 3025 1143 3083 ci
1167 3023 1324 3094 auxilinm,
1353 3027 1428 3086 indi·

139 3128 218 3187 canit
241 3126 266 3185 ei
290 3142 399 3183 nomen
420 3140 506 3183 suum
530 3130 560 3183 et
581 3141 684 3200 genus.

223 3225 411 3305 Syllepsis
434 3231 490 3285 est
512 3224 755 3286 dissimilium
780 3226 1031 3288 clausularum
1056 3245 1120 3306 per
1144 3246 1253 3289 unum
1276 3229 1563 3302 uertentem

138 3329 398 3408 conglutinata
438 3328 463 3384 i·
495 3327 652 3389 coniuncta
691 3329 905 3406 conceptio,
941 3335 985 3387 ut
1019 3329 1089 3388 hio
1127 3332 1152 3389 i·
1182 3332 1213 3389 iu
1241 3329 1426 3409 Carthagine.
1443 3353 1562 3402 noenu

139 3432 245 3493 lilius
268 3433 288 3490 i·
311 3430 448 3499 lunonis;
480 3446 591 3496 arma,
615 3428 675 3487 hic
697 3446 830 3489 currus
853 3429 932 3488 luit.
969 3428 1032 3490 lloc
1048 3429 1233 3505 Virgilius
1256 3430 1293 3491 de
1314 3430 1428 3494 lunone

100 3534 219 3593 wdicit.
269 3529 432 3592 Dissimiles
467 3528 613 3589 clausulas
646 3535 734 3589 uocat
773 3529 932 3590 dissimiles
965 3548 1106 3591 numeros
1134 3533 1158 3590 i·
1187 3531 1369 3611 singularem
1398 3545 1428 3595 et

139 3635 300 3714 pluralem,
330 3634 379 3711 qui
410 3650 469 3691 rrno
498 3629 591 3690 uerbo
620 3630 853 3708 coniunguntur,
882 3639 915 3691 ut
937 3631 1003 3692 ‘hic
1025 3632 1102 3692 illius
1124 3651 1221 3702 arma,
1249 3632 1298 3695 hic
1321 3653 1427 3697 currus

139 3738 210 3798 luit'
234 3755 291 3796 uuo
315 3733 423 3801 uerbo,
448 3732 526 3810 (prod
549 3740 594 3792 est
616 3731 715 3800 ‘init'‚
746 3732 1066 3812 eoninngttphuatem
1089 3754 1246 3797 rturrrerum
1267 3737 1288 3795 i·
1311 3741 1427 3800 ‘arma'

139 3848 167 3900 et
194 3837 374 3916 singularem
403 3837 428 3895 i·
458 3836 609 3895 ‘currus’.
659 3834 721 3895 lloc
754 3841 852 3896 aulem
886 3837 1112 3908 attendendum,
1141 3840 1208 3916 quia
1236 3822 1362 3900 uerbum
1391 3840 1427 3900 ad

204 4122 405 4189 ltqundriiugo]
434 4124 512 4188 Verp.
530 4124 597 4176 Aen.
618 4123 677 4174 XII
696 4127 838 4174 idi-169
922 4126 1066 4192 3spceiem
1151 4128 1323 4193 8prolemsio
1410 4130 1427 4180 9

139 4211 228 4244 neruua
299 4197 330 4243 10
349 4209 430 4257 zengo
511 4193 641 4257 tenipus
728 4195 760 4243 18
777 4193 803 4242 in
821 4194 914 4256 quihus
932 4194 1057 4244 diuinatio
1075 4191 1186 4262 cupitur]
1205 4197 1240 4258 rs.
1259 4196 1375 4246 Sentium
1392 4199 1428 4247 ad

142 4266 221 4327 Verp.
235 4265 300 4315 Aen.
314 4261 366 4310 III
383 4265 448 4311 359:
467 4260 514 4308 Per
532 4258 641 4310 ‘lauros'
659 4271 743 4310 autem
762 4262 890 4310 oraculum
909 4261 1088 4327 intellegimus.
1159 4265 1190 4313 tn
1205 4264 1292 4314 Verhn
1304 4265 1426 4315 llelenum

139 4393 222 4431 reatem
239 4381 375 4445 putredine
392 4386 555 4430 enonuernnt.
610 4383 641 4430 21
662 4381 800 4445 ppozeosis
851 4397 956 4430 zeunme
1009 4383 1043 4432 22
1060 4397 1149 4432 zeumn
1200 4340 1287 4452 multip
1303 4342 1425 4451 clausulis

137 4454 170 4500 ‘ld
189 4462 325 4499 torrentem
394 4450 428 4497 27
446 4447 556 4498 silemsis
624 4450 658 4498 28
676 4450 701 4497 iu
719 4449 866 4514 clrnrtagioe

143 4582 366 4592 ..ψ-...-

138 4671 204 4717 euim
224 4670 307 4718 dicere
323 4670 445 4719 coruinuo
464 4671 549 4733 ‘reges
567 4669 664 4733 lugenti
682 4670 749 4720 mole
766 4670 908 4736 procedunt
925 4672 1037 4732 costris’‚
1061 4672 1153 4723 deinde
1172 4673 1311 4726 ‘Latinus’.
1346 4675 1424 4726 Cuius

139 4740 172 4786 rei
198 4738 343 4801 exemplum
367 4739 414 4786 hnc
437 4748 488 4788 est:
519 4736 657 4786 ‘Continuo
683 4753 757 4802 reges
780 4740 876 4803 ingenti
900 4739 966 4789 mole
988 4739 1094 4791 latinus
1116 4767 1149 4777 -
1171 4744 1311 4808 procedunt
1333 4747 1424 4795 castris

139 4822 253 4924 petroque
272 4808 296 4854 iu
318 4818 387 4856 {reste
404 4805 546 4855 sacerdos!
582 4805 648 4854 llaec
665 4805 727 4855 dicit
744 4807 776 4856 de
792 4819 918 4857 conuentu
937 4823 1024 4875 regum
1045 4808 1128 4860 {ratini
1146 4821 1170 4861 et
1186 4811 1264 4862 Turrri
1283 4815 1384 4864 Aeueee
1400 4825 1426 4864 et

162 4889 251 4923 scorrer.
