3382 5476
613 381 822 432 sennensis.
1324 382 1366 446 93

73 568 182 629 huius
205 575 239 628 et
260 570 348 629 huic
370 585 462 627 unae
485 574 519 626 et
540 565 720 628 similiter
749 566 849 628 ttllae
872 572 1005 630 nullae
1026 568 1128 629 solae
1149 578 1249 630 totae
1272 568 1369 631 aliae

38 683 40 686 ⁴
73 669 216 731 alterae
239 673 276 730 in
301 688 364 729 usu
394 671 610 749 antiquiore
640 671 859 730 inuenimus.
905 671 1049 731 Cicero:
1083 671 1160 731 Non
1189 689 1283 731 unae
1316 672 1370 730 rei

72 773 205 840 statui,
230 770 295 832 scd
318 770 701 832 omnibnsconstitui.
733 771 951 833 Terentius:
974 772 1048 832 lloc
1071 774 1151 851 ipsa
1174 775 1209 832 in
1226 773 1370 832 itinere

71 871 468 934 alteraedumnarrat.
500 871 610 932 ldem:
635 873 835 949 Numquam
853 872 1368 953 edepolquicqnamiamdin,

45 974 171 1052 equod
201 977 315 1052 magis
343 975 481 1036 uellem
511 976 666 1034 euenire
689 1019 696 1033 .
720 1021 727 1033 .
838 973 927 1034 mihi
956 972 1062 1035 solae
1090 959 1259 1035 ridiculo
1287 976 1367 1042 luit.

72 1093 165 1154 quae
199 1076 286 1154 quid
322 1078 476 1136 timeret
509 1073 681 1136 sciebam.
733 1074 934 1136 Caecilius:
974 1074 1107 1136 Nullae
1143 1077 1288 1137 nationi
1316 1084 1369 1136 tot

72 1185 198 1239 tantas
220 1188 288 1238 tam
312 1181 516 1239 continuas
538 1179 726 1239 uictorias
755 1184 825 1237 tam
850 1176 956 1237 breui
983 1179 1106 1256 spatio
1134 1177 1240 1238 datas
1267 1176 1367 1238 arbi-

71 1288 154 1340 tror
182 1298 285 1359 quam
315 1279 431 1343 nobis.
482 1280 582 1339 Tertia
611 1280 726 1356 species
755 1287 800 1339 est
827 1279 976 1341 contraria
1004 1280 1118 1357 primae
1145 1277 1367 1340 declinationis:

71 1379 237 1442 litterarum
267 1383 385 1441 nomina
415 1383 444 1440 in
474 1399 489 1439 a
513 1381 693 1450 desinentia,
723 1397 800 1458 quae
828 1398 887 1441 non
916 1388 986 1440 sunt
1006 1381 1121 1458 primae
1152 1369 1367 1450 declinationis,

32 1484 140 1561 roquia
169 1490 338 1561 monoptota
368 1492 435 1544 sunt
465 1492 494 1542 et
514 1480 742 1542 indeclinabilia.
786 1481 857 1541 lndc
881 1481 1098 1542 Priscianus
1126 1482 1213 1542 dicit:
1249 1482 1366 1542 Litte-

71 1602 194 1644 rarum
224 1585 370 1644 nomina
399 1581 691 1644 indeclinabilia
721 1590 806 1644 sunt
833 1591 903 1642 tam
933 1581 1027 1662 apud
1051 1583 1231 1652 Graecos,
1261 1602 1367 1662 quam

71 1685 167 1764 apud
189 1685 363 1752 Latinos,
388 1684 519 1746 utalia
544 1684 781 1763 betagamma
805 1682 915 1746 delta.
953 1685 1136 1762 Quamquam
1160 1694 1261 1745 contra
1278 1703 1367 1764 regu·

71 1787 129 1847 lam
145 1832 279 1847 ......
296 1788 333 1847 in
357 1786 499 1846 modum
523 1787 649 1847 deltae
672 1786 827 1847 litterae
849 1786 988 1846 cithara
1011 1786 1167 1847 formata
1191 1795 1255 1847 est.
1294 1787 1366 1848 ltem

71 1887 1367 1969 Sergiusdicit:[ligammosdictaeoquodcharactereinsexduabus

33 1990 221 2067 rsgammis
244 1990 302 2059 iit:
340 1997 370 2049 et
393 1989 642 2068 {lieronymus
663 1990 751 2052 dicit:
788 1991 987 2069 Hucusque
1016 1998 1197 2068 peretum
1222 1989 1366 2069 longam

69 2089 247 2159 diximus,
277 2109 373 2151 nrrnc
400 2110 464 2170 per
494 2109 510 2151 e
540 2090 690 2152 breuem
720 2092 895 2153 dicemus.
940 2091 1051 2161 Quarta
1079 2093 1195 2170 species
1223 2100 1269 2153 est
1296 2109 1366 2152 con·

69 2193 231 2254 trarietatis
254 2194 365 2272 primae
389 2192 611 2254 declinationis:
636 2195 755 2255 nomina
778 2194 894 2254 numeri
916 2195 947 2253 in
969 2212 984 2253 a
1006 2194 1184 2263 desinentia,
1208 2211 1284 2272 quae
1307 2213 1367 2255 nun

70 2304 140 2356 sunt
155 2296 269 2374 primae
284 2294 498 2364 declinationis,
516 2297 583 2372 qnia
602 2314 660 2356 non
678 2294 872 2365 declinantur,
886 2306 919 2356 ut
934 2297 1054 2374 triginta
1072 2295 1263 2374 quadraginta
1280 2298 1366 2375 quin·

70 2399 209 2477 quaginta
230 2398 381 2475 sexaginta
403 2399 549 2475 octoginta
566 2399 734 2476 nonaginta,
757 2398 794 2458 de
817 2397 924 2475 quibus
947 2397 1112 2457 [innatus
1133 2394 1220 2457 dicit:
1245 2397 1376 2457 Nomi-·

33 2513 113 2559 aona
136 2517 373 2560 numerorum
402 2517 418 2559 a
446 2507 622 2578 quattuor
645 2517 760 2578 usque
788 2498 831 2559 ad
854 2507 1001 2560 centurn
1023 2515 1093 2558 non
1115 2497 1368 2559 declinantur.

70 2600 155 2662 Nam
172 2599 213 2661 ab
228 2619 299 2661 uno
320 2619 433 2679 nsque
449 2600 488 2661 ad
505 2609 583 2661 tres
599 2619 664 2679 per
680 2618 809 2662 omnes
824 2618 933 2662 casus
948 2600 1095 2661 numeri
1117 2597 1365 2660 declinantur.

70 2701 161 2762 ltem
184 2720 200 2761 a
223 2701 398 2763 ducentis
421 2710 455 2761 et
483 2701 663 2782 deinceps
691 2712 842 2782 praeter
870 2701 985 2763 mille.
1005 2757 1008 2760 ,
1030 2700 1102 2761 ltem
1125 2702 1227 2780 quinta
1249 2702 1367 2780 species

70 2814 118 2866 est
138 2807 285 2865 contraria
309 2807 421 2884 primae
442 2804 661 2865 declinationis:
690 2807 810 2865 nomina
834 2803 993 2872 llebraica,
1024 2819 1100 2880 quae
1130 2804 1312 2863 nominatiuo
1338 2810 1368 2862 et

49 2909 239 2969 tflCCUSdhlUO
261 2916 290 2967 et
314 2908 449 2966 uocatiuo
473 2914 502 2966 et
524 2904 653 2966 ablatiuo
677 2908 706 2965 in
728 2924 775 2967 am
798 2907 1004 2976 terminantur,
1028 2913 1061 2966 nt
1083 2904 1243 2966 bleldam
1267 2912 1299 2966 et
1319 2903 1368 2964 bic

33 3006 217 3070 nlbrabam
247 3015 276 3069 et
303 3008 382 3068 bunc
409 3006 500 3068 adam
529 3016 558 3068 et
586 3008 664 3069 hunc
692 3008 840 3089 hbrabam
869 3016 899 3069 et
921 3028 938 3069 o
961 3007 1052 3068 Adam
1076 3015 1106 3069 et
1128 3027 1145 3068 o
1166 3005 1315 3069 Abrabam
1338 3015 1367 3067 ct

70 3109 109 3170 ab
135 3110 193 3171 boc
214 3109 305 3171 attam
338 3117 367 3168 et
394 3109 430 3170 ab
460 3109 516 3169 hoc
538 3109 696 3170 Abraham.
741 3107 799 3171 Sed
828 3108 895 3170 ideo
923 3111 1037 3188 primae
1064 3107 1270 3171 declinationis
1297 3118 1366 3171 sunt

71 3220 193 3291 propter
215 3215 384 3289 genetinum
408 3220 437 3271 et
457 3211 589 3272 datiuum
606 3214 636 3273 in
652 3231 687 3273 ae
702 3210 908 3291 diphthongon
923 3211 1104 3281 desinentes,
1127 3221 1160 3273 ut
1175 3210 1263 3272 huius
1276 3212 1365 3282 Adae.

71 3311 157 3375 huius
179 3312 315 3374 Abrabae
340 3313 407 3372 buic
422 3313 502 3372 aldae
525 3312 594 3373 buic
615 3313 762 3374 Abrabae.
799 3312 873 3375 ltem
895 3321 975 3374 sexta
998 3315 1113 3391 species
1136 3324 1181 3374 est
1203 3314 1366 3374 contrarie·

70 3416 140 3475 tatis
167 3416 281 3495 primae
310 3414 532 3475 declinationis:
566 3416 686 3476 nomina
713 3414 834 3476 mobilia
861 3415 1004 3475 feminina
1031 3416 1062 3474 in
1085 3433 1101 3475 a
1124 3414 1304 3483 desinentia,
1334 3424 1367 3476 ut

34 3531 59 3571 to
72 3516 126 3577 dea
142 3518 239 3577 anima
255 3515 314 3576 lilia
338 3515 414 3576 mula
431 3535 504 3594 equa
527 3534 594 3577 ursa
611 3516 727 3586 lamnia,
751 3534 827 3596 quae
842 3523 1000 3595 propterea
1017 3518 1164 3578 contraria
1210 3515 1258 3577 iol.
1274 3513 1334 3577 95·
1351 3515 1364 3597 ll

71 3619 209 3680 dicuntur
232 3619 345 3697 primae
368 3615 590 3686 declinationis,
613 3606 680 3697 quia
704 3617 834 3678 datiuum
858 3624 888 3678 et
907 3616 1068 3679 ablatiuum
1090 3616 1234 3697 pluralem
1258 3621 1289 3679 in
1312 3617 1367 3678 bus

70 3723 245 3787 terminant:
267 3721 379 3782 iaciunt
394 3722 476 3781 enim
492 3719 605 3781 deabus
624 3718 780 3781 animabus
802 3718 917 3781 liliabus
938 3718 1075 3781 mulabus
1095 3717 1227 3797 equabus
1241 3718 1367 3780 ursabus

137 3872 256 3922 lnnllae
273 3890 320 3923 om.
372 3872 448 3921 altere
466 3872 544 3921 altere
612 3868 747 3938 PCicero]
766 3873 800 3935 cs.
815 3873 964 3922 Priscianus
981 3875 1031 3925 bl.
1086 3871 1255 3923 3terrentlus
1273 3871 1322 3922 hoc
1339 3874 1364 3921 in

69 3939 170 4006 ipsein
188 3941 296 4004 itenere,
315 3956 383 3990 corr.
402 3941 490 3989 itinere
548 3939 626 4005 altere
644 3954 691 4004 pro
710 3940 801 4007 altere,
820 3943 962 3992 eorm-ri
1048 3941 1192 4006 aquisque
1210 3940 1252 4012 iau
1270 3939 1365 4003 diuque

69 4041 85 4090 5
101 4044 205 4092 euenire
223 4040 284 4090 mibi
303 4037 370 4105 sole]
390 4042 430 4090 lle
441 4044 534 4092 lacuna
551 4042 587 4103 cf.
601 4043 686 4095 Prisc.
699 4041 716 4090 Ι
731 4059 759 4107 p.
772 4044 855 4105 198,1
923 4044 940 4092 6
958 4042 1062 4099 cecilius
1081 4042 1148 4092 nulle
1166 4015 1277 4106 ualidae,
1295 4059 1365 4096 corr.

70 4109 96 4158 ni
163 4111 247 4170 aque
266 4109 340 4158 uobis
404 4109 728 4174 illitterarttm-primae
746 4109 924 4159 declinationis
941 4125 1078 4173 perperam
1096 4114 1191 4160 iterata
1206 4120 1266 4163 aunt
1334 4113 1366 4160 10

70 4174 227 4240 Priscianus]
247 4178 287 4226 De
306 4179 402 4227 minine
420 4186 468 4226 ete.
485 4195 511 4241 p.
523 4181 586 4239 113,
599 4180 632 4225 21
703 4179 733 4226 12
752 4178 845 4226 latinus
888 4178 958 4241 apud
976 4176 1083 4226 Latinos
1102 4189 1127 4226 et
1145 4190 1232 4229 neutra
1250 4179 1364 4233 Kotes:

68 4246 116 4295 aed
131 4256 157 4293 et
174 4258 264 4293 neutra
281 4251 306 4293 et
324 4247 350 4294 in
367 4246 423 4294 cod.
443 4245 524 4294 Bern.
542 4248 596 4295 432
614 4246 745 4295 omittitur.
815 4246 877 4295 Post
899 4255 987 4294 contra
1008 4244 1124 4310 regulam
1146 4249 1259 4298 auctoris
1277 4261 1364 4295 nomen

69 4314 241 4373 desideratur,
259 4329 295 4362 eae
312 4314 381 4362 cuiue
398 4329 477 4376 opere
495 4312 577 4362 deltae
593 4315 705 4378 penetiui
720 4316 860 4377 exemplum
879 4314 1053 4377 depromptum
1070 4321 1109 4363 est
1166 4316 1198 4365 13
1217 4317 1242 4364 in
1261 4314 1363 4362 modom

70 4379 110 4429 nel
125 4380 159 4430 de
176 4379 259 4429 littere
276 4380 382 4429 citthara
470 4384 501 4431 14
518 4380 646 4446 seregins]
666 4382 706 4430 De
722 4383 811 4432 littero
825 4398 853 4446 p.
872 4383 931 4444 476,
942 4384 975 4431 15
992 4381 1029 4431 K.
1080 4382 1232 4445 degammus
1250 4380 1317 4431 delta
1334 4395 1364 4428 eo

69 4447 139 4509 qnod
155 4459 268 4496 caracter
337 4450 369 4497 15
386 4450 420 4497 sit
437 4448 597 4499 hieronimus
666 4451 697 4500 16
714 4451 905 4499 contrarietates
992 4452 1022 4499 17
1040 4449 1194 4498 declinamur
1264 4451 1295 4500 19
1312 4447 1365 4497 Do-

69 4513 156 4580 nams]
174 4532 202 4580 p.
221 4518 281 4578 377,
300 4518 348 4565 26:
366 4516 398 4564 dc
416 4532 466 4578 qua
484 4516 567 4565 forma
585 4527 645 4567 sunt
663 4519 739 4567 etiam
758 4519 861 4567 nomina
878 4530 1042 4565 numerorum
1061 4532 1075 4565 a
1094 4527 1215 4579 quattuor
1232 4531 1314 4579 usqne
1331 4517 1364 4565 ad

67 4595 182 4633 centnm:
203 4597 260 4630 nam
279 4584 310 4632 ab
329 4598 380 4632 nno
399 4595 445 4632 etc.
516 4587 549 4634 20
567 4601 581 4632 a
599 4596 701 4634 centnm
786 4589 817 4636 21
836 4584 924 4643 Ιιιιιιιο,
942 4600 1010 4634 corr.
1030 4585 1098 4633 huno
1183 4587 1217 4634 22
1235 4596 1260 4634 et
1275 4586 1364 4649 inceps

67 4651 248 4715 attenuatione
299 4651 401 4717 qbraica
469 4653 503 4702 24
519 4652 603 4701 ablato
681 4654 847 4704 sauronam
900 4654 915 4700 ό
967 4665 991 4702 et
1008 4652 1040 4701 ab
1059 4650 1088 4702 ho
1173 4655 1207 4703 26
1225 4650 1363 4701 habraham

67 4720 100 4768 21
118 4720 144 4768 ἰιι
163 4735 178 4768 e
195 4718 345 4783 dyptongon
364 4719 505 4769 disinentes
573 4722 606 4770 28
624 4720 702 4771 huius
719 4721 773 4787 aclq
823 4719 883 4768 huic
900 4719 1029 4770 habrahae
1075 4722 1278 4779 contrarietates,
1291 4736 1361 4771 corr.

66 4787 113 4836 ·tia
165 4787 200 4835 29
217 4786 319 4834 mobilia
336 4786 485 4836 lettrininina
539 4791 572 4838 30
589 4789 637 4837 den
656 4790 750 4846 omnia,
767 4790 802 4849 cs.
813 4789 884 4850 infra
896 4791 948 4838 ³2:
965 4789 1061 4839 deabus
1079 4790 1221 4852 animabus,
1239 4796 1265 4839 et
1280 4805 1362 4855 porro

67 4870 94 4920 p.
113 4856 202 4917 ⁹⁴2²?
220 4853 402 4918 deuslauimns
453 4854 519 4903 mala
587 4858 620 4906 32
640 4859 805 4908 terminantur
856 4857 989 4907 ertintabns
