3382 5476
206 372 267 436 144
623 370 744 427 sanan
760 373 1028 427 EXPOSITIONES

287 561 445 623 Praeterea
468 580 557 622 omue
579 580 686 623 nomen
710 569 761 622 aut
782 563 936 642 proprium
960 569 1007 623 est
1028 570 1079 623 aut
1100 559 1323 642 appellaliuum.
1362 563 1505 643 Singulo-

202 682 269 724 rum
298 663 452 724 hominum
485 665 656 742 proprium;
693 662 887 743 appellatiua,
916 682 992 742 quae
1025 662 1187 724 multarum
1208 680 1327 735 reram,
1357 672 1391 726 nt
1413 663 1507 728 arbor

203 764 309 827 domus
330 763 474 844 templum
497 772 527 825 et
548 764 613 825 alia.
658 764 737 843 Ergo
760 784 814 826 uos
836 764 977 826 (locemus
999 773 1029 825 ct
1050 767 1080 825 in
1103 764 1160 825 lrac
1181 764 1364 837 delinitione,
1387 764 1503 827 nullum

203 885 266 929 csse
288 885 411 936 nomen,
436 868 485 926 cui
508 864 582 927 lraec
603 884 663 928 uon
685 868 741 928 tria
765 866 917 940 accidunt,
939 877 981 949 ‚ut
1002 884 1103 928 casum
1127 864 1249 936 haben,
1272 873 1302 929 ct
1323 875 1374 928 aut
1395 886 1504 947 corpo·

202 967 263 1029 rale
291 969 329 1028 sit
358 976 408 1028 aut
434 968 634 1047 incorporale,
663 975 692 1028 et
719 975 769 1028 ant
797 970 949 1048 proprium
979 969 1016 1028 sit
1043 975 1093 1028 ant
1120 965 1348 1048 appellatiutrm,
1376 976 1528 1050 utpotae

201 1069 343 1131 Achilles:
374 1087 443 1129 ecce
470 1068 561 1129 habet
588 1086 689 1130 casum
711 1079 742 1129 et
764 1069 882 1130 uidetur
910 1076 941 1129 et
962 1070 1093 1146 tangitur
1119 1087 1216 1145 neque
1242 1067 1421 1141 multorum,
1447 1072 1505 1133 reu

200 1173 387 1245 scapularum
410 1171 563 1249 proprium
586 1178 641 1231 est.

286 1272 405 1332 Nomini
427 1281 498 1349 quot
521 1271 673 1347 accidunt,
701 1271 779 1331 illest
800 1290 855 1351 per
877 1278 950 1349 quot
970 1279 1071 1350 partes
1093 1289 1203 1332 nomen
1224 1271 1392 1334 indicaturi
1428 1272 1502 1335 Pro·

202 1375 265 1453 pric
288 1372 415 1434 dicimus
436 1373 572 1433 accidere
594 1371 658 1441 illa.
683 1390 757 1450 quae
779 1372 815 1432 acl
838 1380 996 1433 tractatum
1019 1374 1185 1451 pertinent,
1208 1372 1285 1434 idest
1306 1382 1409 1455 partes
1431 1393 1500 1437 sex:

200 1494 254 1554 per
282 1473 454 1555 qualitatem
477 1492 532 1553 per
560 1475 803 1554 conparationem
831 1491 884 1552 per
912 1490 1007 1551 genus
1034 1492 1089 1554 per
1118 1491 1274 1537 numerum
1296 1494 1353 1557 per
1373 1477 1538 1555 figuramur

201 1595 254 1655 per
277 1595 387 1638 casum.
432 1574 562 1646 Qualitas
585 1584 644 1643 est,
676 1592 752 1653 quae
775 1572 902 1635 ostendit
932 1593 1056 1644 nomen,
1087 1584 1186 1637 utrum
1208 1578 1363 1658 proprium
1387 1596 1426 1639 au
1448 1596 1502 1659 ap-

201 1678 387 1758 pellatiuum;
420 1675 498 1737 aliucl
528 1674 687 1737 nonlicet.
733 1676 764 1736 si
787 1675 824 1736 do
842 1677 983 1756 proprio,
1013 1677 1087 1737 liunt
1108 1685 1210 1756 partes
1233 1685 1387 1756 quattuor,
1411 1688 1442 1741 et
1463 1679 1502 1741 (le

202 1779 380 1859 appellatiuo
403 1779 475 1837 liunt
497 1785 597 1855 partes
617 1776 731 1837 xxvii.

286 1880 477 1958 Conparatiui
499 1877 609 1956 gradus
630 1888 701 1939 sunt
723 1876 773 1938 lll:
798 1879 942 1957 positiuus
965 1881 1178 1958 conparatiuus
1199 1879 1411 1960 superlatiuus.
1442 1883 1501 1945 Po·

200 1983 321 2050 sitiuus,
345 1990 377 2040 ut
399 1979 516 2047 doctus;
541 1981 766 2058 conparatluus,
791 1988 823 2039 ut
845 1979 975 2048 doctior;
999 1980 1214 2059 superlatiuuS,
1237 1987 1271 2042 ut
1292 1981 1497 2047 doctissimus.
1511 1996 1536 2037 1⁵

201 2085 251 2144 lsti
274 2092 344 2144 sunt
366 2080 474 2160 gradus
496 2081 730 2159 conparationis,
755 2079 806 2140 sed
831 2082 976 2158 positiuus
999 2083 1096 2141 uarias
1118 2078 1173 2163 lrall
1190 2077 1304 2141 r.141³
1321 2080 1388 2165 libet
1409 2100 1499 2162 regu·

200 2186 256 2246 las:
281 2184 382 2244 autin
406 2198 440 2241 us
462 2182 535 2252 exit,
560 2189 593 2243 ut
613 2180 731 2249 eloctum
756 2182 816 2241 exit
830 2183 859 2241 in
876 2201 907 2250 a,
933 2190 963 2242 nt
978 2182 1078 2251 docta:
1103 2183 1163 2242 exit
1177 2184 1207 2242 in
1223 2201 1290 2252 nm,
1314 2191 1347 2243 ut
1361 2182 1500 2254 doctum

200 2288 261 2346 exit
283 2288 313 2347 in
336 2287 376 2354 is,
405 2291 437 2345 ut
460 2282 579 2351 docilis;
610 2284 668 2344 exit
690 2284 719 2342 in
744 2300 775 2350 e,
808 2291 840 2342 nt
861 2283 973 2352 docile;
1004 2286 1063 2344 exit
1085 2285 1115 2344 in
1138 2301 1207 2356 ans,
1237 2292 1270 2344 ut
1291 2301 1410 2353 amanam
1438 2286 1501 2347 exit

200 2386 228 2447 in
245 2405 288 2455 cr,
312 2394 343 2446 ut
357 2386 441 2465 piger
464 2386 558 2464 niger.
602 2384 704 2445 Varias
727 2382 845 2461 regulas
867 2392 896 2451 et
918 2383 1025 2446 multas
1048 2383 1147 2446 habet
1186 2383 1404 2464 Couparatiuus
1424 2384 1500 2447 alnas

199 2496 311 2549 tantum
339 2486 457 2565 regulas
484 2484 589 2547 habet:
624 2487 685 2546 exit
711 2487 741 2546 in
765 2503 800 2545 or
823 2493 852 2544 et
875 2494 919 2547 est
946 2487 1112 2547 communis
1139 2486 1274 2564 generis,
1302 2495 1336 2546 ut
1362 2484 1538 2557 doctior;ao

199 2592 259 2649 exit
280 2592 312 2650 in
334 2591 379 2649 ius
402 2596 432 2647 et
453 2595 497 2647 est
519 2588 618 2648 neutri
645 2587 777 2665 generis,
808 2595 840 2646 ut
862 2586 977 2648 doctius
1005 2586 1115 2648 clarius
1137 2585 1311 2649 mirabilius.
1356 2586 1500 2668 Superla·

199 2693 276 2751 tinus
299 2709 371 2751 nero
393 2687 432 2749 lll
454 2687 544 2750 habet
564 2687 699 2766 regulas:
728 2694 777 2748 ant
799 2688 829 2746 in
853 2705 887 2746 us
910 2689 983 2756 exit,
1008 2697 1040 2749 nt
1060 2687 1264 2757 doctissimum
1287 2690 1390 2750 autin
1415 2708 1442 2760 a,
1465 2700 1501 2751 nt

199 2793 381 2858 doctissima;
405 2791 508 2850 autin
531 2808 594 2860 um,
618 2797 651 2850 nt
673 2789 886 2850 doctissimum.

282 2893 365 2963 Quae
392 2893 510 2952 uomina
539 2891 757 2970 conparantur?
799 2888 1000 2968 Appellatiua,
1035 2891 1102 2970 quia
1131 2893 1251 2972 propria
1281 2909 1340 2953 nou
1368 2900 1500 2972 possunt

198 2992 356 3073 conparari
379 3009 433 3050 nec
456 2989 633 3071 appellatina
656 2993 763 3051 omnia.
801 2989 866 3052 Non
889 2992 967 3051 enirn
990 3009 1146 3071 possumus
1169 2993 1269 3054 dicere
1291 2992 1383 3055 arhor
1406 2993 1539 3057 arbo-aa

197 3098 259 3155 rior
282 3093 486 3159 arborissima,
509 3091 598 3151 homo
621 3091 778 3152 homouior
800 3091 1040 3153 homonissimns.
1085 3092 1163 3171 Ergo
1178 3093 1306 3157 uiolanda
1322 3103 1401 3165 sunt,
1418 3114 1499 3178 qnae

197 3197 347 3275 recipiunt
380 3195 630 3273 conparationem.
675 3192 757 3264 Quae
794 3195 961 3272 significant
997 3194 1167 3273 qualitatem
1202 3204 1252 3257 aut
1285 3199 1496 3277 quantitatem.

197 3298 292 3371 Quot?
336 3293 481 3365 Quattuor
512 3304 580 3356 sunt
610 3297 727 3375 species
760 3305 889 3366 tantum,
924 3314 999 3375 quae
1032 3293 1203 3372 qualitatem
1236 3304 1266 3358 ct
1298 3299 1498 3378 quantitatem

196 3401 375 3479 significant,
406 3417 442 3459 ex
471 3397 579 3475 quibus
607 3404 668 3458 tres
695 3398 845 3475 qualitatis
868 3404 898 3459 et
919 3415 977 3458 una
1001 3399 1183 3477 quantitatis.
1229 3398 1394 3470 (lumitate
1421 3418 1499 3481 ergo

195 3504 310 3580 specics
332 3518 408 3580 quae
430 3501 516 3560 suutl
559 3499 603 3561 nb
625 3501 724 3560 animo
746 3519 762 3560 a
786 3516 911 3577 corpore
935 3500 1128 3559 extrinsecus.
1173 3498 1280 3561 Omnia
1302 3502 1392 3568 enim,
1417 3521 1497 3583 quae
1511 3521 1540 3561 aa

195 3602 233 3663 ab
256 3604 356 3664 auimo
380 3600 546 3671 trahuntur,
575 3603 723 3680 recipiunt
745 3602 1001 3681 conparationem,
1032 3609 1064 3661 ut
1084 3598 1191 3661 stultus
1213 3600 1332 3662 stultior
1353 3600 1497 3666 stultissi-

195 3723 276 3771 nrns,
304 3704 423 3781 sapiens
446 3704 609 3781 sapientior
631 3703 874 3782 sapientissimus.
920 3702 1007 3772 item,
1036 3721 1111 3781 quac
1133 3721 1149 3762 a
1173 3721 1299 3783 corpore
1321 3713 1496 3779 sumuntur,

195 3805 342 3883 recipiunt
364 3805 618 3880 conparationem,
644 3813 675 3864 ut
697 3805 781 3883 niger
803 3806 918 3882 nigrior
941 3805 1140 3881 nigrissimus,
1170 3804 1313 3866 candidus
1335 3804 1496 3869 candidior

194 3904 429 3967 candidissimus

279 4010 361 4079 tluac
383 4008 569 4068 extrinsecus
591 4026 607 4067 a
630 4008 764 4074 lortuna,
789 4014 821 4067 ut
842 4014 892 4066 aut
914 4024 1028 4086 pauper
1049 4009 1087 4067 sit
1109 4016 1160 4068 aut
1182 4007 1266 4068 diues
1288 4016 1338 4069 aut
1359 4008 1493 4073 honora·
1507 4022 1536 4062 ³⁵

194 4118 252 4170 tus:
284 4118 313 4169 et
335 4110 391 4170 ista
420 4110 568 4189 recipiunt
596 4108 853 4188 conparationem,
884 4117 917 4168 ut
939 4107 1092 4169 mendicus
1115 4108 1281 4171 mendicior
1303 4110 1492 4173 mendicissi-

194 4230 274 4280 mus,
303 4210 464 4271 honoratus
485 4209 658 4272 honoratior
680 4210 941 4277 honoratissimus,
972 4210 1117 4272 honestus
1140 4210 1291 4272 honestior
1314 4210 1490 4276 honestissi-

192 4332 267 4373 mus.
313 4314 335 4373 Α
364 4313 525 4391 quantitate
554 4330 625 4390 ergo
652 4314 807 4391 speciosa
830 4328 984 4393 mensura:
1023 4311 1128 4391 longus
1156 4311 1234 4375 latus
1260 4312 1336 4375 altus
1363 4332 1488 4394 paruus.

192 4415 310 4493 Absque
333 4415 397 4475 istis
418 4412 472 4474 llll
494 4412 629 4491 partibus
651 4413 731 4474 nulla
754 4432 802 4473 res
825 4413 931 4492 recipit
952 4415 1204 4492 conparationem.

258 4602 376 4651 iterum
394 4599 484 4648 addidi
551 4598 727 4650 adiflnirione
794 4597 892 4648 4l1aec
911 4612 961 4647 ιιοιι
980 4608 1030 4649 tres
1084 4598 1122 4665 ut]
1142 4611 1186 4650 aut
1237 4611 1261 4650 et
1278 4602 1370 4653 addidi
1403 4602 1489 4654 incor-

190 4669 278 4734 porale
296 4678 340 4717 aut
408 4666 529 4715 (iachilis
548 4665 589 4717 ete
640 4669 752 4734 tangitur
770 4666 907 4716 multorum
925 4681 987 4732 ergo
1006 4669 1138 4735 proprium
1157 4680 1196 4720 est
1246 4670 1351 4732 8quod
1368 4671 1489 4723 accidunt

192 4770 223 4818 16
241 4771 451 4834 conparationes,
469 4784 539 4821 corr.
556 4768 607 4817 -uis
676 4770 709 4819 20
726 4770 829 4820 comuni
897 4770 930 4818 24
948 4765 1021 4833 qula]
1045 4785 1110 4832 quae
1194 4773 1229 4822 25
1246 4771 1332 4821 artior
1349 4746 1487 4825 nruti'iima

190 4836 223 4885 28
241 4852 259 4904 q
278 4837 322 4886 llll
341 4849 401 4887 sarrit
468 4834 501 4885 29
519 4837 648 4899 qualitatis
666 4839 758 4888 addidi
824 4842 857 4889 36
876 4851 903 4888 ut
920 4837 1011 4887 arldr'ali
1077 4838 1213 4889 houerutus
