3382 5476
569 361 608 412 m
624 361 710 415 non.
728 359 856 413 nnnnu
873 361 1054 416 neronam.
1402 363 1466 428 333

171 551 331 628 significat,
353 549 373 608 i.
398 550 570 613 nouitatem.
614 549 774 627 Hucusque
796 549 834 610 de
856 549 1011 611 delectiuis
1033 550 1114 611 dixit.
1159 550 1244 611 Nunc
1264 551 1302 610 de
1322 551 1466 613 anomalis

172 654 190 712 i.
213 649 421 729 inaequalibus
444 652 610 729 exequitur.
654 637 764 712 Extra
798 651 891 712 lianc
923 652 1091 722 formam,
1115 653 1135 712 i.
1159 660 1241 713 cntra
1264 654 1391 715 sormam
1414 653 1568 716 detrun

171 753 366 821 lecticorum,
404 769 479 828 quae
507 753 537 812 in
565 754 785 831 comparatione
817 752 966 813 deliciunt.
1012 753 1104 813 Sunt
1132 752 1249 814 bonus
1277 761 1312 814 et
1334 754 1464 824 malus,

171 856 238 934 quia
261 873 315 935 per
345 871 447 914 ornnes
473 853 583 930 gradus
610 859 819 933 comparantur
841 861 871 913 et
893 862 974 914 cntra
998 855 1124 915 lormam
1152 865 1255 917 eorum
1278 863 1361 925 sunt,
1391 874 1466 934 quae

146 964 254 1018 erecte
288 962 513 1035 comparantur,
546 957 613 1035 quia
647 953 812 1016 anomalam
848 953 958 1016 habent
988 956 1251 1033 comparationem.
1302 956 1466 1026 Dicimus

172 1060 267 1119 euim
298 1056 416 1118 bonus
444 1055 576 1117 melior
604 1057 775 1136 optimus.
820 1055 995 1133 inaequales
1022 1056 1131 1134 gradus
1160 1055 1284 1128 habent,
1314 1060 1465 1137 quianon

170 1161 281 1221 iaciunt
304 1159 413 1219 ‘bonus
437 1141 767 1219 toniorbontsstnns’.
818 1158 1057 1238 Comparatio
1092 1159 1277 1220 nominum
1311 1161 1569 1240 propriosne

170 1263 208 1321 in
236 1262 492 1341 comparatino
516 1267 550 1318 ct
572 1258 816 1338 superlatino
845 1269 902 1319 est
938 1248 1155 1320 constituta.
1200 1259 1270 1321 ldeo
1297 1260 1355 1322 hoc
1384 1262 1465 1331 dicit,

171 1364 238 1442 ‹puia
268 1363 315 1422 isti
343 1350 551 1441 duo'proprie
579 1362 717 1423 dicuntur
745 1360 863 1440 gradus.
908 1360 981 1421 Nam
1010 1361 1158 1440 positiuus
1185 1379 1246 1422 non
1274 1370 1319 1423 est
1345 1362 1465 1442 gradus,

135 1475 159 1515 ¹⁰
172 1466 240 1542 quia
263 1463 414 1542 perlectus
437 1472 466 1522 et
488 1462 641 1524 absolutus
668 1470 727 1523 est:
756 1462 906 1541 perlectus
935 1469 994 1530 est,
1023 1463 1093 1541 quia
1120 1460 1227 1540 plenus
1248 1465 1279 1523 in
1303 1483 1335 1525 se
1358 1474 1465 1536 manet,

172 1563 338 1634 absolutus,
362 1567 431 1642 quia
455 1582 513 1625 non
537 1571 605 1643 eget
626 1562 682 1624 alia
705 1582 843 1642 persona.
886 1563 1112 1643 Comparatiuus
1136 1580 1208 1624 uero
1224 1573 1254 1626 et
1267 1565 1467 1644 superlatiuns

171 1668 356 1746 reciprocam
372 1683 529 1745 personam
546 1666 706 1742 inquirunt.
745 1665 862 1745 Saepe
885 1671 1006 1725 autern
1029 1667 1309 1745 comparatiuus
1331 1665 1567 1745 gradusarnn

172 1770 423 1847 praeponitur
451 1766 702 1845 super-latino,
731 1767 751 1826 i.
780 1765 847 1846 plus
873 1767 1035 1842 signifieat,
1068 1765 1146 1827 idest
1172 1786 1239 1828 cum
1267 1766 1467 1848 superlatiuus

172 1869 238 1949 plus
266 1868 390 1930 deberet
417 1868 599 1946 significare,
623 1875 764 1929 econtra
792 1868 1013 1946 comparatiuns
1041 1865 1199 1944 aliquando
1226 1867 1294 1949 plus
1323 1870 1467 1948 significat

133 1983 259 2048 taquam
282 1970 502 2049 superlatiuus,
526 1967 609 2029 uerbi
643 1970 751 2046 gratia:
790 1968 1037 2048 ‘sapientissimus
1064 1971 1243 2031 rusticorum
1276 1971 1394 2033 stultior
1423 1979 1477 2056 est⁴

171 2072 346 2134 stultissimo
373 2072 653 2150 grammaticorum’
681 2078 726 2130 et:
760 2070 917 2131 ‘minimus
949 2071 1101 2148 gigantum
1133 2072 1227 2132 maior
1261 2080 1308 2134 est
1339 2073 1466 2134 maximo

171 2171 391 2259 pumilionum',
414 2174 432 2233 i.
454 2190 611 2234 danorum.
657 2172 773 2251 Saepe
801 2170 913 2240 idem,
942 2189 966 2232 s.
991 2174 1226 2251 comparantium,
1255 2175 1374 2235 minus
1400 2191 1569 2253 po·eu.ae

134 2263 138 2271 ’
171 2276 289 2337 sitiuo
318 2274 534 2352 significat,
563 2275 582 2333 i.
606 2274 705 2335 minus
733 2273 879 2371 significat
906 2289 993 2350 quam
1016 2273 1079 2353 ipse
1101 2275 1253 2353 positinus
1299 2276 1340 2336 Vt
1368 2292 1568 2340 marearum

173 2376 368 2438 Ponticum
393 2374 542 2436 dulcius
563 2382 617 2437 est
639 2391 742 2452 quam
765 2382 901 2436 cetera.
947 2374 1028 2435 llere
1043 2374 1199 2437 Ponticum
1216 2375 1355 2438 dicitnra
1372 2377 1466 2438 Ponto

133 2494 160 2536 eo
174 2476 279 2541 insula.
324 2478 404 2538 lllare
426 2484 524 2537 autem
548 2493 652 2555 aquam
675 2494 805 2538 amaram
829 2474 904 2537 solet
927 2474 1053 2545 habere,
1082 2475 1134 2537 sed
1163 2476 1328 2538 hocmare
1351 2476 1467 2540 dulcius

173 2598 238 2641 csse
260 2578 386 2647 dicitur,
409 2580 428 2638 i.
453 2596 557 2657 parum
587 2576 687 2646 dulce,
717 2595 804 2655 qnam
833 2586 931 2638 cetera
955 2574 968 2658 il
987 2574 1048 2639 154
1066 2573 1095 2652 i,
1124 2579 1194 2657 quia
1222 2577 1313 2640 multa
1342 2578 1466 2641 llumina

172 2683 203 2741 in
218 2699 255 2742 eo
271 2679 394 2749 cadunt,
418 2698 493 2760 quae
509 2679 735 2740 amaritudinem
758 2677 836 2740 illins
859 2686 1035 2759 temperant.
1067 2678 1216 2741 ‘Dulcius’
1232 2681 1332 2757 itaque
1354 2682 1386 2741 in
1409 2679 1466 2741 hoo

172 2782 238 2843 loeo
254 2783 352 2842 minus
367 2782 525 2859 significat,
550 2798 638 2858 quam
654 2782 808 2860 positione,
832 2781 911 2861 qnod
934 2789 979 2841 est
993 2778 1089 2844 dulce.
1134 2779 1209 2841 Nam
1232 2780 1345 2843 ‘dulce’
1369 2789 1465 2842 estex

174 2893 235 2945 toto
251 2882 438 2944 dulcedinem
454 2883 581 2952 habena,
603 2882 743 2944 ‘dulcius’
759 2900 833 2944 uero
848 2901 954 2963 parum
970 2880 1136 2943 dulcedinis
1151 2884 1316 2945 continens.
1347 2883 1464 2962 Saepe
1478 2900 1530 2950 aar,
1542 2901 1568 2942 ao

133 2984 285 3055 widem,
315 3004 338 3045 s.
362 2987 599 3063 comparatiuns,
635 3003 701 3064 pro
730 2985 898 3064 positiuo
928 2986 1077 3064 positus
1105 2984 1227 3045 minus
1255 2985 1466 3063 significat,

174 3105 197 3148 s.
221 3105 308 3166 quam
332 3087 394 3164 ipse
416 3087 577 3168 positiuus,
609 3093 645 3145 et
673 3084 770 3146 nulli
802 3092 1055 3165 comparatur,
1087 3089 1158 3166 quia
1188 3084 1341 3148 absolutus
1369 3092 1469 3147 manet

173 3188 238 3249 sine
260 3186 319 3249 ulla
342 3205 483 3267 persona,
508 3196 540 3248 ut
563 3186 743 3265 Virgilius
766 3187 803 3248 de
826 3186 975 3248 charone:

326 3287 396 3350 lam
421 3289 547 3348 senior
569 3288 631 3349 sed
655 3288 766 3349 cruda
790 3288 856 3349 deo
880 3288 1092 3368 uiridisque
1115 3296 1307 3358 senectus,

174 3390 199 3449 i·
223 3408 310 3451 noua.
356 3390 652 3467 Signilieatione
687 3389 928 3458 diminutiua,
959 3391 985 3453 i.
1013 3389 1193 3459 litteratura,
1228 3390 1280 3451 sed
1302 3408 1369 3450 -non
1397 3399 1568 3456 suntranae

135 3491 349 3553 aodiminutiua
371 3491 424 3551 sed
447 3492 663 3570 comparatiua,
689 3493 757 3567 quia
773 3489 911 3551 similiter
933 3493 1115 3570 reciprocam
1138 3510 1298 3571 personam
1320 3491 1468 3570 recipiunt

174 3610 198 3653 s.
221 3592 298 3654 sieut
319 3593 530 3671 comparatiua,
555 3600 588 3652 ut
610 3591 824 3653 Terentius:

384 3763 390 3779 ¹
489 3694 601 3754 'llrais
623 3693 827 3755 maiuscula
850 3701 907 3754 est
930 3712 1034 3774 quam
1057 3711 1137 3772 ego,

175 3793 253 3855 ldest
279 3812 384 3874 parum
414 3796 518 3855 maior.
545 3828 588 3839 —
615 3794 845 3856 llaiusculus
867 3803 918 3856 >est
947 3813 1052 3874 parum
1080 3796 1184 3856 maior.
1235 3794 1468 3858 llinusculus

175 3895 193 3954 i.
218 3912 323 3973 parum
346 3897 453 3956 minor.
498 3895 797 3957 Grandiusculns
823 3915 928 3975 parum
949 3898 1099 3976 grandior.
1139 3897 1555 3960 l‘ositiuotanturn³⁷⁵‚1

135 3994 407 4062 “adiciuntun
447 3996 607 4058 dicimus
647 3999 739 4057 enim
778 4006 845 4059 tam
882 3997 1014 4068 bonus,
1052 4009 1098 4060 est
1130 4000 1187 4060 iste
1222 4017 1308 4079 quam
1341 3997 1405 4067 ille,
1439 4000 1465 4058 i·

176 4096 327 4175 aequalem
359 4096 539 4176 qualitatem.
590 4098 709 4159 Minus
742 4098 873 4165 bonus.
902 4103 927 4158 i·
956 4100 1065 4170 maluS,
1104 4101 1246 4160 minus
1279 4099 1409 4167 malus,
1439 4101 1465 4159 i·

176 4195 290 4266 bonus,
319 4199 466 4259 minime
497 4199 612 4260 bonus
634 4201 654 4259 i·
677 4202 834 4280 pessimus.
879 4201 1033 4261 ‘Minime’
1061 4199 1262 4278 superlatiuus
1290 4208 1334 4262 est
1361 4208 1391 4260 et
1413 4218 1467 4279 per

176 4297 301 4360 alterum
330 4299 467 4360 soluitur:
499 4304 622 4362 minime
650 4299 745 4363 malus
767 4303 787 4361 i·
810 4303 952 4381 optimus,
985 4303 1110 4363 maxime
1138 4300 1233 4362 malus
1263 4305 1283 4364 i·
1307 4301 1464 4382 pessimus,

176 4401 304 4462 maxine
331 4400 427 4461 bonus
448 4403 468 4460 i·
492 4405 633 4482 optimus,
665 4404 759 4480 magis
787 4401 881 4464 malus
903 4404 923 4462 i·
946 4403 1040 4481 peior,
1069 4405 1162 4481 magis
1191 4402 1287 4465 bonus
1309 4404 1328 4462 i·
1350 4400 1467 4463 melior.

136 4500 462 4579 ioComparatinus
491 4503 626 4580 gradus
662 4502 835 4564 ablatiuo
871 4504 975 4563 casui
1012 4503 1232 4588 adiungitur
1269 4503 1557 4581 utriusqueom.t

178 4654 293 4661 —--.-
305 4656 403 4662 .---...

244 4754 277 4804 et
295 4753 431 4819 Virgilius]
451 4757 517 4806 Aen.
539 4756 580 4805 VI
599 4758 651 4807 304
718 4758 749 4805 31
769 4770 790 4804 s·
808 4756 874 4804 sicut
891 4758 1067 4823 comparatiun
1082 4774 1163 4823 cupra
1179 4759 1271 4808 linem
1321 4751 1468 4820 Terentina]

179 4819 247 4874 Eun.
265 4819 317 4871 111
335 4826 360 4881 3,
379 4826 412 4872 21
479 4826 512 4874 32
530 4822 603 4890 Tale]
621 4839 702 4889 cupro
719 4823 820 4873 lineare:
840 4839 862 4873 s.
880 4838 944 4874 uxor
962 4838 1019 4873 mee
1086 4828 1120 4878 35
1136 4826 1250 4876 adiciunt
