3382 5476
622 368 673 420 DE
691 367 878 419 adsutum
895 369 1001 419 ARTE.
1321 378 1452 428 ccxnnr

160 564 376 617 conuertuntur
404 556 537 617 Latinam
572 555 628 618 boo
662 556 763 616 modo:
796 554 948 617 bltimirus
975 553 1150 614 Gildimirus
1177 554 1336 615 Ricimirus
1363 554 1451 615 Rain·

160 644 255 703 mirus
278 641 457 721 (ranimirus)
480 640 675 703 Vuadamirus
690 639 916 719 Vuiglimundus
938 639 1135 701 Ricimundus
1150 638 1358 700 Rademnndus
1373 638 1451 698 Vuil·

160 727 288 788 mundus
310 737 340 787 et
362 727 481 797 similia,
505 728 582 787 sicut
604 729 635 786 in
657 726 859 788 Hebraeorum
876 724 1047 785 nominibus
1069 723 1213 784 aLatinis
1236 724 1345 784 lactum
1368 726 1452 785 uide·

160 828 234 871 mus.
274 810 346 871 Nam
370 811 406 872 de
430 811 596 872 Habrabam
620 810 833 880 Habrabamns,
857 809 894 871 de
916 808 1002 870 lacob
1024 808 1149 871 lacobus
1165 818 1194 868 et
1209 809 1246 870 de
1261 809 1330 869 Saul
1346 808 1453 869 Saulus

161 892 173 977 ll
190 896 209 956 l.
227 893 286 956 lVb
302 894 314 977 ΙΙ
331 905 360 956 et
382 896 419 956 de
441 897 548 976 loseph
572 898 673 977 (iosep)
697 895 838 976 Iosephus
861 898 1001 974 (iosepus)
1024 895 1121 955 Latini
1145 894 1293 955 dixerunt.

242 980 358 1042 blassm.
377 1001 406 1061 p.
422 979 499 1044 390:
522 983 727 1061 patronomica
770 979 923 1060 helperich
967 989 1015 1061 art
1032 979 1143 1041 artrieh
1159 980 1274 1041 ainbart
1331 981 1454 1040 stainart

158 1065 272 1127 richrat
337 1066 473 1128 tancrabt
493 1065 619 1129 lastrabt
641 1065 760 1145 gotrabt
781 1065 918 1127 rabtman
940 1066 1079 1144 gobtman
1108 1065 1250 1126 arabman
1278 1065 1411 1125 ricbman

159 1152 295 1212 uuizman
374 1154 471 1213 ainart
526 1149 665 1212 statutam
722 1152 834 1213 ricbrat
890 1152 1025 1213 rainbart
1056 1150 1183 1211 nitidum
1212 1151 1366 1211 consilinm
1396 1168 1451 1210 om.

159 1235 277 1300 arcrabt
341 1256 369 1316 p.
393 1234 453 1298 391
479 1237 615 1299 tancrabt
663 1238 781 1316 gotraht
829 1236 969 1313 gothman
1019 1244 1134 1298 artman
1191 1236 1325 1296 ribcmau
1349 1245 1454 1314 potens

158 1320 248 1384 bomo
270 1322 406 1383 uuizman
429 1320 573 1384 candidus
595 1321 694 1383 homo.

242 1441 314 1501 Post
336 1446 466 1501 ‘amotus
487 1443 583 1503 ltmno'
606 1459 748 1532 securatur
768 1442 861 1502 boec:

243 1559 280 1620 Et
307 1563 363 1620 ista
393 1562 491 1620 omnia
520 1577 587 1620 cnm
616 1558 736 1620 Latinas
769 1560 939 1640 acceperint
974 1557 1101 1638 syllabas
1129 1558 1219 1636 (ps-l,
1259 1561 1287 1617 in
1324 1557 1454 1636 linguam

160 1653 375 1707 conuertuntur
398 1644 532 1706 Latinam
556 1645 612 1705 boc
634 1644 735 1705 modo:
758 1643 933 1725 Helpericus
955 1643 1100 1705 alinardus
1122 1642 1265 1703 Ricardus
1281 1643 1454 1722 stainardus

159 1728 325 1791 llicrbadus
360 1730 530 1791 Bianbadus
558 1730 728 1792 brebradus
762 1729 909 1791 Fulradus
937 1728 1108 1789 Tancradns
1136 1727 1296 1789 Fastradns
1324 1727 1403 1808 (-da)
1428 1737 1456 1788 et

160 1813 277 1876 similia.
324 1815 398 1876 Sunt
422 1832 549 1892 namque
571 1814 776 1895 principaliter
806 1825 834 1875 et
861 1816 891 1875 in
915 1814 960 1874 bis
983 1813 1061 1893 (biis)
1085 1813 1255 1875 nominibus
1278 1813 1454 1892 dissyllabae

161 1899 374 1980 (dispspllabel,
408 1901 515 1979 quibus
549 1899 758 1980 monosyllabis
794 1901 959 1980 (monops)
998 1898 1107 1960 additis
1136 1899 1252 1960 diuersa
1283 1899 1453 1960 efficiuntur

160 1987 288 2046 nomina.
335 1984 409 2044 Sunt
432 1987 510 2045 enim
535 1986 622 2046 baec:
646 1983 760 2046 belmus
784 1985 860 2046 ullus
883 1993 939 2047 etc.

221 2070 361 2131 blassm.
378 2089 407 2149 p.
423 2067 483 2131 391
508 2078 537 2130 et
551 2069 677 2150 plurima
693 2070 771 2144 talia,
796 2070 913 2150 quibus,
938 2081 970 2130 ut
992 2069 1126 2137 diximus,
1150 2069 1256 2130 additis
1279 2067 1454 2147 monosylla-

162 2155 207 2215 bis
229 2153 355 2234 plurima
379 2164 599 2235 componuntur
621 2155 678 2215 hoc
700 2155 788 2216 modo
812 2157 945 2216 nomina:
970 2154 1160 2233 Vuigbelmus
1183 2163 1239 2214 etc.
1263 2154 1456 2232 gauzbelmus

203 2239 342 2301 elmullus
392 2240 517 2301 sicnllns
566 2239 719 2301 leutardus
750 2240 921 2301 mainardus
943 2239 1102 2317 aginardus
1124 2238 1278 2301 uuitardns
1306 2238 1455 2299 ricbertus

161 2324 329 2386 rambertus
366 2325 538 2386 lrotberdus
575 2324 757 2386 mamlredus
814 2324 989 2404 gontlredus
1053 2327 1226 2403 gontinarus
1292 2333 1456 2384 teutmarus

161 2409 294 2488 oclingus
317 2409 472 2488 deotingus
516 2410 656 2489 radingus
678 2411 820 2472 teotricus
863 2411 1002 2469 ainricus.

245 2531 316 2591 Post
338 2532 513 2591 ‘roirtm'cus'
536 2537 678 2590 secuntur
699 2530 791 2590 boec:

246 2656 275 2708 et
296 2647 524 2710 innumerabilia
548 2648 625 2709 talia.
670 2647 742 2708 Nam
766 2657 795 2706 et
815 2649 941 2709 istorum
959 2647 1110 2707 nominum
1126 2645 1253 2726 syllabae
1269 2648 1455 2727 praepositae

162 2736 309 2812 repositae
333 2733 422 2795 multa
446 2733 607 2794 conllciunt
622 2733 752 2796 nomina.
776 2740 808 2793 nt
824 2731 989 2792 Frodaldus
1004 2730 1180 2793 Aldelredus
1195 2740 1251 2792 etc.
1267 2732 1312 2804 cs.
1332 2734 1454 2792 Mossm.

156 2837 191 2894 p.
217 2826 273 2878 392
317 2818 485 2880 lorcbertus
510 2817 697 2879 bertefredus
720 2816 889 2878 richbertus
912 2816 1077 2878 bertericus
1098 2816 1258 2878 ratberdus
1282 2816 1455 2877 berteradus

162 2902 350 2964 maurbertus
374 2904 560 2965 bertemarus
582 2902 758 2981 gauzbertus
781 2902 986 2982 bertegaudus.

247 3025 364 3098 Cetera,
388 3041 466 3097 quoe
488 3025 574 3101 opud
595 3025 822 3084 Mossioonnum
844 3029 962 3100 extant,
985 3041 1025 3083 ex
1040 3026 1102 3083 olio
1117 3024 1246 3097 quodum
1262 3021 1373 3099 capite,
1399 3041 1458 3099 quo

162 3128 200 3185 de
220 3124 381 3200 perscribas
408 3126 566 3200 cruebatur,
594 3124 692 3201 petito
719 3133 797 3186 sunt.
842 3125 922 3184 Nom
950 3125 983 3186 t'n
1001 3126 1180 3200 froqmento
1204 3124 1354 3186 Bernotsi
1380 3123 1459 3186 titud

161 3226 261 3303 ipsum
282 3230 321 3288 de
337 3225 562 3304 potronomicis
582 3235 676 3304 caput
698 3226 730 3287 in
752 3229 828 3288 lroec
849 3227 1069 3288 verodunum
1092 3227 1220 3289 desinit:

248 3358 277 3406 et
299 3345 523 3407 innumerabilia
546 3345 613 3416 alla,
636 3364 711 3425 quae
734 3345 775 3404 sio
799 3355 1026 3425 componuntur.

246 3466 391 3541 Sequitur
412 3474 506 3541 capot
528 3465 735 3526 andecimum:

207 3653 254 3712 [le
277 3654 424 3713 mediae
448 3652 755 3729 significationis
779 3660 814 3711 et
836 3650 1039 3730 qualitatis
1062 3662 1096 3713 et
1120 3654 1343 3731 quantitatis
1365 3653 1421 3713 Xl.

248 3772 361 3833 Mediae
384 3772 606 3850 significationis
629 3769 676 3830 uel
700 3769 844 3830 adiectiua
868 3770 1038 3831 nominibus
1053 3770 1156 3833 Latine
1172 3772 1312 3834 dicuntur
1328 3774 1456 3841 nomina,

164 3873 239 3934 quae
263 3867 292 3917 et
313 3858 425 3918 Graece
449 3857 577 3935 epitheta
601 3865 754 3922 uocantur,
787 3873 862 3934 quae
885 3857 913 3916 in
936 3855 1100 3917 meditullio
1123 3859 1215 3937 posita
1239 3858 1275 3917 ad
1298 3868 1458 3936 utrumque

163 3960 246 4002 snam
271 3943 437 4003 necessarie
459 3950 640 4003 conuertunt
663 3941 917 4018 significationem,
941 3941 1019 4001 idest
1041 3941 1076 4002 ad
1100 3942 1210 4003 bonum
1234 3952 1264 4002 et
1286 3942 1321 4002 ad
1339 3943 1457 4011 malum,

138 4035 194 4086 aet
222 4027 377 4106 aliquoties
410 4026 569 4096 laudantis,
603 4025 757 4103 aliquoties
789 4027 985 4105 uituperautis
1023 4028 1183 4088 ostendunt
1216 4029 1365 4091 allectum.
1416 4029 1456 4087 lix

164 4111 274 4192 quibus
296 4123 363 4173 sunt
386 4112 472 4172 baec:
498 4128 623 4191 magnus
645 4110 758 4188 grande
780 4111 856 4171 torto
879 4110 934 4172 lata
957 4111 1044 4190 longa
1067 4123 1167 4192 aperta
1184 4112 1298 4173 occulta
1315 4123 1344 4172 ot
1359 4118 1456 4171 cetera

165 4196 241 4259 talia.
281 4198 416 4275 ‘Magnus
431 4199 603 4277 imperator'
628 4195 752 4257 dicimus
768 4194 922 4266 laudantis,
946 4206 975 4256 et
995 4199 1130 4276 ‘magnus
1145 4197 1231 4258 latro’
1253 4199 1457 4275 uituperantis,

164 4283 289 4360 ‘grande
319 4282 441 4342 malum’
471 4290 500 4342 et
527 4281 652 4360 ‘grande
681 4280 815 4348 bounm'‚
846 4281 914 4342 ‘lata
943 4289 973 4341 et
994 4285 1120 4363 spatiosa
1144 4282 1243 4342 lectio’
1267 4291 1296 4342 et
1318 4283 1457 4361 ‘spatiosa

165 4368 212 4428 uia
235 4386 311 4445 quae
333 4368 416 4428 ducit
438 4367 473 4427 ad
498 4369 645 4440 mortem,
670 4365 768 4443 ‘longa
792 4371 860 4445 pax’
884 4376 913 4426 et
934 4365 1034 4446 ‘longa
1057 4368 1226 4436 discordia',
1257 4369 1370 4447 ‘aperta
1395 4366 1457 4427 lan·

127 4452 255 4513 rodatio’
279 4462 308 4511 et
331 4456 443 4533 ‘aperta
464 4453 665 4531 uituperatio’.
711 4451 759 4511 Sic
782 4459 811 4511 et
834 4449 957 4531 reliqua.

362 4572 408 4631 lie
432 4570 627 4648 qualitatis
649 4577 683 4630 et
705 4573 926 4648 quantitatis
948 4570 1012 4631 Xll
1031 4571 1036 4653 Ι
1052 4577 1106 4646 lin.
1126 4574 1185 4647 fol.
1212 4575 1269 4633 Il'.

234 4860 361 4918 lmedie‚
379 4861 417 4910 dic
485 4865 593 4926 dgrece
611 4861 704 4926 epiteta
773 4861 940 4926 Bepaoiosn,
959 4862 998 4911 bic
1066 4861 1208 4926 blongnn,
1227 4862 1265 4911 bic

1220 4949 1254 5010 qt
