3382 5476
694 342 906 395 sennensis.
1387 341 1446 404 117

153 534 303 595 Cereris
331 538 440 610 atque
471 531 575 592 illius
604 532 680 591 lani
709 532 907 592 antistitae
934 531 1096 591 maiores
1123 539 1209 590 natu
1232 548 1272 589 ac
1301 529 1449 592 nobiles

152 631 331 695 mulieres
364 651 440 693 rem
470 634 512 692 ad
543 628 784 710 magistratus
811 650 896 692 suos
925 631 1108 693 deterunt.
1158 632 1331 692 Communia
1359 634 1447 693 trium

152 754 297 814 generum
326 735 356 795 in
385 753 431 804 cs,
461 741 494 793 ut
521 733 569 793 hic
595 742 625 793 et
647 733 719 794 haec
743 743 773 792 et
794 734 851 793 hoc
875 744 967 802 teres,
997 735 1054 793 hoc
1082 743 1127 794 est
1154 734 1300 794 rotundus
1321 735 1447 795 rotunda

152 835 322 905 rotundum,
347 836 394 895 hic
417 836 541 896 ethaeo
565 843 594 894 ct
615 835 671 894 hoc
695 855 794 896 comes
817 854 833 895 a
856 835 1023 896 comitando
1046 833 1164 895 dicitur.
1201 834 1447 912 interrogandum

123 948 197 1000 aest
219 947 325 1007 autem,
350 936 499 1014 quomodo
521 937 662 998 dillerunt
685 939 803 998 uomina
823 937 936 1016 primae
951 936 1158 997 declinationis
1174 937 1204 996 in
1221 954 1253 996 es
1268 936 1445 998 desinentia:

151 1048 203 1101 aut
218 1040 329 1101 Graeca
353 1048 423 1099 sunt
445 1046 495 1099 aut
508 1027 729 1116 'patronomica
753 1057 829 1118 quae
851 1039 1022 1116 genetiuum
1045 1040 1074 1098 in
1097 1056 1131 1099 ae
1154 1037 1359 1117 diphthongon
1382 1040 1447 1100 mit·

151 1121 231 1213 tunt,
261 1150 294 1201 ut
320 1138 463 1201 Anchises
490 1139 634 1200 Anchisae
661 1135 814 1200 hetteades
840 1140 1003 1201 Aeneadae.
1048 1139 1173 1200 Nomina
1201 1146 1298 1200 autern
1328 1141 1448 1220 quintae

150 1242 357 1304 declinationis
373 1242 381 1300 i
397 1249 465 1302 ante
487 1260 502 1301 s
524 1260 642 1320 semper
664 1241 839 1316 obseruant,
864 1249 896 1302 ut
918 1242 982 1302 dies
1004 1241 1113 1320 glacies
1135 1243 1284 1319 pernicies
1306 1240 1446 1316 luxories,

150 1345 282 1423 exceptis
303 1342 397 1404 trihus
420 1342 602 1404 nominihus:
633 1362 682 1405 res
703 1362 773 1421 spes
795 1344 882 1413 tides,
908 1362 985 1423 quae
1008 1343 1016 1402 i
1038 1351 1106 1402 ante
1129 1360 1161 1403 es
1183 1361 1242 1403 nou
1266 1342 1390 1413 hahent;
1420 1350 1449 1403 et

110 1462 136 1500 ro
150 1465 186 1506 ex
215 1447 366 1506 contrario
392 1464 485 1524 pauca
510 1448 629 1505 nomina
652 1447 681 1505 in
702 1448 790 1506 tertia
813 1445 1009 1505 declinatione
1032 1447 1042 1504 i
1065 1453 1132 1505 aute
1155 1463 1188 1506 es
1210 1443 1388 1514 obseruant,
1417 1452 1448 1505 ut

148 1549 249 1629 paries
277 1547 354 1607 aries
383 1550 481 1624 quies;
511 1549 629 1627 requies
651 1555 749 1606 autem
773 1545 810 1606 ah
833 1566 866 1607 ea
889 1547 1074 1625 conpositum
1097 1547 1218 1625 quintae
1241 1543 1447 1606 declinationis

149 1656 206 1711 est.
251 1647 324 1710 Nam
353 1650 467 1729 requiei
496 1648 578 1716 lacit.
610 1666 668 1708 non
691 1649 842 1725 requietis.
886 1647 1006 1726 Reliqua
1030 1654 1130 1708 autem
1152 1649 1251 1709 omnia
1274 1649 1392 1708 nomina
1415 1650 1446 1708 in

75 1801 86 1816 .
149 1771 181 1812 es
203 1750 366 1812 desinentia
389 1752 494 1810 tertiae
517 1750 722 1810 declinationis
745 1757 823 1809 sunt.

233 1853 266 1913 ln
283 1854 308 1914 is
324 1854 561 1913 terminationem
585 1861 655 1931 quot
678 1868 787 1929 genera
810 1850 1025 1912 inueniuntur?
1062 1851 1142 1913 ldest
1157 1859 1305 1931 quattuor,
1329 1869 1445 1913 mascu-

109 1970 135 2010 15
149 1953 241 2015 linum
270 1954 444 2014 leminiuum
473 1964 611 2013 neutrum
642 1971 812 2021 commune;
848 1952 1058 2022 masculinum,
1087 1961 1119 2014 ut
1145 1953 1194 2013 hic
1223 1954 1308 2032 panis
1335 1952 1446 2033 †reuis

148 2056 261 2116 ucrmis
282 2057 359 2133 ignis
383 2055 460 2114 lunis
483 2058 543 2114 axis
567 2056 647 2115 ensis
671 2056 781 2114 mensis
803 2051 816 2134 ΙΙ
831 2055 852 2114 l.
871 2050 947 2114 106·
963 2051 976 2134 ΙΙ
1000 2047 1084 2114 collis
1106 2053 1206 2115 corbis
1227 2052 1310 2114 orhis
1332 2056 1445 2135 torquis

147 2156 222 2234 lapis
237 2155 335 2234 puluis
358 2159 478 2234 sanguis
501 2157 584 2216 cinis.
626 2154 873 2226 Femininahaec
896 2157 994 2235 cuspis
1017 2154 1073 2234 glis
1094 2155 1131 2216 lis
1154 2157 1247 2217 cassis
1268 2157 1359 2216 uestis
1382 2158 1444 2218 auis

147 2256 248 2319 classis
276 2256 361 2318 uallis
386 2260 493 2337 puppis
516 2259 591 2318 cutis
613 2258 726 2317 securis
749 2257 839 2317 turris
861 2258 959 2335 neptis
981 2256 1122 2336 bipennis
1144 2258 1249 2317 messis
1271 2258 1360 2318 rastis
1382 2258 1445 2318 sitis

148 2361 193 2420 uis
208 2357 294 2434 sedis,
312 2377 387 2439 quae
411 2361 530 2419 nomina
553 2361 591 2418 ita
615 2357 815 2419 declinantur:
840 2361 885 2418 uis
902 2360 948 2418 uis
963 2360 992 2418 ui
1008 2360 1070 2419 nim
1085 2360 1131 2419 uis
1146 2378 1162 2419 a
1178 2360 1220 2419 ui:
1244 2357 1330 2420 aliter
1344 2370 1443 2420 autem

107 2463 330 2524 conomiuatiuo
359 2459 501 2538 singulari
528 2460 632 2521 dicunt
659 2463 777 2529 ‘uirus’‚
806 2460 885 2536 quod
908 2459 1147 2520 Comiuianus
1175 2458 1259 2530 dicit,
1290 2460 1370 2520 uude
1398 2463 1444 2521 uir

146 2563 320 2645 appellatus.
370 2561 592 2622 Priscianus
620 2580 694 2622 uero
717 2560 801 2621 dicit:
837 2561 926 2623 haec
954 2564 1011 2623 uis
1038 2560 1149 2622 huius
1177 2563 1288 2632 uiris,
1311 2560 1390 2623 unde
1414 2564 1442 2621 in

143 2664 253 2747 plurali
273 2682 397 2726 numero
421 2665 500 2724 uires
523 2665 630 2724 uirium
654 2663 770 2723 uiribus
794 2664 874 2723 uires
893 2664 973 2723 uires
995 2682 1011 2723 u
1035 2663 1158 2724 uiribus.
1196 2662 1307 2724 Neutra
1323 2665 1443 2724 nomina

145 2769 176 2828 io
199 2769 225 2827 is
247 2766 301 2827 tria
325 2773 394 2826 sunt
416 2763 643 2833 indeclinabilia,
668 2774 700 2825 ut
721 2765 778 2825 hoc
800 2761 918 2845 †tresis
940 2766 1020 2825 sexis
1042 2765 1150 2825 decis·
1173 2766 1346 2826 Communia
1369 2766 1442 2826 duo·

145 2887 211 2930 rum
239 2885 398 2946 generum,
428 2867 484 2927 hoc
507 2875 552 2926 est
574 2865 730 2928 masculini
752 2873 781 2926 et
804 2866 940 2942 lemiuini
962 2868 990 2926 in
1014 2867 1040 2927 is
1063 2864 1227 2927 desinentia
1249 2865 1341 2928 multa
1363 2879 1440 2936 sunt,

105 2987 132 3025 ss
146 2988 220 3048 quae
249 2978 354 3030 neutra
382 2970 412 3028 in
436 2988 451 3028 e
475 2977 504 3028 et
531 2967 671 3031 aduerhia
693 2968 723 3028 in
747 2975 904 3028 teresse
927 2970 1053 3038 iaciunt,
1081 2975 1116 3028 ut
1137 2967 1185 3029 hic
1209 2977 1238 3030 et
1261 2969 1335 3030 haec
1356 2969 1442 3030 fortis

144 3081 173 3133 et
202 3072 258 3132 hoc
286 3071 362 3131 lorte
389 3071 520 3140 sortiter,
550 3072 598 3131 hic
627 3078 656 3131 ct
684 3070 757 3130 lracc
786 3069 932 3130 mirabilis
962 3068 1097 3130 mirahilc
1118 3069 1310 3139 mirabiliter,
1341 3070 1390 3132 hic
1412 3080 1442 3132 ct

146 3171 217 3234 hacc
247 3172 321 3233 leuis
348 3173 448 3232 suauis
471 3171 578 3249 regalis
601 3171 697 3232 dulcis
720 3173 862 3250 exanguis
885 3173 1041 3242 exanimis,
1073 3171 1122 3232 hic
1145 3172 1270 3233 ethaeo
1294 3173 1392 3234 ominis
1413 3180 1442 3233 et

146 3275 201 3336 hoc
223 3293 320 3343 omne,
345 3272 423 3352 quod
446 3273 621 3334 aduerhium
645 3284 748 3334 contra
771 3272 904 3351 regulam
926 3275 956 3333 iu
972 3293 999 3342 o,
1023 3291 1083 3334 uon
1106 3275 1136 3334 in
1160 3292 1192 3333 er
1215 3275 1294 3343 iacit,
1318 3272 1375 3334 hoc
1398 3282 1442 3335 est

145 3378 280 3445 omnino,
310 3396 369 3436 nou
398 3378 534 3437 omnitcr.
580 3376 687 3435 lncerti
712 3376 847 3453 generis,
876 3382 909 3434 ut
930 3372 978 3434 hic
1002 3374 1049 3435 uel
1072 3374 1146 3435 haec
1168 3375 1250 3443 linis;
1278 3376 1441 3454 promiscui

104 3479 279 3556 segerens,
304 3484 336 3537 ut
358 3477 406 3536 hic
428 3478 527 3556 piscis.

227 3579 260 3641 ln
283 3598 317 3639 os
338 3587 410 3657 quot
432 3597 540 3656 genera
557 3579 773 3641 terminantur?
810 3577 874 3638 lloc
897 3586 942 3639 est
963 3585 1111 3655 quattuor,
1135 3577 1331 3639 masculinum
1354 3579 1440 3639 lemi-

143 3683 248 3742 niuum
276 3688 411 3740 neutrum
441 3698 607 3740 commune.
653 3677 828 3748 hlasculina,
859 3687 891 3741 ut
919 3679 967 3740 hic
995 3698 1061 3741 mos
1088 3698 1145 3765 ros¹
1165 3679 1220 3740 llos
1242 3698 1335 3759 nepos
1356 3679 1440 3761 lepos

142 3801 268 3862 conpos:
293 3783 443 3850 feminina,
467 3791 498 3841 ut
521 3781 593 3842 haec
616 3782 670 3842 dos
692 3781 778 3846 dotis.
804 3781 877 3841 haec
899 3780 963 3858 glos
978 3779 1078 3860 glotis.
1103 3781 1175 3842 haec
1190 3799 1241 3842 cos
1257 3783 1341 3852 cotis,
1366 3782 1439 3844 haec

142 3881 231 3944 arbos
257 3882 388 3952 arboris,
417 3883 495 3962 quod
520 3891 549 3943 et
570 3883 660 3943 arhor
683 3882 801 3943 dicitur.
847 3882 974 3953 Neutra,
1003 3891 1036 3943 ut
1056 3883 1114 3943 hoc
1136 3902 1170 3944 os
1193 3885 1254 3944 oris
1277 3892 1306 3944 et
1328 3883 1384 3944 hoc
1406 3904 1439 3944 os
1471 3878 1475 3884 ’

103 3985 226 4046 soumis.
269 3986 433 4045 Commune
461 3984 588 4046 duorum
617 4002 772 4062 generum:
803 3984 850 4044 hic
879 3993 908 4044 et
936 3985 1008 4045 haec
1034 3981 1110 4065 †tos
1137 4002 1190 4045 cos
1217 3984 1302 4052 totis,
1334 3985 1383 4046 hic
1409 3993 1439 4047 ot

144 4086 217 4148 hacc
238 4085 391 4154 sacerdos,
414 4086 462 4146 hic
486 4087 610 4146 ethaeo
633 4085 688 4146 hos
711 4086 810 4155 bouis,
834 4086 883 4147 hic
905 4094 933 4146 et
956 4086 1029 4147 haec
1051 4105 1182 4164 compos.

209 4273 323 4322 lcetcris
336 4273 420 4334 adque
433 4271 508 4322 illuns
543 4273 662 4322 antestite
682 4275 805 4322 ‘maiores
819 4271 1166 4338 natoprooaneaonobttes
1176 4273 1326 4324 Prtsct‘asus
1360 4273 1438 4325 3hoe

142 4340 326 4391 estrotnudum
361 4340 502 4390 odeleruut
536 4336 1076 4407 dnutgreca]Erccidt'cscut'deturpropris
1109 4340 1311 4406 inedigtongou
1345 4343 1436 4392 'leuim

140 4408 361 4475 ndesqnim-che
411 4410 505 4469 equae
517 4423 536 4459 ιι
547 4419 645 4459 nntees
693 4410 723 4458 11
734 4409 891 4472 requies-out
944 4410 975 4458 12
988 4423 1046 4458 uam
1059 4407 1165 4470 reliquis
1216 4410 1249 4460 14
1260 4410 1286 4458 in
1299 4408 1339 4459 his
1352 4410 1437 4460 termi-

141 4476 269 4526 ustionem
287 4476 356 4538 quod
426 4477 457 4526 to
474 4478 528 4526 reni
546 4480 637 4528 sermis
707 4479 737 4527 17
756 4476 893 4526 lemiciano
910 4475 973 4526 haec
989 4491 1063 4527 cecus
1081 4477 1122 4542 pis
1173 4478 1242 4527 casis
1311 4477 1343 4527 18
1360 4477 1437 4528 cissis

505 4547 540 4661 tr
557 4546 678 4662 ru
1095 4547 1128 4662 u
1146 4544 1437 4679 circumun-

139 4626 190 4740 ΒΞ,
190 4607 256 4741 1Ιῖ
272 4629 372 4738 uthmd¹
392 4629 419 4676 p·
432 4650 500 4728 uir’i
520 4648 596 4744 uirisl
612 4629 827 4730 haecsuiusnhhius
846 4628 996 4732 ιιὶξρὶἰίὶιει.τ
1008 4684 1026 4734 l.
1044 4683 1060 4731 l.
1129 4681 1162 4730 22
1181 4682 1264 4730 uirum
1330 4629 1365 4732 {3
1384 4692 1437 4730 tren

139 4747 215 4795 tresis
233 4746 303 4794 sexis
321 4744 403 4810 decis]
422 4747 545 4797 Fortasse
562 4747 731 4797 scribendum:
751 4749 839 4798 tressis
858 4750 973 4799 senessis
991 4748 1107 4799 decussis
1192 4751 1225 4800 26
1244 4749 1325 4798 intes
1403 4751 1435 4799 27

137 4809 215 4879 leuis]
234 4814 298 4862 riuis
367 4815 400 4865 29
417 4815 556 4879 promiscui
573 4830 654 4881 gerum
723 4818 754 4866 31
777 4817 802 4864 in
820 4815 866 4867 hos
885 4818 954 4879 quod
1022 4821 1055 4870 33
1072 4817 1120 4866 dos
1138 4816 1198 4868 totis
