3382 5476
429 395 478 447 DE
497 394 673 447 VERGILIO
692 396 842 447 Menona
861 395 1111 450 GRAMMATICO.
1350 412 1422 461 (ΝΠ

120 584 270 644 Maronis
284 587 374 661 copia
390 587 569 644 eruditionis
579 588 805 660 pereprinopue
819 588 989 660 mapisterii
999 604 1113 660 ponere
1126 588 1281 647 delectato.
1319 587 1425 657 (luam

120 704 221 763 quam
243 690 322 746 enim
343 689 438 746 multa
458 695 528 746 suat
545 705 675 762 prorsas
696 690 878 762 respuenda,
904 697 1003 746 tumen
1018 690 1165 748 nortuutla
1186 691 1232 748 ita
1253 694 1425 765 conparata

120 798 209 863 sient,
237 798 268 849 ut
288 790 419 864 probari
435 790 553 864 possint
573 791 623 848 uel
644 792 744 848 sattim
767 790 904 863 intellepi
923 797 1062 864 respecta
1085 792 1204 849 illorum
1226 792 1425 865 1111111111-

119 895 222 967 pilius
243 894 323 951 uiuit
350 899 515 967 temporum
546 891 670 951 dicendi
696 892 927 964 consuetudine,
958 893 1040 950 aetat
1066 908 1145 966 quae
1166 909 1201 967 p.
1228 899 1283 951 too
1302 910 1363 967 seq.
1387 892 1425 950 de

119 996 298 1070 pleonorum
325 994 550 1052 sci'nderatioae
577 992 737 1069 dicuntur,
770 994 880 1068 optime
905 995 1102 1068 explicantur
1128 996 1265 1052 carmine
1286 995 1426 1079 pleneme·

126 1095 281 1168 Toletani,
305 1095 387 1169 quod
403 1103 488 1169 patr.
511 1095 559 1154 ed.
583 1095 681 1168 and.
705 1102 774 1154 tom.
800 1094 867 1155 XII
886 1113 918 1170 p.
943 1100 1003 1153 ets
1024 1096 1147 1169 lepitur.
1186 1096 1319 1168 Accedit,
1344 1097 1427 1171 quod

129 1199 266 1271 l'erpilii
290 1199 485 1270 prammatici
509 1198 720 1256 atteteritatern
753 1196 839 1271 apud
870 1198 1012 1270 aequales
1044 1205 1240 1271 posterosque
1266 1214 1327 1257 non
1350 1198 1426 1257 nildl

124 1301 263 1360 ualuisse
284 1314 337 1357 ers
358 1315 512 1374 areonyma
535 1297 698 1357 Beruensis
720 1298 988 1371 Cruindmelusque
1010 1306 1101 1372 atque
1123 1300 1257 1358 Clemens
1278 1302 1332 1373 qui
1352 1300 1425 1360 dici-

124 1410 178 1460 tus
192 1400 301 1460 Scotto
321 1407 350 1458 et
373 1400 479 1458 Petrus
501 1400 709 1458 demonstrant
714 1418 726 1468 ;
749 1417 827 1474 qliae
849 1416 1030 1475 nilamonem
1052 1403 1124 1460 inde
1146 1402 1293 1460 alleuati
1315 1399 1426 1475 dlapni

124 1503 315 1577 temporibus
330 1503 484 1576 paulatim
507 1503 656 1574 restiupui
675 1508 784 1576 coepta
806 1510 865 1574 est,
896 1509 994 1561 tamen
1023 1504 1066 1561 ad
1085 1505 1352 1577 prammaticomun
1375 1506 1429 1577 qui

126 1608 212 1664 inter
232 1611 349 1664 sectum
372 1620 543 1678 nonamque
562 1605 715 1662 saeculum
739 1605 884 1662 uicerunt
905 1604 1035 1663 indolem
1046 1608 1169 1680 penitus
1179 1605 1425 1680 perspiciendam

132 1707 269 1780 l'erpilii
287 1722 403 1780 (petoque
425 1722 520 1780 opera
542 1705 717 1763 adhibenda
740 1722 802 1763 esse
817 1712 914 1780 patet.
960 1707 1068 1781 Itaque
1088 1714 1247 1782 postquam
1269 1724 1309 1766 ee
1330 1707 1427 1781 copiis

125 1809 205 1867 meis
229 1809 438 1880 pramrnaticis
464 1808 559 1866 atmiis
585 1807 681 1865 modis
715 1807 843 1881 Verpilii
867 1810 997 1883 scripto,
1029 1817 1060 1868 ut
1087 1810 1169 1868 edita
1193 1816 1263 1868 sum
1285 1827 1304 1867 a
1327 1808 1423 1881 Maio,

124 1911 270 1985 suppleri
285 1926 376 1983 posse
398 1911 470 1980 uidi,
495 1909 576 1968 1111111
598 1925 715 1983 qaoque
736 1908 869 1968 laborem
890 1908 975 1969 sulii.
1015 1910 1078 1981 (luo
1096 1910 1186 1983 socio
1200 1929 1259 1971 uon
1274 1913 1340 1970 sine
1353 1927 1425 1985 ouo

127 2013 205 2071 dam
225 2012 340 2086 paitdio
362 2013 437 2083 eddi,
462 2013 619 2084 nonnulla,
645 2027 723 2084 quae
744 2013 775 2070 iu
799 2011 881 2070 Maii
892 2013 1022 2071 editione
1043 2015 1144 2088 inepte
1164 2015 1303 2088 exposito
1324 2018 1423 2082 mant,

128 2118 163 2174 iu
187 2117 259 2172 meis
280 2115 433 2187 excerptis
454 2113 498 2172 od
517 2115 649 2172 sanioris
676 2113 784 2172 iudicii
809 2130 946 2172 normam
973 2116 1101 2174 reducta
1128 2131 1200 2174 esse.
1245 2115 1368 2189 Itaque,
1393 2120 1426 2173 ut

128 2218 192 2276 lenc
206 2206 301 2291 ipsum
316 2215 392 2288 perid
412 2217 529 2273 ualeret
550 2215 594 2273 ad
608 2214 817 2289 perpendam,
842 2216 870 2273 si
883 2215 917 2274 id
927 2217 999 2286 tieri
1012 2223 1124 2290 potest,
1148 2218 1305 2290 nominem,
1322 2217 1425 2275 melius

126 2319 266 2390 intellepi
282 2324 396 2391 posset,
428 2316 508 2375 llaii
532 2316 671 2375 editionis
700 2317 938 2390 discrepantium
964 2319 1136 2392 scripturae
1161 2326 1306 2378 accurate
1331 2320 1426 2377 ascri·

129 2420 263 2479 leudam
285 2421 403 2477 cetraui.
449 2417 511 2477 Sed
531 2420 622 2477 multo
637 2420 736 2477 moior
750 2435 852 2477 cortem
868 2435 947 2491 111111
961 2421 1103 2494 excerpsi
1116 2437 1196 2494 pers
1210 2422 1296 2496 apud
1310 2419 1425 2479 elimam

129 2524 256 2582 ontrtino
278 2537 337 2579 non
359 2521 494 2592 extabat,
519 2502 737 2593 ptolemaidem
759 2521 906 2578 eiusmodi
925 2527 994 2580 stent
1004 2519 1076 2592 sere
1091 2525 1201 2594 areticio,
1226 2529 1258 2581 ut
1272 2523 1425 2595 collepisse

130 2640 180 2682 me
202 2640 261 2681 non
285 2623 373 2681 modo
395 2638 455 2680 non
474 2624 645 2696 paeniteat,
670 2622 723 2681 sed
746 2622 945 2681 delectatione
959 2624 1091 2696 piendam
1107 2625 1221 2683 imbuat.
1261 2623 1424 2682 Neminie

129 2741 253 2800 auoque
267 2741 360 2800 pomo
381 2725 524 2784 notiorem
546 2723 678 2782 habitum
707 2726 751 2783 iri
775 2721 944 2797 aliquando
972 2742 992 2782 a
1012 2728 1095 2813 'uiris
1122 2727 1218 2785 doctis
1243 2727 1335 2785 medii
1354 2726 1427 2783 aeui

128 2827 298 2887 studiorum
320 2828 464 2903 mysteria
485 2826 678 2900 latebrasque
694 2827 958 2900 perscrutantibus
978 2845 1067 2902 spero
1089 2836 1179 2903 etque
1199 2828 1327 2900 confido.

632 3425 928 3506 VIII-X.

128 3607 209 3690 DE
246 3604 489 3688 COMMEN
491 3605 577 3688 TIS
612 3605 1077 3689 EINSIDLENSIBVS
1109 3607 1173 3687 IN
1205 3605 1425 3688 DONATI

161 3741 360 3826 ARTEM
382 3740 653 3823 MINOREM
675 3742 944 3824 ΜΑΙΟΒΕΜ
966 3741 1395 3824 BARBARISMVM.

687 3933 852 3941 n——-

711 4098 793 4161 Can.
818 4097 845 4161 1.

129 4216 192 4281 DE
217 4213 391 4279 annual]
416 4214 807 4280 AVTISIODORENSIS
836 4214 1092 4280 COMMENTIS
1120 4214 1166 4278 IN
1195 4214 1423 4282 DONATVM.

219 4355 389 4415 Commenta
413 4353 619 4415 Eiresidleusia
641 4358 703 4414 tria
726 4358 757 4415 in
781 4358 894 4416 llonatt
915 4364 1010 4415 artem
1025 4364 1184 4430 utramque
1205 4363 1296 4430 atque
1316 4356 1423 4415 barbu-

128 4462 255 4519 rismam
278 4475 457 4532 qitttrnqrtam
479 4459 564 4518 ltoitd
584 4475 659 4517 sane
679 4461 773 4518 metita
792 4475 871 4532 prae
891 4476 923 4517 se
948 4458 1057 4531 ferum
1079 4459 1292 4518 reconditioris
1314 4459 1424 4517 doctri-

130 4578 192 4621 nae
215 4561 351 4633 aestipio‚
376 4567 485 4632 tamen,
510 4560 760 4635 uttemadrnodam
783 4578 862 4620 nono
879 4562 926 4620 uel
941 4562 1056 4620 decimo
1067 4560 1139 4633 sere
1152 4562 1273 4619 saecuta
1289 4560 1426 4618 Bonetus

128 4664 305 4739 explicatus
325 4665 364 4721 sit
385 4670 413 4720 et
435 4678 513 4736 qieae
528 4665 667 4737 [nutrierit
695 4670 767 4721 tinec
798 4664 1065 4722 eornmentautibus
1092 4665 1238 4721 sermonis
1266 4670 1295 4719 et
1322 4659 1428 4719 latini

131 4771 162 4825 et
192 4764 306 4824 Graeci
330 4767 451 4837 notitia,
481 4765 649 4823 luculenter
681 4763 889 4823 demonstrare
913 4772 1047 4840 possunt.
1096 4764 1182 4835 (laod
1206 4762 1428 4823 commentandi

132 4883 233 4942 penus
260 4873 293 4925 ut
321 4872 364 4925 est
392 4869 465 4925 sotis
492 4867 572 4924 exite
599 4874 690 4939 atqiee
722 4866 761 4924 ab
794 4870 987 4927 accuratiore
1012 4883 1115 4927 rerum
1147 4864 1427 4938 inuestipandamtm
