3382 5476
715 380 919 434 exesurus.
1402 379 1461 443 197

168 589 203 632 ac
225 571 328 632 lormis
352 570 432 631 uelnt
454 569 630 649 quibusdam
654 570 742 628 cortis
764 567 909 629 limitibus
932 569 1158 631 determinatur.
1190 568 1292 629 llodus
1307 570 1387 629 enim
1404 587 1463 629 non

168 672 265 741 aliud,
289 692 375 751 qnam
399 680 510 733 certam
535 689 703 732 mensuram
727 671 882 748 signiticat.

252 775 330 834 lein.
375 774 411 834 Et
433 774 507 835 dicit
528 773 727 851 Virgilius:
763 771 880 833 Primus
903 780 932 831 et
954 773 1133 832 fortissimus
1160 771 1339 833 indicatiuus
1367 773 1463 832 nomi-

167 884 264 943 natur,
293 893 382 954 quem
412 883 524 936 rectum
553 893 588 935 ex
613 872 752 934 omnibus
780 871 864 934 multi
893 882 1013 943 uocant,
1044 882 1160 934 ceteros
1182 882 1281 934 autem
1305 872 1462 953 procliuos.

140 976 222 1038 sllic
245 976 328 1038 solus
350 997 385 1037 ex
409 976 547 1038 omnibus
570 975 731 1036 testimonii
754 983 842 1052 caput
865 973 921 1034 sibi
950 974 1103 1034 uendicat:
1133 974 1172 1034 ob
1202 975 1258 1035 boc
1286 974 1463 1036 indicatiuus

165 1079 287 1151 dicitur,
318 1080 384 1156 quia
415 1085 444 1137 ot.
473 1096 548 1154 qnae
577 1087 640 1137 acta
670 1083 790 1136 suntet
813 1095 889 1154 qtrae
917 1084 1045 1153 aguntur
1074 1086 1105 1137 et
1131 1094 1207 1154 quae
1236 1083 1378 1154 agentur,
1408 1095 1464 1157 per

165 1183 262 1260 ipsum
285 1180 467 1245 indicantur,
493 1186 524 1237 ut
547 1177 616 1238 nido
639 1177 736 1238 uidaui
760 1177 878 1238 uidebo.

250 1283 328 1343 Iln'd.
359 1282 395 1342 Et
410 1281 481 1341 dicit
495 1279 691 1358 Virgilius:
715 1279 911 1358 imperatiuns
933 1279 1082 1339 secundus
1104 1287 1162 1348 ost,
1188 1286 1345 1359 perquem
1362 1299 1461 1348 omne,

165 1382 245 1462 quod
269 1383 346 1444 ellici
367 1382 471 1450 dobet,
495 1383 669 1462 imperatur,
692 1390 724 1442 nt
746 1379 823 1441 nida.
863 1381 948 1442 llnnc
964 1390 992 1441 ct
1012 1383 1041 1441 in
1065 1383 1162 1461 capite
1184 1379 1268 1442 multi
1290 1382 1460 1443 adsumunt.

128 1498 153 1535 ιο
244 1479 399 1566 11122ἾΙ
429 1485 464 1543 Vt
487 1482 668 1561 Virgilius
696 1482 782 1543 dicit:
821 1481 980 1562 Optatiuus
1007 1482 1131 1552 dicitur,
1162 1501 1332 1563 perquem
1363 1501 1460 1551 omne,

165 1584 245 1663 quod
277 1577 508 1665 concupiscibile
530 1586 583 1653 sit,
613 1590 740 1663 optatur,
770 1584 849 1644 undo
877 1592 907 1643 et
934 1584 1109 1645 adnerbinm
1139 1583 1258 1664 optandi
1286 1587 1461 1667 frequenter

165 1686 306 1754 adsumit,
331 1685 387 1746 boc
410 1696 455 1746 ost
469 1687 596 1754 utinam,
620 1687 704 1746 cuius
720 1695 765 1746 ost
780 1703 886 1746 sensns
902 1683 1048 1746 ‘uellem’.
1086 1685 1145 1747 Sed
1169 1685 1304 1748 oboritur
1327 1688 1461 1765 quaestio

165 1807 225 1850 non
248 1777 384 1856 minima,
408 1787 486 1866 quod
511 1788 567 1848 lroc
590 1787 766 1848 aduerbinm
790 1790 871 1848 omni
894 1805 1040 1866 personae
1063 1790 1204 1848 conuenit
1225 1790 1383 1856 ‘utinam'‚
1408 1788 1459 1849 sed

107 1864 119 1886 ⁰
165 1889 222 1950 boc
250 1888 422 1958 dicendum,
452 1889 529 1966 quod
557 1888 613 1950 boc
643 1887 818 1949 aduerbium
846 1890 885 1948 ita
915 1890 995 1949 omni
1024 1907 1168 1967 personae
1196 1888 1397 1969 coaptabitur,
1430 1899 1462 1950 ut

126 1991 257 2053 soluerit
278 1991 352 2051 ordo
374 2008 585 2068 personarum,
609 2000 642 2052 ut
664 1993 718 2050 sit:
747 1991 877 2050 ‘utinam
901 1990 1052 2051 uidarem'
1076 2009 1131 2070 pro
1154 1989 1307 2058 ‘uellem',
1330 1993 1460 2052 ‘utinam

163 2092 295 2154 uideres'
318 2111 372 2171 pro
396 2091 822 2160 ‘uelles²,⁸11tinamuidaret'
846 2111 900 2171 pro
923 2090 1036 2153 ‘uellet'
1060 2100 1089 2153 et
1111 2094 1155 2152 sic
1178 2111 1232 2171 per
1247 2100 1355 2152 cetera.
1401 2093 1460 2154 Cur

164 2193 337 2256 nonhabet
363 2195 510 2274 optatiuus
539 2194 643 2255 modus
672 2191 792 2253 solitum
821 2211 978 2254 numerum
1008 2194 1194 2274 temporum?
1238 2193 1315 2254 Dicit
1338 2194 1460 2272 Virgi-

164 2295 253 2357 lius:
291 2295 388 2368 Quare
411 2297 561 2375 optatiuus
584 2295 688 2356 modus
711 2313 771 2354 non
795 2293 916 2355 solitum
938 2302 1107 2374 temporum
1131 2312 1290 2355 numerum
1312 2294 1457 2374 suppleat,

163 2399 240 2459 sicut
262 2398 440 2474 indicatiuus
463 2403 493 2456 et
515 2396 735 2465 coniunctiuus,
760 2396 813 2456 sed
837 2404 949 2456 tantum
972 2397 1049 2455 trina
1073 2395 1269 2457 declinatione
1292 2397 1459 2457 coniunctis

123 2517 151 2556 so
164 2499 317 2561 dumtaxat
338 2497 454 2559 duobus
475 2500 505 2559 in
530 2516 621 2559 unum
648 2495 833 2577 temporibus
859 2499 904 2556 sic
926 2497 1073 2557 flectitur?
1117 2497 1175 2558 Sed
1199 2496 1277 2557 baec
1293 2499 1368 2557 ratio
1392 2496 1458 2557 bro·

164 2601 243 2661 niter
265 2600 388 2678 dicenda
413 2610 471 2669 est,
495 2599 573 2679 qnod
596 2598 662 2658 ideo
686 2597 741 2658 boc
764 2598 851 2659 modo
873 2599 916 2658 sic
940 2600 1065 2666 utimur,
1096 2598 1175 2674 quod
1198 2596 1325 2677 amplius
1347 2597 1458 2658 Latini·

164 2703 217 2762 tati
240 2720 298 2762 non
322 2702 460 2779 suppetit.

249 2804 327 2864 Idid.
363 2801 518 2873 Quomodo
547 2801 636 2863 babet
663 2803 872 2863 coniunctiuus
902 2800 1005 2862 modus
1028 2803 1179 2881 tempora?
1222 2801 1306 2881 Apud
1329 2801 1460 2863 Graecos

163 2905 323 2964 coniuncta
352 2913 486 2983 tempora
514 2903 617 2973 habet,
647 2903 724 2983 apud
754 2921 808 2963 nos
829 2902 925 2964 diuisa
948 2901 1039 2964 babet
1065 2904 1179 2973 omnia,
1212 2903 1263 2963 sed
1293 2903 1460 2970 secundum

122 3026 150 3068 as
166 3005 364 3084 Virgilium
387 3004 500 3065 duabus
523 3006 620 3066 causis
643 3005 751 3065 dicitur
774 3005 997 3074 coniunctium,
1020 3013 1054 3066 ut
1076 3007 1142 3085 ipse
1164 3003 1248 3065 dicit:
1287 3006 1458 3067 Coniuncti-

164 3124 221 3168 uus
244 3107 349 3167 modus
375 3105 450 3167 duas
479 3104 517 3165 ob
545 3124 648 3167 causas
676 3108 720 3166 sic
752 3115 875 3166 uocatur
909 3104 957 3167 uel
991 3113 1113 3187 propter
1147 3107 1319 3169 coniunctas
1348 3116 1458 3186 partes,

162 3207 283 3286 quando
305 3207 514 3286 adiunguntur,
538 3216 569 3267 ut
592 3207 733 3268 ‘scilicet'
757 3209 952 3287 ‘quanquam'
975 3207 1136 3287 ‘qrramuis’
1159 3205 1345 3286 ‘quamlibet'
1370 3210 1455 3270 ‘nisi'

164 3311 237 3370 ‘sin’
261 3309 308 3368 uel
336 3319 458 3389 proptor
479 3326 515 3370 ea
537 3310 616 3384 quod
642 3309 672 3370 in
701 3326 852 3369 cassorum
881 3311 1086 3388 conpositione
1114 3311 1323 3371 coniunctium
1351 3308 1457 3370 modus

163 3409 354 3488 praecedenti
378 3399 541 3471 indicatiuo
564 3409 732 3490 copulatur,
757 3417 788 3470 ut
810 3413 887 3470 ‘cum
910 3406 1051 3471 uideam’.

68 3551 78 3567 .
120 3533 149 3573 so
242 3506 397 3594 111.23·Η
436 3511 538 3572 Vtrum
569 3519 667 3591 potest
692 3512 858 3573 induitiuus
885 3509 950 3571 loco
972 3513 1102 3573 nominis
1123 3512 1205 3572 esse?
1248 3511 1363 3572 Potest:
1396 3521 1458 3572 tres
1490 3582 1494 3587 ,

163 3613 244 3673 enim
267 3629 353 3672 casus
375 3611 477 3679 babet,
507 3613 722 3674 nominatiuum
746 3613 946 3673 accusatiuum
969 3611 1205 3692 ablatiuumque,
1228 3620 1260 3673 nt
1281 3613 1355 3674 dicit
1378 3615 1457 3674 Vir·

130 3780 142 3793 ⁸
163 3712 298 3792 gilius:
336 3713 501 3776 lnflnitiuus
522 3713 628 3775 modus
650 3735 667 3776 a
689 3712 911 3793 quibusdam
935 3716 1201 3776 communicatiuus
1224 3717 1377 3785 uocitatum
1400 3733 1456 3794 pro

163 3833 200 3877 eo
222 3811 376 3889 uidelicet,
401 3813 479 3892 quod
502 3814 550 3876 uel
573 3817 687 3877 nomini
714 3814 763 3875 uel
785 3813 880 3876 uerbo
904 3815 950 3876 uel
973 3815 1112 3878 omnibus
1134 3818 1269 3897 personis
1292 3817 1455 3878 uerborum

231 4106 247 4154 3
264 4101 402 4169 Virgilius]
422 4103 522 4154 Primus
532 4105 590 4155 -5
604 4103 725 4154 nondinae
741 4120 791 4155 non
809 4110 900 4156 extant
912 4105 1094 4168 apedMolwn.
1164 4103 1348 4154 blndicetiuus
1360 4103 1394 4153 ob
1406 4103 1455 4153 ltoc

162 4168 256 4220 dicitur
273 4172 360 4221 Maius
376 4188 402 4237 p.
416 4174 467 4222 140
538 4169 710 4237 8Virgilins]
731 4172 789 4223 Non
807 4179 881 4223 eoetnt
898 4174 969 4237 opud
986 4172 1089 4222 Maium.
1158 4186 1234 4235 perq
1256 4168 1330 4220 omni
1346 4186 1367 4241 q
1385 4173 1456 4221 effeci

162 4238 225 4288 but
242 4239 329 4288 uidem
380 4236 530 4308 adsumunt]
550 4241 590 4290 Ile
606 4244 734 4290 sententia
752 4241 786 4303 cs.
809 4240 941 4306 Virgiliwn
958 4241 1025 4290 Maii
1041 4255 1066 4304 p.
1085 4240 1135 4288 53:
1156 4240 1191 4287 ita
1209 4248 1236 4288 ut
1253 4240 1285 4288 ab
1302 4240 1457 4306 imperatiuo

162 4305 240 4355 modo
258 4305 452 4356 declinationem
470 4309 540 4358 uerbi
559 4308 746 4361 exordirentnr.
817 4310 849 4359 10
867 4304 1003 4372 Virgilius]
1024 4308 1102 4357 Deest
1119 4307 1190 4371 apud
1201 4306 1303 4356 Maium
1356 4309 1457 4373 optaui-

163 4386 220 4423 mus
307 4375 337 4423 11
356 4375 501 4439 concupisci
520 4375 570 4424 uile
638 4376 744 4426 aduerbi
763 4371 813 4441 opi
829 4390 862 4424 an
933 4376 963 4423 12
982 4375 1067 4424 uellim
1085 4391 1107 4428 s.
1124 4375 1238 4423 oboritur
1254 4376 1354 4437 questio
1426 4379 1457 4426 13

161 4442 214 4508 qn
232 4441 382 4491 aduerbinm
434 4442 479 4491 sed
496 4443 514 4492 h
531 4442 666 4493 dicendum
685 4444 788 4507 quodb
859 4444 891 4493 15
908 4442 994 4492 uellim
1064 4444 1096 4492 16
1113 4442 1186 4492 uellis
1238 4442 1307 4492 uellit
1357 4453 1457 4492 coetera

165 4509 196 4558 l'l
213 4506 350 4574 Virgilius]
371 4510 429 4560 Non
445 4518 519 4561 extat
536 4513 607 4574 apud
625 4512 730 4576 Maium,
747 4512 796 4562 sed
812 4512 900 4562 endem
916 4525 960 4561 ree
976 4510 1060 4562 obiter
1076 4516 1191 4576 tangitur
1206 4526 1233 4575 p.
1251 4514 1285 4560 5⁷
1363 4511 1395 4562 18
1412 4527 1457 4560 su·

162 4574 231 4643 pleat
248 4577 272 4625 si
289 4575 374 4626 indici
456 4580 487 4627 ‘21
507 4576 555 4642 ull]
575 4579 651 4628 modo
722 4579 791 4643 quod
810 4578 975 4643 estamplius
1055 4581 1089 4631 23
1106 4579 1201 4628 coninri
1219 4578 1294 4628 modo
1364 4593 1456 4644 grecos

161 4645 196 4695 st
212 4641 361 4709 Virgilium]
381 4645 438 4696 Non
455 4653 529 4696 extat
545 4649 617 4712 opud
628 4647 724 4696 lllainm
776 4645 887 4697 conium
901 4646 978 4694 modo
1049 4649 1198 4713 eapropter
1215 4645 1241 4695 in
1259 4659 1377 4695 cesorum
1395 4661 1457 4697 oon-

161 4712 331 4778 possitionem
398 4714 431 4764 29
448 4713 580 4779 copulatur
598 4725 626 4763 ut
643 4729 690 4763 con
710 4715 809 4764 uideam
861 4717 894 4766 30
911 4723 998 4779 potest
1015 4727 1040 4765 et
1057 4719 1070 4767 ἰ
1085 4715 1119 4765 ΙΙΙ
1136 4715 1203 4766 enim
1265 4716 1297 4765 31
1316 4711 1456 4779 Virgilius]

161 4779 244 4844 Apud
259 4779 357 4897 Mol&
373 4782 409 4830 nit
424 4783 473 4897 agri·
489 4783 536 4833 ltoe
552 4790 627 4834 extat
643 4800 669 4847 p.
690 4785 752 4832 140:
771 4781 915 4832 lniinitiuus
933 4797 948 4831 a
967 4783 1121 4845 quibusdam
1139 4781 1368 4833 communicandos
1386 4784 1456 4833 uoci-

161 4854 243 4897 tatur.
362 4850 436 4909 aqui
456 4862 498 4897 am
