3382 5476
689 368 932 422 enannnrrcn
1421 362 1464 428 49

251 559 481 636 coniugationes
504 557 664 618 uerborum
687 566 756 618 sunt
778 565 853 625 tres,
881 556 960 617 idest
981 574 1013 616 as
1029 575 1060 616 es
1075 558 1116 625 is,
1140 574 1216 634 quac
1239 564 1338 616 tamen
1362 573 1466 617 omncs

165 661 195 719 in
224 659 372 720 secundae
402 677 546 736 personae
575 658 772 719 declinatione
794 658 993 738 requirendae
1015 666 1092 718 sunt.
1137 659 1179 719 ue
1201 657 1310 737 quibus
1332 658 1357 718 si
1380 676 1411 717 as
1434 660 1465 718 in

166 762 316 821 secundae
349 779 494 839 personae
525 762 680 820 terminata
709 761 799 820 luerit
826 758 1039 827 declinatione,
1074 761 1201 838 primam
1229 777 1295 820 esse
1325 760 1465 836 coniuga-

165 866 277 922 tionem
312 865 448 930 noueris,
478 864 503 921 si
533 881 564 920 es
591 863 621 921 in
651 860 784 921 eiusdem
813 859 950 921 similiter
977 879 1123 939 personae
1151 863 1245 922 luerit
1266 859 1466 920 declinatione

139 966 264 1032 adtrita,
295 964 455 1024 secundam
487 964 725 1040 coniugationem
760 980 824 1024 esse
852 979 1009 1039 cognosce.
1054 962 1086 1022 Si
1115 966 1140 1023 is
1167 980 1285 1042 quoque
1314 963 1344 1021 in
1372 962 1467 1039 ipsius

167 1082 312 1142 personae
345 1063 543 1124 declinatione
572 1065 652 1124 linita
681 1065 785 1133 luerit,
821 1068 937 1125 tertiam
968 1066 1206 1142 coniugationem
1236 1061 1374 1124 similiter
1403 1079 1467 1122 esse

168 1185 226 1227 non
255 1165 381 1227 dubites.
427 1165 484 1225 Sed
514 1176 543 1224 et
571 1169 597 1226 si
626 1163 779 1243 quodlibet
807 1165 932 1227 uerbum
956 1164 1011 1225 snb
1033 1168 1148 1244 primae
1170 1183 1315 1245 personae
1338 1163 1467 1225 declina·

167 1270 246 1326 tione
275 1268 475 1343 interrogatus
503 1267 613 1336 tueris,
643 1276 751 1345 quotae
779 1270 997 1345 coniugationis
1019 1286 1085 1328 esse
1107 1267 1228 1336 debeat,
1261 1276 1291 1328 tu
1315 1267 1351 1327 ad
1375 1264 1467 1326 dccli·

169 1371 317 1428 nationem
352 1368 501 1428 secundae
535 1386 679 1446 personae
709 1366 802 1429 debes
835 1368 1011 1438 adtendere,
1047 1368 1096 1429 ubi
1120 1387 1239 1430 omnem
1262 1367 1395 1429 eiusdem
1424 1368 1469 1426 rei

130 1487 155 1523 10
169 1470 306 1530 ordinem
331 1470 463 1549 praelata
488 1471 599 1548 poteris
622 1468 830 1548 explanatione
853 1489 1043 1549 cognoscere.
1128 1478 1131 1483 '

253 1570 351 1632 Verba
374 1580 472 1633 autent
497 1573 611 1649 primae
634 1573 851 1649 coniugationis
875 1572 947 1633 baec
970 1581 1052 1633 sunt:
1076 1574 1176 1632 ieiuno
1199 1591 1253 1633 oro
1276 1569 1368 1649 uigilo
1383 1587 1468 1648 prae·

168 1673 234 1732 dico
267 1670 401 1751 supplico
435 1673 611 1732 commendo
640 1674 760 1733 insinuo
790 1673 857 1734 uolo
886 1673 923 1733 de
951 1673 1052 1734 uolatu
1080 1673 1167 1734 laudo
1197 1673 1265 1734 leuo
1293 1672 1362 1735 lano
1390 1673 1469 1733 dono

168 1773 292 1834 aedifico
315 1783 385 1834 noto
409 1782 477 1834 nato
500 1793 588 1853 spero
610 1782 656 1833 sto
679 1773 798 1834 ambulo
821 1772 935 1835 labrico
957 1774 1055 1835 iudico
1077 1774 1177 1854 tlagito
1200 1793 1267 1837 amo
1283 1792 1357 1835 uoco
1373 1772 1469 1834 exalto

169 1875 268 1935 exulto
301 1873 413 1935 insulto
447 1883 531 1934 ructo
564 1874 698 1953 persulto
732 1894 865 1954 prouoco
898 1875 1010 1961 derogo
1038 1876 1150 1955 adrogo
1178 1894 1310 1957 prorogo
1339 1875 1470 1953 subrogo

131 1993 313 2055 raexaspero
347 1975 442 2035 clamo
475 1975 609 2037 declamo
643 1974 751 2038 inclino
786 1975 894 2056 uapulo
928 1978 1078 2039 inflammo
1111 1976 1227 2057 flagello
1257 1979 1365 2056 sagitto
1395 1976 1470 2037 duro

170 2095 325 2136 murmuro
340 2095 440 2156 pugno
462 2095 580 2156 supero.
620 2078 726 2139 Omnia
750 2079 823 2140 baec
846 2078 938 2142 uerba
962 2082 992 2140 in
1014 2082 1072 2140 line
1096 2080 1304 2141 declinationis
1325 2095 1471 2159 personae

169 2177 317 2239 secundae
340 2196 371 2238 as
388 2177 498 2238 babent
520 2187 550 2239 et
571 2179 638 2241 ideo
661 2182 773 2260 primae
796 2183 1013 2261 coniugatiouis
1035 2190 1120 2249 sunt,
1145 2191 1174 2243 et
1196 2199 1399 2263 quaecumque
1423 2179 1470 2238 his

169 2279 276 2340 similia
300 2279 420 2348 luerint,
444 2282 557 2359 primae
580 2284 796 2360 coniugationis
812 2291 910 2345 erunt.

255 2379 350 2441 Verba
382 2391 479 2440 autem
507 2385 727 2460 coniugationis
755 2384 902 2445 secundae
931 2384 1004 2445 liaeo
1033 2393 1116 2445 sunt:
1150 2384 1239 2446 uideo
1267 2384 1360 2447 doceo
1389 2382 1470 2445 caleo

130 2500 277 2543 eomoneo
306 2479 387 2543 soleo
415 2483 526 2561 impleo
549 2484 660 2544 suadeo
683 2484 807 2563 conpleo
829 2485 918 2545 sedeo
940 2487 1023 2546 iaceo
1046 2503 1128 2563 egeo.
1172 2485 1251 2546 llaec
1275 2488 1354 2546 enim
1379 2482 1471 2545 uerba

171 2602 204 2644 es
231 2582 342 2644 babent
364 2586 394 2644 in
418 2587 475 2645 line
499 2585 708 2646 declinationis
731 2604 874 2664 personae
897 2586 1045 2647 secundae
1068 2596 1098 2647 et
1119 2585 1185 2646 ideo
1208 2584 1358 2647 secundae
1381 2584 1471 2645 decli·

170 2686 300 2745 nationis
328 2695 413 2756 sunt,
443 2696 472 2746 et
499 2704 702 2766 quaecumque
736 2686 783 2746 bis
816 2686 923 2749 similia
952 2688 1079 2758 luerint,
1113 2687 1261 2750 secundae
1288 2687 1472 2766 coniugatio-

171 2787 216 2846 nis
238 2795 334 2846 erunt.

256 2888 375 2949 Tertiae
398 2897 497 2949 autern
520 2890 736 2967 coniugationis
759 2890 850 2951 uerba
875 2890 948 2953 baec
971 2901 1057 2953 sunt:
1080 2891 1147 2970 lego
1170 2912 1205 2951 eo
1228 2892 1275 2952 aio
1297 2907 1371 2969 cogo
1395 2889 1472 2950 duco

131 2989 250 3049 relacio
284 3008 373 3050 curro
405 2990 473 3051 nolo
501 2990 538 3051 de
563 2990 719 3052 uoluntate
747 3009 802 3070 ago
829 2994 941 3071 aspicio
970 2995 1058 3054 inruo
1085 2991 1197 3071 inpello
1225 2990 1371 3070 compello
1399 2990 1472 3052 bibo

172 3089 356 3164 uadotrabo
379 3098 458 3169 pcto.
504 3091 582 3151 llaec
606 3095 684 3154 enirn
709 3093 801 3154 uerba
825 3097 923 3156 omnia
947 3097 973 3155 is
996 3094 1107 3155 babent
1129 3097 1159 3154 in
1183 3097 1241 3155 lrne
1264 3092 1473 3155 declinationis

171 3210 316 3270 personae
344 3193 491 3253 secundae
514 3203 542 3253 et
565 3194 633 3255 ideo
661 3197 766 3258 tertiae
794 3198 1014 3274 coniugationis
1037 3204 1122 3264 sunt,
1148 3203 1177 3256 et
1199 3212 1404 3275 quaecumque
1428 3195 1473 3254 bis

171 3291 278 3354 similia
302 3295 426 3362 luerint,
452 3297 555 3356 tertiae
578 3297 792 3375 coniugationis
815 3308 913 3358 erunt.

256 3395 373 3455 Genera
390 3395 567 3464 uerborum,
585 3416 660 3477 quae
676 3408 705 3459 et
720 3399 950 3476 significationes
966 3398 1115 3466 dicuntur,
1132 3404 1202 3458 sunt
1216 3400 1359 3475 quinque,
1376 3399 1470 3457 actiua

133 3512 159 3550 ao
172 3500 288 3576 passiua
312 3504 416 3558 neutra
439 3497 618 3577 deponentia
642 3501 819 3560 communia.
858 3501 959 3560 dctina
983 3507 1060 3569 sunt,
1084 3516 1159 3577 quae
1181 3501 1210 3558 in
1227 3495 1387 3559 olitteram
1412 3506 1472 3558 ter-

174 3600 322 3658 minantur
351 3609 380 3659 et
408 3606 530 3678 accepta
552 3617 567 3658 r
590 3599 685 3661 littera
714 3602 827 3662 iaciunt
853 3620 888 3661 ex
919 3620 951 3661 se
978 3602 1113 3680 passiua,
1143 3608 1174 3661 ut
1200 3599 1266 3660 dico
1290 3600 1374 3660 dicor
1396 3599 1473 3660 dneo

173 3699 266 3760 ducor
289 3710 376 3778 porto
399 3712 503 3779 portur
525 3702 690 3778 confringo
712 3704 884 3779 confringor
906 3704 995 3762 laedo
1017 3700 1128 3761 laedor.
1167 3700 1286 3762 Passina
1308 3708 1377 3760 suut
1398 3718 1473 3778 qnae

173 3803 202 3860 in
226 3821 241 3861 r
264 3801 393 3862 litteram
422 3803 620 3862 terminantur
649 3811 679 3864 et
707 3822 741 3864 ea
764 3802 878 3866 sublata
901 3802 1031 3864 redeunt
1051 3806 1081 3863 in
1105 3804 1216 3875 actiua,
1245 3810 1278 3865 ut
1300 3800 1385 3863 dicor
1406 3802 1473 3863 dico

241 4023 257 4070 2
279 4020 379 4071 Verba:
398 4023 429 4072 de
447 4024 540 4085 quibus
559 4050 591 4058 -
612 4024 642 4071 11
663 4021 747 4071 Verba
766 4031 850 4071 numm
869 4038 915 4074 om.
935 4021 960 4069 B
1038 4024 1053 4073 ‘l
1072 4022 1118 4071 aed
1137 4021 1185 4074 etsi
1204 4018 1238 4087 Α]
1258 4021 1317 4070 An:
1334 4021 1373 4069 sic
1390 4031 1416 4070 et
1432 4022 1473 4072 aii

174 4091 207 4140 10
225 4089 427 4153 explanationem
448 4097 469 4137 A
539 4093 568 4140 11
590 4091 675 4140 Verba
693 4091 758 4138 enirn
778 4093 801 4139 A
848 4104 875 4139 ιιι
892 4091 977 4139 ieiuno
997 4103 1042 4138 oro
1061 4090 1168 4154 praedio
1187 4088 1271 4153 nigelo
1290 4088 1389 4153 castigo
1408 4103 1473 4153 rogo

173 4156 296 4221 suppleco
315 4158 465 4207 commendo
485 4161 569 4207 ornuia
588 4159 651 4207 lrnec
669 4159 748 4207 uerba
765 4156 853 4212 ete.B
906 4158 1008 4222 predico
1025 4159 1048 4206 A
1119 4158 1150 4205 16
1168 4155 1387 4205 deciinncionisB
1441 4159 1473 4206 li

172 4237 202 4274 aa
221 4224 338 4273 sillabam
356 4223 376 4272 B
429 4227 618 4290 coniugatiouis
637 4239 698 4276 aunt
715 4225 779 4275 haec
796 4236 821 4275 et
838 4224 877 4275 his
896 4224 990 4274 similia
1008 4239 1183 4286 quaecumque
1201 4223 1298 4288 primae
1315 4224 1472 4287 coniugatio·

175 4294 215 4340 uis
233 4291 330 4341 suntB
402 4294 433 4341 19
453 4293 536 4341 Verba
554 4296 662 4344 enimn
715 4295 843 4344 secundae
860 4291 1089 4357 coniugationisB
1143 4303 1170 4340 ut
1188 4292 1267 4340 doceo
1286 4289 1358 4339 soleo
1377 4290 1473 4356 impleo

175 4359 248 4423 algeo
265 4373 357 4409 moneo
375 4358 462 4409 lerued
480 4361 550 4410 celeo
570 4377 659 4412 maneo
680 4364 768 4412 uideor
786 4363 883 4411 suadeo
906 4364 983 4410 sedeo
1000 4374 1065 4424 egeo
1084 4361 1153 4408 iaceo
1172 4358 1235 4407 haec
1254 4357 1329 4406 uerba
1348 4372 1376 4407 es
1395 4358 1473 4422 sylla-

175 4425 271 4476 bamB
340 4429 372 4476 21
396 4427 496 4477 Verba:
515 4439 540 4477 et
557 4430 613 4479 ideo
632 4457 664 4466 -
683 4430 874 4495 coniugationis
893 4436 966 4478 erunt
983 4425 1070 4479 om.B
1156 4425 1290 4476 etvetus
1309 4435 1393 4474 autem
1412 4439 1474 4474 con·

174 4494 313 4558 ingestionis
337 4496 429 4543 terciae
447 4495 466 4543 B
520 4506 549 4545 ut
571 4497 628 4562 lego
651 4499 709 4548 dieo
733 4498 832 4562 aspicio
854 4496 920 4546 facio
942 4508 1017 4543 curro
1040 4493 1142 4544 conlido
1165 4494 1228 4543 liaeo
1250 4493 1335 4542 omnia
1355 4493 1433 4541 uerba
1451 4494 1473 4541 is

174 4561 298 4625 syllabam
318 4562 447 4611 babentB
516 4565 550 4615 ‘25
567 4564 618 4614 libo
637 4569 659 4614 Α
711 4568 743 4616 27
761 4563 892 4614 terciaeB
944 4575 1120 4625 quoecumque
1137 4563 1177 4612 bis
1196 4561 1289 4612 similia
1308 4561 1409 4621 auutB,
1425 4576 1474 4612 orn.

174 4639 199 4679 et
217 4636 242 4679 el
259 4629 347 4679 tertiae
365 4631 554 4696 coniugationis
572 4630 670 4682 erunt'
756 4635 789 4684 30
807 4632 952 4681 communia
974 4628 1128 4694 deponentia
1152 4629 1194 4678 ΑΒ
1255 4629 1338 4677 actius
1358 4627 1435 4677 uerba
1453 4626 1473 4675 B

174 4712 241 4759 quae
259 4712 273 4746 o
292 4697 366 4748 litss
435 4701 467 4749 32
486 4710 575 4765 portor
592 4699 867 4765 coulringorledord
921 4696 1070 4760 confringet
1086 4696 1158 4747 ledor
1175 4696 1260 4747 om.l3
1312 4708 1409 4756 quaer
1427 4693 1475 4748 litt.

175 4765 194 4814 B
258 4768 291 4816 33
309 4768 481 4816 terminantB
528 4767 665 4817 rediuntB
718 4778 745 4816 ut
762 4768 834 4817 dicor
851 4767 917 4814 duco
935 4774 1025 4829 portur
1042 4776 1118 4828 porto
1138 4768 1156 4812 Α
1179 4775 1206 4812 ιιι
1223 4764 1292 4812 dicor
1309 4762 1367 4810 dico
1386 4773 1474 4828 portor

174 4843 249 4897 porto
267 4833 347 4882 ducor
364 4834 430 4883 dccco
449 4834 468 4883 B

200 4914 295 4955 (iun.
309 4925 361 4957 aar.
375 4915 457 4957 suern.
1253 4915 1270 4963 4
