3382 5476
197 401 304 449 CCVIII
489 387 540 439 DE
557 387 709 439 IVLIANO
728 386 925 438 TOLETANO
944 385 1187 439 GRAMMATICO

196 577 268 636 ‘dcc’
288 577 454 652 pertinent.
492 577 609 636 Danae
631 577 860 636 animaduertes
881 590 1003 651 quaeso,
1027 574 1199 650 Pompeium
1214 591 1235 633 a
1248 575 1371 636 Iuliano
1385 575 1496 636 ordine

196 694 345 754 peruerse
367 679 510 756 laudari,
539 679 577 739 ab
605 675 790 753 urtiprupito
818 677 969 737 Bernensi
994 677 1095 737 eodem
1125 676 1244 753 ordine,
1272 693 1332 751 qno
1360 677 1497 752 Pompeii

193 783 279 840 locus
299 782 330 838 in
352 780 439 839 trous
460 782 675 855 martuscriptis
695 781 816 852 teritur,
840 778 885 851 es.
903 780 1005 854 Pomp.
1024 796 1058 853 p.
1077 785 1141 852 tot,
1162 784 1279 837 29-34
1296 780 1334 839 li.
1370 778 1492 857 Itaque,

195 884 316 941 etiamsi
346 898 530 941 communem
560 883 681 955 utrique
711 882 858 955 scriptori
884 880 1001 952 sontem
1029 887 1158 956 praesto
1184 878 1284 952 fuisse
1313 887 1492 954 statuamus,

195 983 378 1043 Bernensern
407 990 490 1042 certe
517 983 730 1057 urtiprapttum
760 983 853 1042 mutto
879 984 984 1041 melius
1018 989 1110 1057 atque
1142 984 1319 1042 accuratius
1344 998 1382 1041 eo
1408 999 1494 1043 wan

194 1101 257 1145 csse
278 1085 421 1144 dicemus.
468 1083 663 1159 Quapropter
682 1100 777 1157 nemo,
801 1085 918 1158 opinor,
942 1099 988 1143 me
1008 1084 1189 1159 increpabit,
1213 1085 1295 1159 quod
1314 1081 1394 1144 artis
1413 1084 1493 1143 Ber·

195 1189 295 1246 nensis
326 1192 356 1245 et
387 1188 560 1262 scripturae
590 1187 815 1261 discrepantias
849 1193 878 1244 et
907 1189 1070 1259 proniores
1101 1184 1360 1246 dissimilitudines
1385 1187 1492 1247 sedulo

194 1288 388 1348 adnotandas
408 1289 529 1363 suscepi
534 1338 538 1347 ,
554 1290 757 1362 maioremque
782 1290 830 1346 itti
854 1303 943 1362 quam
964 1287 1088 1347 Iuliano
1111 1287 1203 1360 fidam
1228 1287 1399 1347 habendam
1427 1303 1493 1346 esse

193 1389 354 1451 contendo.

278 1491 413 1566 Sequens
435 1489 531 1551 Keilii
552 1499 729 1568 excerptum
750 1493 837 1568 apud
861 1493 1040 1568 scriptorem
1065 1489 1246 1551 Berneusem
1272 1489 1318 1553 suc
1343 1508 1376 1550 se
1402 1491 1493 1551 nubet

190 1593 220 1667 s.
247 1589 316 1652 23⁶:

279 1691 417 1772 Quisquis
439 1695 521 1755 cuius
543 1695 654 1773 figurae
678 1695 739 1756 est?
782 1695 959 1774 conpositae
982 1713 1016 1754 ex
1049 1691 1164 1754 duobus
1192 1695 1317 1770 integris
1339 1695 1493 1774 pronomi-

199 1795 294 1856 nibus,
339 1795 480 1866 Quisnam
504 1795 648 1858 similiter.
693 1795 764 1866 Quis
786 1814 952 1876 pronomen
976 1805 1035 1866 est,
1060 1814 1127 1856 nam
1151 1796 1334 1856 coniunctio:
1360 1813 1395 1855 ex
1418 1794 1491 1855 dua·

198 1897 254 1958 isus
276 1897 408 1977 partibus
436 1916 527 1958 uuum
556 1897 683 1959 edicitur
705 1917 870 1976 pronomen
899 1899 1096 1978 conpositum.
1147 1898 1236 1959 Cuius
1269 1898 1390 1973 generis
1426 1898 1492 1957 esti

196 2004 274 2078 Aput
297 2016 351 2059 uos
373 1997 540 2059 masculini:
565 2000 711 2077 ‘ansnam
736 2002 782 2060 uir
805 2001 887 2061 iacis'
912 2010 941 2060 et
962 1999 1119 2077 ‘quaenam
1144 1996 1269 2060 mulier’.
1307 2003 1386 2077 Aput
1408 2007 1491 2060 uete-

195 2118 243 2161 res
271 2117 345 2161 uero
373 2102 538 2162 communis
568 2100 626 2177 (-ni
648 2100 726 2180 eod.)
756 2103 872 2180 generis
900 2099 1074 2161 habebatur.
1132 2100 1172 2161 [ta
1210 2101 1272 2161 eius
1309 2100 1489 2179 exemptum.

195 2200 336 2272 Quisnam
366 2220 397 2263 es
425 2212 454 2263 tu
485 2202 590 2263 mulier
612 2222 670 2282 qua
698 2212 823 2264 emetam
853 2205 1026 2264 inconsueto
1049 2219 1203 2283 nuncupas
1225 2203 1355 2264 nomine.
1399 2202 1488 2273 Quis-

196 2305 273 2382 piam
303 2304 444 2365 eiusdem.
495 2303 576 2374 Quae
604 2305 696 2383 figura
726 2306 787 2366 esti
832 2306 1000 2385 Conposita:
1030 2308 1098 2385 quis
1123 2322 1288 2384 pronomen
1317 2312 1376 2374 est,
1405 2306 1486 2383 piam

195 2422 302 2465 uorueu
326 2414 381 2466 est.
427 2405 516 2468 Cuius
543 2409 662 2485 generis
689 2409 750 2467 est?
775 2407 973 2469 Communis.
1020 2405 1193 2478 Quomodo?
1236 2405 1398 2485 ‘Quispiam
1427 2408 1487 2467 uir’

194 2517 224 2568 et
248 2508 404 2588 ‘quispiam
429 2508 557 2578 mulier',
582 2519 612 2570 et
633 2528 688 2589 pro
710 2516 817 2570 neutro
840 2510 1009 2589 ‘quodpiam
1032 2508 1233 2588 inancipIum’.

283 2610 437 2681 Quomodo
453 2611 628 2673 declinanda
644 2623 714 2672 sunt
728 2615 783 2673 ista
800 2614 975 2690 pronomina
992 2611 1162 2691 conposita?
1185 2608 1309 2679 Quando
1324 2628 1359 2670 ex
1375 2608 1492 2671 duobus

195 2715 390 2773 nominatiuis
405 2712 486 2793 (uis)
503 2716 655 2793 conposita
672 2712 794 2783 iueriut,
818 2714 905 2775 ambo
927 2716 1102 2774 nominatiui
1121 2710 1191 2794 (-bi)
1215 2711 1386 2773 inflectendi
1407 2720 1488 2783 sunt,

196 2825 227 2876 ut
249 2815 383 2894 quisquis
405 2817 575 2876 uniuscuius
597 2823 669 2882 ete„
699 2817 817 2896 quaudo
845 2834 917 2876 uero
946 2835 982 2876 ex
1011 2814 1194 2875 nominatius
1224 2822 1254 2874 et
1275 2812 1409 2894 quolibet
1430 2813 1489 2875 aiio

195 2933 265 2977 casu
288 2919 444 2995 conposita
467 2917 585 2984 inerint.
609 2918 657 2978 ille
682 2919 883 2977 nominatiuus
900 2917 955 2977 erit
974 2916 978 2994 Ι
999 2917 1018 2976 i.
1042 2913 1103 2976 29³
1123 2912 1127 2994 Ι
1148 2923 1260 2976 tantum
1283 2914 1488 2984 inflectendus,

193 3024 225 3077 ut
247 3018 392 3096 quispiam
416 3019 577 3098 cuiuspiam
601 3025 657 3079 ete.
702 3017 734 3078 In
758 3017 865 3098 quibus
888 3016 1080 3097 qualitatibus
1103 3025 1170 3085 etc„
1194 3017 1239 3090 cs.
1262 3035 1368 3094 supra.

279 3121 330 3180 Ea
350 3121 410 3180 nae
431 3123 526 3195 ipitur
548 3122 625 3180 artis
645 3124 828 3199 recensione,
851 3129 884 3181 ut
905 3123 970 3180 ntia
993 3128 1120 3193 taceam,
1145 3140 1176 3179 u.
1196 3127 1234 3178 33
1254 3119 1372 3182 Iutiaui
1394 3122 1489 3182 umba

192 3223 313 3282 restitui
326 3231 471 3298 possunt,
500 3240 578 3298 quae
605 3239 625 3280 a
652 3223 789 3283 librariis
813 3223 1008 3284 oscitantibus
1029 3225 1137 3282 misere
1157 3229 1305 3298 corrupta
1326 3229 1412 3284 sunt:
1438 3224 1489 3282 de-

192 3327 274 3400 tapsi
299 3331 368 3384 sunt
395 3325 471 3384 enim
498 3342 602 3385 eorum
630 3328 713 3385 oculi
732 3328 776 3386 ad
795 3342 848 3398 ea,
879 3342 958 3401 quae
985 3343 1014 3385 u.
1042 3331 1077 3382 28
1105 3332 1134 3385 et
1163 3332 1198 3383 29
1225 3327 1379 3399 leputatur.
1427 3325 1491 3386 Sed

192 3434 292 3487 utrum
314 3434 452 3487 extrema
474 3445 591 3502 quoque
613 3428 763 3488 uocabma
785 3429 913 3503 ‘aliquid
933 3435 962 3486 et
983 3428 1096 3487 eeteru'
1126 3444 1146 3484 a
1175 3427 1313 3487 tr'irariis
1340 3436 1488 3504 corrupta

192 3532 261 3602 sint,
286 3547 327 3588 au
350 3530 488 3588 Iulianus
509 3532 574 3604 ipse
595 3531 651 3589 isto
673 3532 720 3590 ‘et
740 3534 860 3591 eetera’
889 3530 1029 3605 adposito
1056 3547 1088 3588 se
1113 3531 1231 3604 relt'qua
1252 3529 1368 3589 lubenti
1387 3531 1488 3588 animo

188 3634 428 3708 praetermisisse
448 3634 621 3706 sipnifieare
643 3635 783 3705 notuerit,
807 3634 893 3693 nauti
913 3636 957 3691 ita
977 3639 1061 3691 certo
1083 3634 1206 3703 definiri
1222 3638 1332 3706 potest.

278 3752 305 3811 p.
338 3729 418 3802 320,
445 3730 461 3793 l
494 3733 567 3793 Item
596 3752 653 3794 om.
707 3715 790 3812 ‘quid
818 3734 925 3795 accidit
988 3729 1009 3792 3
1037 3733 1202 3793 Interiectio
1231 3729 1389 3793 exultantis
1455 3741 1489 3791 ut

193 3834 251 3896 heu
281 3834 359 3913 quod
389 3842 434 3895 est
497 3832 658 3915 4quidam
682 3817 715 3896 di
778 3831 799 3896 5
827 3843 938 3895 anetum
969 3843 1001 3894 ut
1028 3842 1100 3892 attat
1127 3833 1275 3912 quomodo
1303 3835 1346 3894 sic
1368 3831 1486 3894 solitum

194 3946 238 3997 nst
265 3937 409 3998 infantum
438 3939 569 3997 nutrices
598 3939 711 3998 {itinere
739 3944 813 3997 totto
887 3934 904 3997 7
935 3945 965 3996 et
992 3951 1068 4012 quae
1096 3945 1165 3996 sunt
1192 3935 1298 3996 similia
1327 3954 1384 3997 om.
1450 3935 1488 3996 ad

195 4040 423 4117 significationes
445 4040 539 4117 partis
562 4040 645 4099 istius
667 4041 795 4118 pertinet
818 4037 1015 4100 discernenda
1037 4047 1105 4098 sunt
1127 4040 1176 4098 ita,

277 4139 500 4202 Interieetionts
522 4142 621 4201 ‘totto’
644 4140 836 4215 Smarapdus
857 4157 974 4216 quoque
995 4142 1126 4199 meminit
1143 4139 1203 4213 sot.
1225 4141 1300 4200 ΙΙΙιι
1317 4140 1489 4215 srapmenti

193 4245 366 4319 Beruenses,
391 4245 473 4320 quud
494 4243 582 4316 infra
598 4260 790 4319 proponam:
812 4240 1001 4302 Prohibeutis
1017 4248 1049 4301 ut
1071 4244 1175 4310 ‘tuto';
1198 4243 1243 4302 sie
1265 4243 1343 4303 euim
1366 4242 1487 4303 iniauti·

193 4345 249 4406 bus
272 4348 478 4407 comminatur.
525 4345 597 4405 Nam
622 4353 651 4405 et
673 4347 703 4404 in
726 4343 872 4405 Tendisea
895 4341 994 4422 lingua
1018 4342 1089 4403 iliud
1112 4345 1211 4404 ‘totto'
1234 4342 1420 4423 prohibentis
1435 4342 1487 4404 ha·

193 4447 244 4508 bet
265 4445 445 4508 intellectum
473 4480 520 4515 -·,
543 4450 599 4508 sed
619 4450 678 4521 ita,
704 4455 736 4506 ut
757 4465 798 4508 eac
820 4448 882 4507 atio
904 4447 1034 4521 quodam
1055 4445 1143 4519 sonte
1164 4448 1218 4506 r'tta
1234 4450 1357 4523 petiisse
1374 4453 1488 4523 putan-

192 4551 249 4612 dus
269 4554 317 4611 sit.
361 4551 441 4609 Nam
468 4559 496 4608 et
523 4551 607 4624 uprud
635 4551 788 4609 lulianum
815 4557 843 4608 et
870 4551 956 4625 apud
982 4549 1196 4625 artiqrapitum
1219 4547 1402 4610 Beruensem
1421 4556 1489 4624 post

192 4654 293 4713 ‘attat'
321 4654 468 4712 nonnutta
508 4649 698 4711 intercidisse
725 4653 885 4730 uidentur,
919 4669 998 4727 quae
1025 4653 1109 4727 apud
1136 4650 1341 4726 Smaruptium
1367 4653 1487 4726 intepra

193 4755 298 4814 adesse
319 4755 413 4815 uides.
459 4752 575 4812 Curteas
596 4760 712 4826 aretem,
741 4771 779 4813 ne
800 4755 953 4815 Iulianum
976 4755 1011 4814 ob
1033 4754 1067 4812 id
1082 4755 1221 4829 pleniore
1242 4754 1374 4829 quodam
1396 4770 1487 4829 quam

194 4864 347 4915 strictorem
370 4856 551 4915 Bernensem
570 4855 662 4928 fosete
684 4873 768 4916 usum
792 4874 854 4916 esse
876 4858 1000 4930 credas,
1029 4858 1112 4932 quod
1134 4855 1206 4916 itta:
1228 4855 1363 4935 ‘quaudo
1385 4854 1486 4935 proisi·
