3382 5476
784 1041 896 1121 XI.

444 1239 519 1320 Du
540 1237 922 1321 DISSONANTIA
945 1235 1237 1320 SERMONIS.

772 1526 855 1591 Gne.
878 1526 905 1590 Ι.

235 1643 297 1708 DE
327 1641 494 1708 conteis
521 1643 763 1710 BERNENSIS
793 1645 867 1725 178,
896 1639 1114 1720 Pvusotfll,
1144 1637 1440 1718 Gouflouuuot,

587 1745 747 1810 HANDII
775 1742 1091 1810 Dluuuauurus.

283 1885 365 1956 Quae
396 1886 451 1945 iroc
482 1887 548 1945 ioco
575 1890 706 1962 primum
740 1890 905 1962 euaiaatur
931 1881 1179 1962 differentiarum
1206 1885 1358 1956 cotteerto,
1391 1899 1481 1957 proe-

190 1986 312 2064 scripto
332 1986 640 2047 BIFFERENTIAS
667 1971 900 2049 ciouuouts
925 1989 1011 2047 titulo
1039 1990 1069 2046 in
1097 1987 1212 2046 codicis
1239 1984 1403 2044 Berncnsis
1427 1990 1481 2041 178

191 2107 275 2150 saec.
293 2088 345 2149 IX
362 2092 470 2164 scripti
483 2099 577 2165 parte
592 2093 753 2151 nouissima
767 2090 887 2166 lenitur.
925 2086 1061 2149 Continet
1077 2092 1102 2147 is
1116 2086 1193 2148 iiber
1202 2095 1369 2163 praetcrea
1391 2087 1483 2145 iaec:

276 2189 306 2262 f.
332 2196 365 2248 1·
386 2192 465 2250 duae
483 2193 603 2265 fiaurue
623 2193 852 2252 mathematicae
874 2194 1046 2267 descriptae
1066 2197 1153 2259 sunt;
1177 2188 1207 2261 s.
1234 2185 1264 2246 1⁶
1286 2198 1314 2247 et
1338 2193 1373 2246 2·
1389 2205 1481 2263 procc-

193 2301 284 2370 cepta
306 2294 423 2367 aliquot
442 2294 583 2366 tenuntur
603 2294 712 2352 medici
732 2296 906 2368 ornamenti
922 2293 951 2366 s.
971 2290 1003 2351 2¹⁹
1023 2295 1179 2368 narratura
1201 2298 1349 2361 uacante;
1371 2292 1442 2350 iride
1463 2307 1483 2347 o

191 2395 220 2468 s.
244 2400 282 2454 3·
304 2411 396 2468 resque
416 2394 459 2452 nd
475 2391 503 2464 s.
530 2390 561 2450 7⁶
588 2397 644 2454 coi.
667 2394 704 2453 Il
728 2397 909 2469 aiossariunt
935 2396 1127 2464 extenditur,
1156 2410 1215 2467 qno
1240 2391 1311 2464 sere
1339 2409 1399 2452 non
1426 2394 1485 2451 nisi

196 2499 318 2559 Graeco
340 2496 488 2554 uocabula
512 2498 721 2571 explicantur:
750 2499 884 2557 ‘Adonai
904 2498 1032 2557 dominc.
1068 2493 1164 2569 Anius
1184 2503 1316 2554 sanctus.
1352 2495 1483 2567 Anneius

195 2599 323 2659 nuncius
344 2630 385 2640 —
404 2598 568 2673 ypodorion
596 2599 832 2674 dispositionum.
860 2600 1000 2676 ypodesis
1025 2593 1258 2671 ornamentott‘o.
1287 2593 1353 2672 utin
1375 2592 1482 2669 prima

196 2695 367 2759 matheria'.
411 2697 559 2757 Secuntur
582 2698 611 2771 s.
638 2695 670 2756 7δ
690 2701 748 2759 col.
773 2700 810 2760 II
828 2698 918 2771 ——s.
946 2697 996 2758 11⁶
1022 2701 1080 2759 cot.
1110 2699 1148 2758 ΙΙ
1171 2713 1377 2775 synonyma
1404 2713 1483 2771 quac

197 2799 341 2862 dicuntur
363 2797 560 2862 Ciceronis
582 2802 664 2861 nullo
686 2800 808 2863 adiecto
831 2800 929 2875 titulo,
954 2803 1008 2862 sed
1023 2798 1182 2877 prooemio
1204 2800 1287 2860 dunc
1308 2797 1341 2858 in
1363 2799 1482 2858 modurn

197 2900 360 2978 conposito,
383 2902 464 2976 quod
484 2899 572 2960 erton
596 2900 627 2960 in
642 2901 754 2985 'codiee
776 2901 927 2963 Bernensi
949 2908 1007 2961 258
1028 2920 1108 2963 succ.
1132 2902 1262 2962 lut-tr
1280 2899 1408 2976 lenitur:

279 3004 382 3064 Cicero
404 3003 516 3062 ueterio
539 3001 672 3067 salutem.
710 3004 820 3082 Collegi
850 3003 921 3063 iraec
951 3003 1041 3063 uerita
1072 3002 1186 3081 (collegi
1213 3020 1270 3064 orn.
1294 3005 1362 3063 cod.
1387 3003 1481 3063 Bern.

201 3104 263 3183 258)
287 3121 362 3181 quae
385 3103 444 3183 (qui
466 3105 532 3164 cod.
559 3106 624 3183 258)
652 3104 786 3182 piurimis
808 3105 904 3165 rrrruiis
927 3107 955 3164 in
982 3124 1072 3166 mmm
1096 3104 1215 3165 deiestis
1239 3106 1328 3178 (corr.
1355 3104 1481 3170 diicstis:

200 3205 317 3285 digestis
343 3207 411 3266 cod.
442 3207 507 3284 258)
536 3205 704 3268 dicerentur
733 3206 880 3286 (dicentur
908 3211 975 3269 cod.
1009 3211 1074 3286 258)
1110 3223 1168 3283 ιμιο
1198 3205 1285 3284 (qnod
1314 3208 1382 3269 cod.
1414 3213 1481 3285 258)

201 3323 317 3385 uberior
339 3325 560 3403 promptiorque
582 3326 631 3385 irat
652 3327 746 3386 oratio
769 3301 852 3388 cirum
876 3328 991 3406 (eorum
1014 3328 1082 3387 cod.
1106 3324 1174 3403 258)
1198 3324 1400 3386 adsertionum
1424 3326 1481 3405 (as-

200 3427 358 3486 sertionum
380 3428 448 3486 cod.
473 3424 538 3501 258)
562 3443 687 3503 quorum
703 3428 879 3509 pierumque
898 3427 989 3488 multo
1013 3427 1272 3508 (inattenuata.
1293 3431 1360 3505 258)
1385 3431 1480 3489 maior

201 3544 264 3605 pars
290 3526 416 3588 traditur
443 3526 600 3588 uerborum
629 3533 849 3592 consertionnm
880 3531 1080 3607 (consortione
1101 3531 1169 3590 cod.
1196 3526 1263 3606 258)
1293 3531 1322 3589 in
1351 3527 1404 3589 iras
1426 3527 1474 3590 or'u

202 3626 270 3705 (oms
289 3631 358 3690 cod.
384 3629 449 3705 258)
466 3629 575 3691 iormas
596 3630 782 3693 studentibus
797 3633 967 3713 protutor-as
990 3631 1175 3710 (profuturus
1190 3632 1258 3690 coti.
1277 3637 1343 3710 258)
1367 3640 1481 3691 cetere-

200 3748 253 3809 que
275 3732 455 3791 conueniant
477 3730 554 3808 quod
578 3742 746 3812 (ceteraque
769 3735 949 3796 corrucuicnt
970 3733 1066 3792 hisco
1086 3730 1334 3810 quadratiano)
1358 3733 1480 3793 minime

200 3832 302 3893 mirum
325 3839 389 3892 erat
411 3832 459 3908 (sit
478 3834 545 3892 cod.
572 3836 636 3912 258)
660 3836 685 3895 si
708 3837 737 3895 iu
761 3833 896 3914 piurimis
919 3835 991 3895 iocis
1014 3834 1117 3895 eadem
1142 3832 1232 3894 uerba
1256 3851 1346 3912 saepe
1368 3833 1481 3911 relege·

200 3940 308 3997 rentur.
350 3933 445 3993 Erunt
473 3934 551 3993 enim
580 3951 684 4012 nragna
712 3936 790 4016 quod
819 3945 919 3998 nostre
949 3937 1013 4015 (uri
1037 3940 1104 3998 coci.
1133 3938 1199 4010 258)
1229 3936 1391 3995 memoriae
1421 3954 1479 3996 non

201 4033 359 4112 refugerint
381 4032 501 4112 (inerint
520 4039 587 4096 cod.
614 4043 679 4116 258)
710 4047 761 4100 aut
782 4039 861 4118 quod
886 4038 985 4099 uiuitis
1006 4035 1269 4115 significationibus
1292 4036 1388 4097 dictae
1410 4057 1481 4097 eorr-

199 4137 315 4196 ueniant
343 4143 455 4196 remota
484 4137 615 4214 (ueniunt
640 4157 757 4200 remora
787 4130 853 4202 cod.
886 4142 963 4217 258).
1013 4140 1107 4218 {gitur
1140 4138 1177 4199 ab
1206 4148 1326 4198 oratore
1359 4139 1479 4199 inicium

199 4237 318 4308 (initium
352 4240 421 4297 cod.
451 4239 522 4315 258)
551 4242 709 4318 capiamus.
760 4242 866 4304 Orator
903 4252 986 4303 actor
1021 4243 1183 4320 (capiamus
1211 4241 1262 4303 sic.
1293 4238 1480 4300 iNCii'iVNT

198 4336 317 4424 Gtost}
332 4336 527 4425 senorium}
544 4339 746 4405 CiCGRONiS.
777 4343 886 4405 Oratur
902 4354 985 4405 autur
999 4345 1068 4404 cod.
1088 4345 1153 4421 258)
1170 4341 1308 4402 deiensor
1323 4375 1364 4384 —
1380 4360 1480 4418 egres·

196 4457 246 4499 sus
268 4450 313 4500 est
336 4439 404 4499 exiit
427 4440 575 4518 proiectus
596 4453 642 4503 est
662 4446 718 4505 iter
742 4445 869 4506 intendit
893 4446 950 4506 iter
971 4444 1086 4504 inuadit
1108 4442 1255 4524 pertendit
1279 4438 1479 4521 corrtcndit.*)

262 4623 289 4687 *i
307 4624 451 4689 Sunouurna
468 4625 597 4678 Ciceronis
614 4638 752 4693 praeterea
770 4635 885 4697 leuantur
902 4635 928 4679 tn
940 4633 1027 4681 codice
1039 4631 1169 4682 Ber-aenei
1185 4633 1239 4680 224
1255 4645 1324 4679 onec.
1337 4627 1363 4675 X
1375 4628 1396 4682 f.
1411 4625 1480 4676 mn

194 4712 242 4761 wi·
261 4709 311 4758 11.-
339 4715 533 4788 tmctptttrxtt
559 4720 774 4774 §momenta
801 4723 1004 4774 CiOERONiS.
1056 4717 1142 4766 luania
1168 4731 1248 4764 uranus
1268 4713 1390 4762 uerbosus
1410 4711 1480 4761 runirr

192 4790 288 4857 loquax
306 4795 423 4860 garrulus
446 4823 476 4831 —
498 4797 544 4858 sai.
564 4802 627 4849 193·
645 4805 693 4852 cot.
714 4802 746 4851 II
764 4802 894 4867 fastigium
913 4813 1002 4866 gratus
1020 4803 1080 4864 (ric)
1104 4801 1218 4850 ordinem
1237 4799 1359 4846 honorem
1378 4797 1404 4847 ‘m
1422 4797 1480 4847 reii-
