3382 5476
265 325 387 435 'CCXVI
590 372 640 422 Du
657 368 811 423 IVLIANO
829 367 1027 419 TOLE'l'ANO
1045 364 1283 419 GRAMMATICO

284 558 429 640 simplicia
452 560 499 621 uis
521 557 630 639 syllaba
653 560 809 620 terminata
830 555 982 619 masculini
1004 555 1123 634 generis
1144 561 1221 624 suut,
1245 562 1278 616 ut
1299 561 1369 634 puta
1385 555 1469 634 panis
1484 555 1575 614 crinis

282 645 388 706 amuis.
432 645 528 724 Stirps
544 643 711 725 quomodo?
752 642 913 723 ‘Stirpis
935 650 972 701 et
993 638 1016 719 †
1038 641 1166 720 optiuc
1188 639 1343 701 meliore
1365 639 1574 718 propagine

283 728 482 792 colendus?
528 730 619 791 Pinus
640 728 807 810 quomodo?

435 832 618 892 Fraxinus
640 832 675 891 iu
698 829 810 891 siluis
832 826 1105 909 pulcherrima,
1129 827 1235 905 pinus
1257 828 1292 888 in
1315 826 1445 888 hortis.

283 917 442 995 Pampinus
463 915 630 996 quomodo?
1587 924 1601 963 ε

433 1002 634 1079 Pampiuus
658 1000 805 1060 uuitera
828 999 918 1060 uitis
939 1005 1126 1058 sarmenta
1150 1000 1323 1060 reucstit.

283 1087 352 1149 Dios
374 1085 540 1167 quomodo?

434 1171 578 1232 Primus
601 1171 637 1230 iu
660 1168 753 1231 orbe
775 1168 856 1229 dies
878 1169 977 1230 lucis
999 1168 1206 1246 primordia
1229 1169 1393 1247 sumpsit.

283 1255 369 1317 nem·
433 1341 553 1402 Prima
578 1338 658 1400 dies
680 1338 744 1400 lux
765 1347 822 1417 εει
844 1341 980 1408 terris,
1005 1355 1102 1398 mors
1125 1355 1192 1399 una
1214 1337 1396 1398 tenebris.
1590 1351 1614 1388 ¹0

284 1443 361 1504 Sunt
383 1443 487 1503 incerti
509 1442 627 1520 generis
649 1442 726 1501 inter
749 1440 942 1502 masculinum
965 1447 994 1500 et
1016 1448 1165 1510 neutrum,
1188 1446 1221 1500 ut
1242 1439 1358 1501 lreuum
1374 1439 1486 1520 clipeus
1509 1439 1574 1501 uul-

281 1544 338 1605 gus
366 1545 483 1608 specus.
527 1524 702 1598 Quomodo?
746 1525 819 1595 Ouia
849 1533 879 1585 et
905 1524 1060 1586 masculini
1088 1526 1206 1603 generis
1233 1526 1382 1586 inuenitur
1411 1534 1440 1586 et
1467 1526 1573 1586 neutri.

283 1612 411 1674 Freuum
433 1611 600 1692 quomodo?

433 1697 504 1758 Nec
526 1713 596 1756 nou
619 1705 655 1756 et
676 1693 838 1756 stabulis
859 1694 988 1756 frenos
1011 1695 1142 1756 audire
1165 1703 1353 1756 sonantes.

282 1781 319 1842 Et
339 1783 369 1842 iu
392 1780 573 1862 pluralitate:
1590 1789 1615 1826 1⁵

434 1866 552 1927 Frena
574 1865 823 1944 regendorum
846 1866 990 1926 retinet
1011 1865 1232 1926 firmissima
1256 1882 1422 1942 reguum.

247 1955 404 2048 'Clipeus
426 1967 594 2050 quomodo?
638 1965 806 2046 ‘Clipeus
829 1973 864 2026 et
885 1965 990 2027 hasta
1013 1968 1304 2047 sipapparuerit)
1349 1966 1437 2029 ltem:

434 2066 569 2147 Vulgus
592 2075 628 2128 et
649 2070 882 2130 innumerum
905 2066 1081 2129 releuaus
1103 2067 1145 2128 ad
1168 2068 1293 2130 sidera
1315 2069 1427 2131 duxit.

314 2189 322 2203 ⁰
372 2185 419 2269 lli.
437 2183 526 2268 88⁸1!
548 2187 692 2267 Quicquid
721 2187 756 2247 ad
786 2204 955 2248 mensuram
985 2185 1032 2247 uel
1065 2186 1100 2247 ad
1132 2186 1248 2264 pondus
1280 2189 1423 2268 pertinet,
1458 2193 1576 2268 generis

282 2282 353 2334 suut
376 2275 474 2334 neutri
496 2281 526 2332 et
547 2290 666 2352 semper
687 2270 919 2350 singularitatem
943 2270 1054 2332 habent
1080 2280 1110 2332 et
1137 2290 1196 2332 non
1225 2270 1422 2350 pluralitatem
1452 2287 1575 2355 excepto
1591 2299 1616 2338 ao

286 2357 362 2428 ‘sal',
386 2357 464 2438 quod
486 2365 530 2418 est
551 2358 670 2435 generis
692 2355 847 2417 masculini
870 2366 900 2433 et
921 2356 1064 2437 pluralem
1088 2358 1202 2437 recipit.
1248 2358 1288 2418 lla
1312 2359 1376 2419 eius
1398 2359 1574 2439 exemplum.

282 2443 405 2505 ‘Sales
435 2444 490 2503 tui
519 2444 600 2503 siue
630 2440 742 2502 dente
770 2444 873 2503 siut.'
920 2442 954 2503 Et
976 2440 1078 2511 ‘laba',
1108 2442 1185 2523 quod
1215 2450 1259 2503 est
1287 2446 1404 2522 generis
1431 2445 1573 2506 seminini.

282 2528 324 2589 lla
346 2530 409 2589 eius
431 2527 610 2605 exemplum.

435 2630 542 2690 [lisce
564 2627 766 2691 libens...
794 2628 995 2709 pallentem
1018 2648 1162 2691 sumere
1185 2629 1303 2691 labam

436 2713 623 2775 Nutricem
646 2715 752 2775 uocis
774 2715 1037 2776 monachorum
1060 2733 1204 2794 semper
1227 2718 1387 2778 amicam.
1590 2723 1615 2760 ²⁵

823 2951 869 3010 DE
892 2951 1036 3012 Flovtta.

368 3117 381 3202 ll
399 3120 417 3178 l.
436 3115 498 3180 88b
515 3117 525 3200 ΙΙ
542 3119 615 3180 ltem
637 3121 690 3180 ‘in’
716 3102 894 3202 praepositio
918 3129 977 3190 cst,
1007 3124 1067 3181 ‘ex'
1091 3123 1270 3202 praepositio
1294 3132 1351 3193 est,
1381 3125 1575 3204 ‘pugnabilis’

283 3222 390 3266 nomeu
414 3211 466 3265 est.
512 3203 609 3273 Quare
638 3205 760 3284 ‘pugna'
789 3225 847 3268 una
875 3224 945 3285 pars
973 3224 1032 3266 nou
1061 3215 1105 3267 est
1133 3216 1162 3267 et
1189 3206 1280 3267 ‘bilis’
1308 3208 1384 3269 alia?
1429 3211 1459 3271 Si
1481 3229 1575 3288 peru

283 3290 387 3352 luisset
408 3287 565 3356 scribtum,
597 3288 658 3350 illut
681 3290 804 3370 ‘pugna’
828 3289 972 3352 debuerat
1000 3310 1057 3352 una
1081 3311 1149 3371 pars
1172 3310 1235 3352 esse
1258 3301 1287 3353 et
1309 3292 1375 3354 illut
1396 3294 1487 3355 ‘uilis’
1509 3294 1575 3365 alia,

283 3374 334 3434 sed
357 3376 425 3454 quia
448 3393 502 3453 per
526 3373 544 3433 b
566 3374 716 3444 scribitur,
740 3375 814 3436 nihil
837 3384 890 3439 est.
935 3376 992 3437 lsta
1015 3380 1149 3446 uomina,
1173 3375 1255 3438 uelut
1276 3381 1306 3439 in
1331 3381 1427 3458 primo
1450 3387 1575 3441 tractatu
1590 3401 1615 3439 so

283 3459 420 3520 adnotata
450 3467 532 3528 sunt,
556 3461 594 3519 ita
625 3468 654 3519 et
681 3459 729 3521 liic
751 3462 918 3541 quaerenda
941 3470 1024 3533 sunt,
1054 3462 1106 3523 sed
1129 3461 1248 3540 longum
1272 3472 1316 3524 est
1338 3464 1484 3540 scribere,
1508 3469 1575 3545 quia

285 3562 351 3604 rare
373 3545 459 3604 nobis
481 3560 660 3622 pergamena
683 3542 847 3625 largiuntur
870 3566 886 3608 a
909 3547 1056 3627 Principe.

829 3784 878 3844 oi:
901 3783 1034 3845 VERBO.

370 3948 382 4031 ll
400 3950 418 4010 l.
435 3947 499 4010 94ι
515 3948 526 4033 11
543 3952 625 4014 Sicut
646 3954 677 4012 in
700 3954 795 4032 primo
819 3916 944 4014 tractatu
974 3917 1034 4015 tota
1061 3954 1198 4017 adnotata
1227 3966 1309 4027 sunt,
1338 3959 1377 4018 ita
1406 3958 1454 4019 liic
1482 3961 1576 4021 inter·

284 4045 435 4114 rogentur.
1590 4062 1616 4100 as

351 4305 471 4356 lslllaba
542 4310 692 4374 2propage
743 4304 915 4372 dl‘raxinus]
940 4309 1017 4373 Verp.
1037 4309 1168 4359 EetVII
1187 4315 1218 4361 65
1273 4316 1421 4378 pulcerrima
1475 4317 1499 4364 in
1514 4320 1577 4366 orris

282 4375 358 4425 durtii
378 4375 431 4424 iera
501 4377 591 4424 reuesri
679 4371 809 4440 aprima]
829 4377 966 4426 dracontii
982 4378 1097 4427 desuem.
1117 4384 1175 4428 aul
1246 4383 1277 4430 td
1299 4383 1473 4431 tirmissimum
1545 4389 1576 4436 17

283 4455 338 4492 aista
407 4445 440 4492 24
458 4444 587 4493 Lacunam
604 4450 663 4508 post
682 4444 797 4493 ‘libens’
815 4445 957 4508 sipnificaui
990 4444 1127 4510 pallantem
1197 4451 1230 4498 29
1253 4448 1308 4498 illut
1330 4450 1388 4499 bilis
1457 4454 1577 4503 sonetur

282 4513 307 4560 iu
329 4510 411 4576 priuio
430 4508 549 4575 tractatu]
569 4512 603 4574 cs.
623 4512 797 4577 arcipruplrusn
815 4511 971 4562 Bernenacm
989 4514 1089 4563 Iuliano
1107 4519 1295 4581 consimilems.
1315 4521 1377 4568 22¹:
1404 4519 1440 4569 Ex
1452 4519 1575 4585 *pluribus

284 4590 311 4630 ut
329 4577 536 4643 inexpugnabilis
555 4579 738 4642 inperterritus.
773 4579 923 4638 Quomodo?
948 4581 974 4629 ln
994 4584 1151 4647 praepositio
1170 4594 1217 4648 est,
1236 4601 1268 4635 ex
1286 4586 1410 4648 similiter,
1429 4590 1575 4653 pugnabilis

284 4661 376 4697 nomeu
393 4656 441 4695 est.
478 4645 560 4703 Quare
579 4661 628 4695 nou
648 4647 710 4697 lacis
729 4664 817 4714 pugna
836 4647 936 4710 uuaim)
958 4659 1056 4714 partem
1075 4662 1099 4700 et
1116 4651 1173 4702 bilis
1192 4652 1313 4702 alteram?
1343 4654 1370 4704 Si
1389 4671 1434 4720 per
1453 4672 1467 4704 u
1486 4656 1577 4706 luisset

284 4715 418 4772 scribtum,
437 4722 537 4779 poterat
555 4714 607 4763 lieri
627 4716 672 4764 sed
690 4718 750 4777 quia
767 4732 814 4781 per
830 4716 846 4765 b
865 4717 983 4766 scribitur
1000 4719 1157 4784 pugnabilis,
1176 4735 1227 4769 urna
1245 4737 1304 4786 pars
1324 4734 1370 4776 est.
1399 4725 1576 4788 inperterritus·

283 4781 805 4847 quomodoetc.‚es.1uliunip.682d.
825 4785 894 4835 Rom.
964 4789 995 4836 31
1015 4788 1175 4848 quaerendae
1242 4791 1275 4839 32
1294 4806 1451 4855 purgamento
1544 4798 1576 4844 34

284 4847 364 4913 Sicut]
384 4852 442 4900 Hoc
459 4858 518 4916 port
536 4850 609 4901 uerbi
625 4852 792 4914 definitionem
809 4851 854 4902 sub
871 4855 926 4903 eiua
942 4860 1070 4904 tructutus
1087 4857 1182 4905 initium
1200 4859 1346 4908 adnotatum
1363 4867 1410 4913 est.
