3382 5476
709 367 748 418 IN
767 365 977 418 EVTYOHEM.
1380 384 1489 431 mfflx

196 563 291 614 torem
314 551 531 629 Seduiiumqne
552 571 572 612 a
596 552 729 629 Veraih'o
756 558 915 616 inundatum
943 557 1069 615 eundem
1091 573 1153 617 esse
1175 556 1276 617 uirum
1298 555 1492 635 crediderim,

196 666 296 717 tamen
311 659 436 717 muitum
453 658 548 728 ahest,
574 665 608 717 ut
630 659 676 731 id,
702 660 784 733 quod
806 657 945 718 Osannus
962 657 1041 730 fecit
1064 658 1222 734 ‘Beitrdae
1241 679 1302 720 zur
1322 662 1439 736 ariech.
1462 679 1491 720 u.
1539 681 1548 704 ·

197 766 270 820 ram.
295 760 648 833 litteraturaeschichte'
672 760 709 819 II
725 778 759 835 p.
781 767 844 834 125,
869 778 926 835 cao
948 777 1065 835 qaoque
1088 763 1230 835 arbitrer,
1255 765 1369 824 Karoii
1386 763 1498 837 Manui

197 869 331 938 ternpore
352 869 382 921 et
402 860 558 921 Sedulium
580 861 660 921 hunc
682 869 711 920 et
739 863 904 936 Verailium
932 865 1054 923 uixisse.
1100 863 1178 923 Nam
1201 864 1258 925 hoc
1279 872 1362 925 certe
1388 882 1494 925 uerum

197 971 256 1036 est,
281 966 422 1039 opusculi
442 964 539 1036 iliius,
564 965 648 1038 quod
666 981 763 1039 supra
785 967 1033 1037 commemoraui,
1058 970 1267 1041 paraenetici,
1292 969 1373 1042 quad
1392 974 1436 1026 est
1457 968 1495 1025 de

196 1067 367 1125 rectoribus
395 1064 589 1140 Christianis,
620 1074 775 1126 auctorem
807 1069 925 1126 saeculi
955 1068 1029 1126 noni
1059 1069 1143 1127 initia
1173 1072 1285 1129 uicisse
1312 1070 1496 1143 eandemque

197 1184 273 1240 esse,
299 1184 386 1242 quem
402 1169 610 1244 Hepidamnus
630 1170 795 1229 monachus
810 1169 1021 1242 Sarnaaitensis
1043 1171 1092 1229 uel
1112 1172 1246 1245 quisquis
1263 1171 1330 1244 suit
1350 1173 1415 1230 eius
1436 1172 1497 1229 toci

197 1277 304 1330 auctor
326 1264 384 1349 (cf.
409 1268 506 1329 thr.
530 1273 630 1347 suppl.
654 1272 710 1331 III
725 1289 759 1347 p.
784 1277 854 1344 366,
873 1266 904 1350 2)
927 1288 1008 1331 anna
1031 1271 1163 1332 DCOCX
1170 1273 1254 1332 VIII
1271 1275 1387 1332 ciarum
1410 1273 1495 1331 hahi-

197 1379 257 1431 tam
285 1388 349 1431 esse
375 1370 489 1444 refert,
520 1372 564 1445 cs.
588 1373 754 1433 duchesnii
779 1374 884 1433 histor.
908 1375 1024 1433 Franc.
1048 1374 1197 1433 tumlti
1221 1392 1253 1449 p.
1280 1381 1354 1446 473,
1386 1372 1498 1433 Oadini

196 1477 301 1549 script.
329 1477 436 1534 eccles.
459 1475 498 1533 II
514 1493 547 1550 p.
573 1483 625 1548 26,
663 1477 799 1536 Galdasti
823 1476 935 1535 Rermn
963 1477 1235 1536 alamannicarum
1262 1477 1281 1535 I
1303 1494 1336 1551 p.
1360 1482 1389 1534 6.
1433 1475 1497 1535 Sed

197 1578 245 1636 net
265 1578 294 1635 si
313 1578 380 1651 quis
402 1579 501 1649 dicat,
526 1580 606 1652 quad
628 1577 772 1654 Enutychis
793 1583 1053 1637 commentatorem
1076 1594 1096 1636 a
1117 1579 1251 1652 Veryilio
1273 1579 1404 1638 Marone
1429 1579 1494 1637 iau-

198 1680 270 1738 dari
289 1681 439 1754 suspicor,
465 1696 579 1754 parum
604 1682 701 1751 sirmis
728 1682 787 1740 niti
811 1682 1013 1753 armamentis,
1045 1681 1107 1739 alio
1136 1680 1248 1739 indicio
1274 1682 1404 1740 certiore
1426 1698 1496 1740 usus

198 1781 254 1840 hoc
275 1787 360 1840 certe
382 1783 549 1852 adfirmare
566 1798 656 1857 passe
676 1783 752 1841 mihi
771 1783 889 1858 uideor,
913 1789 1072 1856 utrumqne
1086 1797 1161 1856 opus
1175 1799 1236 1841 non
1251 1783 1290 1841 ah
1306 1800 1365 1842 ano
1380 1783 1494 1841 eadem-

197 1899 254 1957 que
280 1885 351 1942 uiro
378 1880 550 1957 profectum
578 1901 655 1957 esse,
686 1885 838 1958 aliumque
858 1900 922 1943 esse
943 1883 1098 1943 Sedutimn
1124 1887 1371 1958 arnnnmah'cum,
1402 1886 1493 1944 atium

197 1986 372 2044 diuinarum
399 1987 572 2045 litterarum
599 1989 795 2062 interpretem
823 1989 965 2060 uitaeque
986 1987 1099 2060 renatis
1120 1986 1194 2045 hene
1216 1988 1418 2047 instituendae
1439 1987 1494 2046 ud-

196 2087 391 2146 hortatorem.
447 2087 507 2148 Hic
538 2091 616 2148 enim
647 2106 703 2164 per
740 2096 832 2148 tatum
867 2089 976 2147 librum
1012 2087 1211 2160 confessionis
1242 2068 1435 2148 Christianae
1465 2094 1495 2147 et

195 2191 368 2265 scripturae
396 2206 506 2249 sacrae
534 2193 682 2263 meminit,
718 2207 785 2250 cam
817 2191 899 2249 iocos
930 2192 1066 2264 sinyulos
1097 2191 1256 2250 laudando
1288 2197 1351 2249 tam
1384 2192 1495 2250 ueteris

197 2293 368 2350 testamenti
388 2294 496 2366 prisca
524 2294 664 2368 exempla
687 2293 903 2368 proponenda,
934 2293 1017 2350 illum
1046 2308 1119 2351 uero
1146 2308 1294 2366 nusquam
1317 2293 1495 2352 omninode

193 2394 255 2464 fide
277 2393 454 2453 Christiana
481 2397 567 2469 ioqui
592 2397 726 2454 uidemus
747 2410 786 2452 ne
807 2395 866 2452 iltis
894 2388 1012 2467 quidem
1040 2396 1131 2470 iocis,
1160 2395 1268 2469 quihus
1288 2395 1317 2453 si
1336 2396 1495 2469 episcopus

197 2496 387 2556 Christianus
414 2498 464 2555 uel
488 2513 647 2556 sacrorum
673 2496 819 2555 librorum
843 2497 962 2570 peritus
989 2503 1071 2568 erat,
1104 2497 1138 2554 id
1161 2498 1233 2567 heri
1252 2512 1342 2570 quam
1364 2497 1496 2554 manime

196 2605 264 2656 ertu
285 2606 534 2671 consentaneum,
559 2606 591 2658 ut
609 2616 642 2673 p.
669 2605 713 2671 13,
740 2604 756 2655 7
763 2616 774 2666 ;
799 2604 846 2671 26,
867 2603 993 2656 16-33.
1039 2597 1169 2670 hande,
1194 2600 1249 2671 oni
1264 2615 1297 2672 p.
1317 2604 1332 2655 t
1354 2598 1403 2656 ed.
1417 2596 1493 2656 hiai.

197 2718 226 2759 u.
246 2707 327 2758 2-a
348 2702 386 2758 de
400 2702 477 2759 artis
499 2703 636 2775 uinique
653 2702 835 2759 anctoritate
856 2700 1038 2774 disputavit,
1061 2701 1283 2772 yrammaticae
1305 2701 1353 2759 uel
1375 2701 1494 2758 omnino

196 2804 369 2862 litterariae
397 2804 488 2878 artis,
517 2805 546 2861 si
569 2804 788 2876 qrammaticus
814 2810 896 2874 erat,
921 2801 1006 2861 haud
1026 2801 1152 2861 debehat
1179 2803 1324 2862 inmemor
1350 2818 1428 2860 esse:
1462 2808 1494 2859 at

197 2906 276 2964 idem
303 2912 333 2964 et
359 2907 390 2964 in
417 2906 630 2964 enumerandis
662 2905 733 2963 bani
754 2905 907 2979 principis
935 2904 1098 2963 uirtutibus
1125 2911 1155 2963 et
1182 2901 1294 2976 officiis
1321 2905 1494 2964 litterarum

197 3016 289 3082 atque
316 3008 428 3066 artium
457 3008 570 3066 cultum
592 3024 631 3066 ne
652 3023 712 3066 nno
734 3007 853 3080 quidem
875 3007 967 3066 aerho
989 3008 1097 3080 tetiait.
1142 3007 1283 3080 Accedit,
1314 3008 1395 3081 quod
1416 3007 1496 3065 alter

196 3113 272 3168 noni
285 3110 451 3184 decimique
464 3111 581 3169 saeculi
592 3125 703 3168 morem
719 3111 941 3168 usitatissimum
962 3117 1081 3168 secutus
1103 3109 1239 3168 uersibus
1262 3108 1399 3168 distichis
1420 3123 1509 3181 opas!

195 3229 282 3271 saara
304 3214 453 3284 initiauit,
481 3214 701 3286 arammatieus
722 3229 812 3285 uero,
841 3213 898 3270 etsi
918 3212 1062 3270 Alcninus
1083 3209 1276 3284 Smaraadas
1298 3211 1408 3269 Petrus
1430 3208 1494 3268 Cte-

196 3331 279 3373 mens
302 3313 510 3374 Oruindmelus
536 3317 593 3374 atii
617 3316 703 3374 hirris
728 3316 791 3373 suis
817 3315 1027 3387 qrammaticis
1044 3315 1168 3388 poetica
1184 3315 1402 3389 praefixerunt
1420 3328 1494 3386 pro-

196 3417 310 3487 oemia,
341 3432 360 3473 a
389 3418 515 3489 uulneri
539 3433 577 3475 ea
604 3417 790 3492 auspicandi
814 3416 1030 3475 consuetudine
1052 3417 1148 3489 piane
1175 3417 1308 3475 recessit.
1359 3413 1495 3486 lienique

195 3519 291 3577 ualde
312 3518 429 3593 duhito,
459 3535 528 3577 num
551 3520 664 3579 Karoli
683 3519 796 3593 Manui
823 3526 956 3593 ternpore
979 3519 1166 3578 Graecarum
1192 3518 1365 3577 litterarum
1392 3516 1494 3575 studia

195 3620 275 3678 adeo
295 3621 473 3691 (tonuerint,
502 3627 536 3679 ut
557 3621 703 3680 eiusmodi
729 3637 792 3694 res,
822 3622 927 3694 quales
943 3638 978 3695 p.
1003 3625 1095 3678 3-6
1116 3619 1277 3692 hahentur,
1302 3635 1321 3676 a
1343 3633 1492 3692 qrtoqnam

192 3723 397 3796 arammatico
420 3723 526 3780 doceri
539 3730 670 3797 possent.
717 3723 795 3782 Nam
811 3724 937 3782 Ioannis
952 3722 1037 3782 Scoti
1051 3723 1205 3796 Eriacnae
1223 3723 1368 3780 sermonis
1384 3719 1495 3778 Graeci

193 3825 325 3882 mantia
353 3824 397 3882 ad
423 3826 667 3899 interpretandos
694 3826 856 3884 dumtaxat
883 3826 977 3884 libros
1006 3827 1121 3884 Graece
1152 3827 1281 3899 scriptos
1314 3824 1363 3883 nei
1390 3839 1495 3882 uersus

193 3927 277 3984 male
298 3927 471 3985 condendos
500 3921 556 4005 (cs.
582 3927 715 3986 thhaci
734 3928 823 4000 alass.
849 3929 958 3987 Graec.
977 3923 1101 4009 praes.)
1131 3929 1261 3986 nctluisse
1287 3927 1355 3984 ueri
1380 3925 1492 3983 similti-

192 4044 276 4088 mum
298 4036 359 4104 est,
381 4037 564 4103 quamquam
586 4038 615 4089 et
637 4030 718 4089 huric
740 4030 981 4104 ‘deflorationem
1002 4046 1043 4088 ex
1057 4031 1136 4088 libro
1151 4029 1304 4089 Macrobii
1324 4028 1362 4087 de
1384 4028 1496 4086 Graeci

192 4130 361 4204 Latinique
382 4127 467 4188 ucrhe‘
487 4133 629 4190 societate
647 4131 770 4204 fecisse'
787 4138 860 4205 nost
883 4132 1031 4191 Vsseriam
1054 4138 1161 4190 auctor
1182 4138 1226 4189 est
1240 4130 1373 4202 Anaelus
1389 4125 1493 4187 Maius

192 4240 275 4293 auct.
299 4232 368 4291 Vat.
391 4238 461 4292 tam.
487 4233 560 4308 Vp.
586 4240 653 4290 tat.
