3382 5476
394 409 432 461 ΙΝ
450 411 589 462 ΒΟΝΑΤΙ
608 411 722 461 ARTES
741 413 789 462 ET
805 411 1075 466 Banssattlsttvtt.
1321 429 1388 478 CXV

98 617 159 659 nou
183 608 264 659 recte
288 598 473 660 Latinitatem
496 600 632 681 prolerre
655 600 787 663 ualentes
813 612 957 682 ceperunt
986 622 1051 664 eam
1074 621 1280 684 eorrumpere,
1311 605 1390 667 rrrrde

97 700 210 781 placuit
231 701 381 771 Romanis,
405 710 438 762 ut
459 701 508 763 illa
530 701 629 781 lingua
652 700 855 765 barbarismus
878 714 1047 767 uocaretur.

184 802 204 866 l.
230 800 290 863 18²
318 803 411 875 (Bon.
435 822 469 880 p.
496 810 567 879 399,
594 810 625 880 7)
662 806 810 884 llastruga
838 805 939 885 lingua
961 805 1072 869 Gallica
1098 807 1206 869 dicitur
1234 811 1326 871 uestis
1354 829 1391 870 ex

98 903 227 984 pellibus
249 905 379 965 terarum
402 906 488 968 laeta.
533 906 647 969 Cateias
675 906 775 985 lingua
796 908 935 970 Afrorum
964 908 1073 971 dicitur
1101 908 1224 988 gladius,
1268 910 1389 989 blagalia

100 1015 129 1067 ct
150 1005 278 1086 mapalia
306 1006 385 1068 idem
407 1017 479 1070 sunt
500 1009 639 1071 uidelicet
660 1008 760 1071 casule
782 1018 934 1089 pastorum
962 1010 1010 1073 nel
1033 1029 1181 1082 emanue,
1210 1013 1263 1073 sed
1291 1015 1321 1074 in
1345 1013 1391 1074 bis

100 1107 248 1181 (liberunt,
273 1118 338 1187 quia
362 1112 485 1192 magalia
508 1111 691 1203 producitur,
715 1113 842 1193 mapalia
864 1115 1034 1193 corripitur.

184 1245 204 1306 l.
224 1240 282 1304 18·
305 1242 397 1314 (Bon.
410 1260 445 1318 p.
464 1246 529 1316 392,
548 1246 600 1316 14)
625 1239 782 1325 lulanttbu'
804 1242 879 1303 dixit
899 1262 954 1322 pro
969 1242 1141 1303 inlantibus.
1187 1245 1297 1304 Versus
1312 1244 1391 1304 euim

101 1356 154 1415 est,
177 1348 207 1405 in
230 1362 288 1422 quo
311 1344 408 1405 littera
432 1343 629 1412 subtrabitur,
659 1345 726 1423 quia
755 1343 841 1406 aliter
868 1347 899 1405 in
929 1346 1028 1406 eroice
1056 1352 1152 1405 metro
1175 1344 1306 1407 ordinari
1330 1363 1389 1406 non

102 1456 206 1592 potmL
231 1528 290 1593 18³
312 1533 405 1605 (Bon.
425 1549 458 1607 p.
484 1537 548 1604 392,
567 1536 618 1606 21)
642 1531 842 1592 Detrahuntur
864 1541 1012 1602 accentus,
1035 1540 1068 1593 ut
1089 1534 1115 1594 si
1130 1535 1196 1611 quis
1218 1540 1295 1593 meta
1311 1541 1391 1593 creta

103 1644 130 1695 et
157 1644 255 1695 cetera
286 1633 353 1696 talia
382 1635 437 1695 sub
467 1642 552 1694 acuto
581 1642 705 1694 accentu
730 1635 981 1713 pronuntiauerit‚
1018 1653 1085 1696 cum
1112 1633 1168 1695 sub
1198 1634 1390 1695 circumflexo

102 1736 318 1817 pronuntianda
339 1737 413 1795 sint:
437 1744 508 1795 tunc
530 1736 562 1795 lit
583 1735 727 1796 detractio
749 1735 933 1797 eircumllexi
956 1744 986 1796 et
1007 1736 1114 1815 positio
1137 1739 1226 1797 acuti.

184 1835 296 1904 r.18¹¹
325 1839 417 1911 (Bon.
437 1856 471 1914 p.
496 1843 565 1911 392,
593 1842 645 1913 29)
676 1836 831 1898 Scilicet
859 1855 963 1917 quam
993 1836 1059 1897 alii
1087 1836 1159 1918 ete]
1188 1837 1298 1898 Sensus
1325 1836 1391 1897 talis

102 1950 158 2002 est:
181 1940 225 2001 illi
247 1941 298 2020 qui
320 1939 452 2000 iudicant
475 1957 538 2000 eam
562 1955 628 2000 esse
651 1938 789 2009 litteram,
813 1938 855 1999 bii
877 1946 982 2019 putant
1002 1958 1068 2001 esse
1082 1937 1316 2008 barbarismum,
1339 1940 1390 2018 qui

101 2061 153 2121 per
174 2060 241 2103 eam
264 2044 355 2103 sitin
377 2044 488 2120 scripto
511 2050 541 2102 et
563 2040 611 2110 bii,
635 2042 684 2121 qni
707 2060 766 2102 nou
788 2041 919 2102 iudicant
942 2058 1006 2101 eam
1030 2058 1094 2102 esse
1116 2040 1260 2111 litteram,
1285 2039 1389 2101 barba·

101 2148 236 2215 maurum,
259 2147 310 2224 qui
332 2163 387 2223 per
408 2163 473 2206 eam
497 2146 539 2225 lit,
562 2143 664 2204 dicunt
685 2161 751 2205 esse
774 2146 805 2205 in
828 2143 1082 2222 pronuntiatione.

182 2248 204 2308 i.
228 2243 289 2307 18¹¹
312 2247 404 2320 (Bon.
425 2265 459 2323 p.
484 2252 598 2323 393,1)
621 2246 808 2307 bletacismus
831 2254 876 2305 est
898 2246 1007 2306 uicium
1029 2247 1092 2306 siue
1113 2247 1217 2306 scissio
1240 2263 1269 2305 m
1292 2243 1390 2306 littere

102 2366 176 2428 quae
198 2350 231 2409 lit
254 2348 372 2429 quaudo
393 2365 423 2409 m
446 2347 541 2410 littera
561 2349 639 2408 inter
661 2346 734 2408 duas
762 2346 880 2408 uocales
902 2348 1034 2426 ponitur,
1065 2355 1098 2406 ut
1125 2345 1249 2408 ‘bonum
1271 2349 1388 2409 aurum’

100 2450 270 2513 ‘docibilem
293 2453 445 2519 amicum',
475 2459 507 2510 ut
533 2449 622 2511 talem
644 2467 749 2510 sonum
772 2447 880 2510 babeat
902 2467 993 2509 unum
1018 2467 1062 2517 m,
1091 2456 1124 2508 ut
1144 2447 1203 2509 duo
1226 2467 1255 2509 m
1271 2468 1300 2510 m
1324 2467 1390 2509 esse

101 2553 269 2615 uideantur.
294 2586 332 2596 —
348 2552 550 2632 Laptacismus
566 2560 610 2612 est
624 2552 729 2612 uitium
745 2552 809 2611 siue
825 2551 927 2610 scissio
950 2550 959 2609 l
983 2550 1089 2619 littere,
1113 2569 1190 2631 quae
1204 2552 1246 2621 lit,
1271 2549 1389 2628 quando

102 2654 157 2716 duo
185 2653 207 2714 ll
235 2656 265 2715 in
295 2654 392 2715 medio
420 2655 516 2734 posita
544 2672 681 2733 asperum
710 2671 816 2712 sonum
845 2650 988 2722 reddunt,
1019 2660 1051 2713 ut
1078 2651 1148 2713 sella
1178 2650 1271 2713 stella.
1316 2652 1389 2713 Nam

102 2774 191 2818 unum
214 2756 225 2816 l
247 2757 276 2817 in
300 2754 397 2817 medio
419 2758 547 2834 positum
572 2755 677 2816 exilem
699 2773 805 2815 sonum
828 2755 905 2829 lacit,
929 2764 962 2815 ut
983 2754 1131 2832 relinquo.
1153 2788 1196 2800 —
1217 2753 1390 2816 Collisioues

101 2856 240 2920 dicuntur
262 2858 491 2919 confricationes
514 2856 631 2937 quando
653 2858 721 2917 bnis
744 2857 826 2935 (sinis
847 2857 927 2936 eod.)
951 2856 1155 2936 praecedentis
1177 2856 1313 2917 dictionis
1334 2856 1390 2915 ini·

102 2960 173 3021 tium
197 2968 242 3021 est
262 2961 425 3037 sequentis,
449 2968 480 3019 ut
502 2958 636 3020 ‘materia
652 2977 669 3018 a
685 2961 786 3027 terra’,
810 2967 840 3019 et
861 2958 978 3037 quando
993 2958 1093 3020 ‘inulte
1114 2958 1258 3020 dictiones
1280 2956 1317 3020 ab
1333 2975 1391 3018 una

100 3059 197 3124 littera
219 3061 368 3131 ineboant,
392 3072 425 3122 ut
447 3068 491 3123 est
512 3059 599 3122 illud:

295 3163 534 3225 elsteram
557 3171 636 3224 tute
659 3163 727 3223 tibi
751 3171 850 3224 tanta
875 3165 1023 3223 tiraune
1046 3163 1181 3227 tulisti.

184 3269 205 3328 l.
231 3263 292 3327 18¹³
316 3268 407 3339 (Bon.
427 3284 461 3342 p.
481 3272 545 3340 393,
565 3271 597 3342 5)
621 3264 820 3325 Soloecismus
842 3265 950 3325 dicitur
972 3285 988 3325 a
1011 3263 1079 3326 Sole
1102 3265 1220 3326 ciuitate
1238 3264 1389 3333 llalnratie,

102 3386 176 3446 quae
205 3386 286 3429 nune
314 3365 525 3447 Poupeiopolis
554 3366 677 3436 dieitur,
707 3368 792 3428 cuius
819 3365 999 3428 habitatores
1027 3367 1157 3429 lltbenas
1184 3377 1390 3445 perrexerunt,
1417 3424 1420 3429 .

102 3478 134 3531 ut
157 3469 203 3531 ibi
231 3470 373 3531 Graecam
403 3468 533 3546 linguam
562 3468 709 3530 discerent
737 3478 766 3529 et
793 3487 875 3530 suam
904 3476 1075 3538 seruarent,
1104 3487 1192 3548 qrram
1220 3478 1302 3529 recte
1331 3486 1390 3528 nou

101 3572 233 3634 ualentes
255 3572 390 3653 prolerre
413 3580 568 3649 utramque
590 3579 797 3648 corruperunt.
842 3569 924 3630 Vnde
947 3569 1058 3649 placuit
1079 3569 1264 3639 doctoribus,
1294 3579 1326 3631 ut
1348 3571 1392 3630 ui·

102 3676 178 3735 cium
200 3673 280 3735 illius
301 3673 403 3752 lingue
424 3672 617 3734 soloecismus
640 3680 806 3734 uocaretur.
1280 3655 1293 3684 ⁰

184 3775 205 3836 l.
230 3772 289 3837 19·
311 3777 403 3849 (Bon.
422 3793 457 3851 p.
483 3781 552 3848 393,
580 3779 629 3849 19)
653 3772 842 3854 partibus]
873 3773 997 3844 Quidam
1027 3772 1094 3835 libri
1117 3773 1228 3834 babent
1250 3775 1390 3853 ‘partium

102 3880 267 3946 orationis,
291 3878 342 3938 sed
358 3886 439 3938 recte
461 3887 491 3937 et
513 3875 640 3936 nobilius
662 3876 734 3937 dicit
756 3874 924 3955 ‘partibus',
948 3877 1017 3953 quio
1032 3876 1134 3937 accido
1150 3874 1276 3936 uerbum
1291 3875 1391 3936 datiuo

102 3982 183 4041 casui
204 3981 349 4058 iungitur.

185 4080 207 4144 l.
233 4077 291 4142 19ι
314 4082 405 4154 (Bon.
425 4101 459 4158 p.
485 4089 550 4156 393,
577 4087 628 4158 29)
651 4081 784 4143 Τοιιιιιιιι
807 4099 915 4143 nomen
939 4089 998 4151 est,
1022 4080 1099 4161 quod
1124 4081 1183 4159 (qui
1205 4079 1283 4159 cod.)
1307 4081 1391 4159 poni·

101 4192 150 4244 tur
172 4200 228 4263 pro
251 4182 395 4245 aduerbio
418 4192 517 4244 torue:
548 4182 585 4243 de
606 4189 708 4244 Aurata
731 4201 823 4244 uxore
847 4183 943 4244 Latini
965 4182 1052 4252 dicit,
1075 4184 1126 4262 qui
1149 4201 1217 4243 cum
1238 4181 1390 4243 Lauiniam

102 4283 190 4346 filiam
213 4302 297 4346 suam
318 4285 400 4346 Enee
415 4288 550 4356 sociaret,
574 4294 694 4346 toruum
717 4286 735 4344 i·
754 4283 928 4346 terribiliter
945 4283 1101 4353 clamabat,
1124 4285 1208 4345 cuius
1224 4282 1390 4363 exemplum

100 4383 187 4447 latius
210 4395 269 4448 est:

229 4471 474 4551 Sanguineam
499 4483 678 4553 torquens
701 4477 833 4535 laciem
857 4483 1078 4553 toruumque
1101 4480 1256 4551 repente

228 4573 380 4637 Clamat:
404 4577 437 4634 io
461 4584 597 4636 matres
620 4575 747 4636 audite
770 4574 831 4636 ubi
855 4591 1024 4652 quaeque
1047 4574 1189 4634 Latine.

186 4678 207 4737 l.
232 4672 295 4737 19δ
318 4679 409 4751 (lion.
432 4695 464 4752 p.
490 4683 562 4753 393,
587 4684 637 4747 39)
667 4677 724 4737 Per
752 4694 862 4755 genera
885 4678 959 4736 liunt
980 4676 1162 4744 soloecismi,
1192 4677 1268 4735 sicut
1289 4672 1392 4733 ‘ualidi

100 4777 221 4841 silices'.
269 4778 346 4840 Silex
369 4781 448 4839 enim
472 4779 604 4837 leminiui
628 4779 745 4857 generis
768 4790 820 4838 est.
868 4779 950 4839 Vnde
978 4780 1176 4856 Virgilius:

432 4879 480 4941 lla
503 4878 613 4940 silice
637 4883 672 4940 in
697 4879 788 4941 rruda
813 4879 979 4958 reliquit.

1149 4980 1189 5030 h*
