3382 5476
200 390 285 439 CVIII
541 375 592 427 DE
610 374 827 427 COMMENTIS
846 372 1146 434 EINSIDLENSIBVS

192 568 440 644 perscrutatione
461 572 619 638 remotum,
650 567 695 624 ita
721 567 854 639 exceptis
876 566 1005 638 aliquot,
1035 579 1115 638 auae
1135 567 1166 624 in
1187 566 1315 637 sinendis
1336 565 1491 625 uocabadis

198 685 218 727 a
242 669 360 728 Graeca
383 670 501 742 criptae
521 667 693 742 repetendis
715 673 891 740 uersentur,
917 667 1145 740 definitionibus,
1171 669 1203 725 in
1224 669 1397 726 uniuersum
1420 669 1489 725 Ver-

195 773 323 846 pilianis
343 771 542 844 similiumque
562 771 625 828 eius
639 768 871 828 ariolationibus
884 784 986 842 paene
1001 770 1120 828 omnino
1134 776 1229 828 caret.
1276 771 1372 844 Atque
1386 785 1490 829 eorum

197 891 238 934 en
259 888 384 933 numero
406 877 652 944 commentorum,
682 885 761 944 quae
787 870 882 928 muita
911 871 1002 928 etiam
1031 871 1061 929 in
1089 870 1337 930 bibliothecarum
1359 872 1491 932 tenebris

197 978 295 1034 latere
314 981 546 1034 consentaneum
569 979 622 1046 est,
647 973 729 1050 parad
750 971 955 1030 Einsidtensia
974 969 1161 1046 potissimum
1183 973 1252 1032 lucc
1273 972 1395 1046 donaui,
1419 974 1491 1033 inde

192 1047 381 1150 factumest,
399 1078 471 1150 quia
486 1075 562 1134 baec
577 1077 644 1149 ipsa
660 1074 698 1132 ab
721 1075 937 1147 insequentium
960 1075 1149 1134 saeculorum
1171 1075 1339 1135 bominibus
1357 1076 1489 1150 probata

197 1186 226 1238 et
242 1185 422 1254 propapata
444 1178 513 1237 iridi
531 1194 583 1237 seu
605 1176 836 1250 excerpentibus
857 1191 910 1234 seu
931 1176 995 1234 ntia
1017 1176 1140 1235 aliunde
1160 1177 1196 1236 iis
1216 1175 1488 1251 adpiidinnntlbus.

197 1281 263 1341 Hoc
284 1287 317 1340 ut
333 1279 512 1355 probarem,
537 1279 629 1338 alteri
649 1281 680 1337 iu
696 1276 811 1336 Donati
830 1286 927 1337 artem
941 1280 1084 1338 maiorem
1100 1286 1262 1338 commento
1284 1288 1375 1355 atque
1388 1283 1487 1353 tertio,

196 1383 278 1458 quod
298 1383 342 1440 ad
361 1380 583 1440 barbarismum
602 1381 751 1454 pertinet,
776 1381 891 1454 passim
920 1382 950 1439 in
973 1381 1170 1440 adnotatione
1191 1382 1304 1442 codicis
1326 1381 1491 1442 Beruensis

198 1491 257 1543 330
275 1486 357 1543 10303
374 1484 543 1542 consimiles
560 1484 692 1557 ascripsi
710 1498 771 1541 reou
795 1498 910 1554 omenes,
934 1484 988 1541 scd
1008 1485 1138 1557 quadam
1154 1481 1277 1544 dicendi
1298 1485 1347 1543 uel
1361 1485 1493 1544 docendi

93 1627 98 1635 -
192 1588 384 1662 proprietate
406 1586 591 1658 conspicuos.
630 1584 741 1657 Itaque
754 1585 843 1641 ctiam
866 1584 896 1641 in
918 1584 1031 1643 sebolio
1045 1587 1220 1658 marpiuali,
1245 1585 1326 1675 quod
1345 1587 1412 1645 cod.
1433 1593 1490 1644 201

194 1687 221 1762 s.
241 1684 292 1746 10⁶
308 1689 419 1763 primis
434 1686 551 1745 Boriati
571 1687 609 1744 de
622 1687 726 1744 littera
741 1687 875 1745 cursibus
890 1689 1055 1761 ascriptum
1071 1695 1113 1745 est
1127 1703 1219 1745 marin
1240 1689 1356 1748 saeculi
1369 1688 1487 1759 decimi,

196 1792 285 1850 talem
314 1791 485 1864 argumenti
510 1789 720 1861 cognationem
749 1787 975 1862 deprehendas:
1004 1787 1115 1873 ‘litterp
1143 1804 1241 1862 quare
1266 1789 1366 1848 dicte?
1393 1791 1490 1859 tribus

195 1909 235 1952 cn
256 1893 369 1962 causis,
399 1906 458 1949 atrro
485 1890 573 1949 modo
600 1891 688 1962 quasi
712 1891 853 1973 lepittcrp
880 1906 915 1947 eo
940 1891 1022 1963 quod
1037 1890 1210 1964 praebeant
1231 1891 1397 1965 tepentibus
1418 1894 1488 1951 iter.

90 2023 93 2038 ι
195 1996 256 2053 alio
282 1992 371 2053 modo
398 2008 438 2051 ex
466 1992 512 2051 leis
539 1994 619 2078 dicte
647 2007 666 2048 a
694 1993 806 2049 littaris
828 1993 903 2049 idest
930 2008 950 2048 a
972 1992 1114 2051 lirriertdo.
1144 1993 1263 2066 antiqua
1289 1995 1400 2068 quippe
1427 2010 1489 2053 reon

196 2096 347 2155 nubebant
369 2094 558 2153 membranas
578 2095 632 2154 sed
659 2093 830 2152 scribebant
857 2091 889 2152 in
917 2093 1028 2153 tabidis
1054 2097 1167 2153 emotis
1194 2097 1294 2154 onmia
1323 2103 1352 2154 et
1381 2097 1489 2157 iterum

196 2197 346 2257 delebant.
375 2198 465 2254 tertio
492 2198 581 2256 modo
609 2195 692 2279 dicte
718 2197 819 2280 littere
845 2212 880 2255 eo
908 2176 1040 2270 quadiu
1063 2197 1190 2270 le’perido
1212 2199 1368 2257 iterentur.
1411 2197 1491 2273 Sepe

195 2297 275 2360 enim
298 2300 329 2358 in
351 2314 414 2357 una
436 2299 518 2356 liraen
534 2305 634 2373 potest
656 2315 675 2355 a
697 2299 851 2373 repperiri
871 2304 925 2356 aut
946 2298 963 2355 b
986 2304 1041 2357 aut
1062 2300 1102 2371 c',
1126 2297 1170 2370 cs.
1187 2316 1292 2358 corratn.
1308 2299 1438 2360 Eiresidl.
1454 2300 1491 2360 II

192 2419 225 2478 p.
253 2407 316 2473 221,
343 2404 474 2468 15—19;
498 2400 570 2460 ibid.
594 2400 762 2463 ‘Moserat
784 2400 870 2475 apud
890 2401 1030 2474 antiquos
1057 2407 1089 2459 ut
1111 2418 1169 2460 non
1194 2402 1329 2461 dicerent
1352 2402 1489 2480 obtinus,

195 2505 250 2564 sed
270 2504 403 2563 obtamus
425 2519 481 2562 nec
502 2505 552 2562 uir
573 2520 723 2579 expresse,
747 2503 802 2562 sed
822 2504 865 2561 ita
888 2489 920 2561 ut
941 2519 958 2561 e
978 2510 1102 2561 sonaret
1123 2519 1177 2562 nec
1200 2503 1333 2562 obtamus
1347 2520 1491 2578 expresse

194 2607 249 2666 sed
274 2608 317 2665 ita
346 2613 379 2665 ut
406 2608 419 2664 i
443 2614 567 2665 sonaret
592 2614 621 2664 et
648 2607 715 2665 ideo
738 2608 750 2665 i
774 2614 802 2664 ct
829 2622 849 2663 u
875 2606 972 2691 rrtedie
1000 2604 1174 2677 dicuntur’,
1204 2605 1248 2679 cs.
1272 2621 1378 2664 comen.
1403 2606 1489 2667 Eius.

190 2727 225 2785 p.
252 2715 318 2783 223,
344 2714 468 2767 11-11.
515 2708 649 2767 Ceterum
677 2709 758 2767 lettnc
785 2710 957 2782 unanimanti
981 2708 1202 2767 similitudinem
1231 2710 1274 2767 itn
1296 2725 1414 2783 qnoque
1435 2725 1488 2768 ex-

190 2812 312 2885 plicare
339 2812 487 2884 quispiam
511 2792 623 2884 possit,
659 2819 690 2868 ut
718 2827 759 2868 en
786 2811 890 2868 talium
918 2811 1098 2869 scholiorum
1131 2811 1267 2883 marpini
1296 2827 1489 2884 aspersorum

191 2912 360 2986 sarrapinc
382 2913 514 2985 untdique
535 2919 678 2985 cortpesto
700 2919 960 2970 commentatorem
979 2911 1191 2970 Einsidlensem
1213 2914 1387 2986 opusculum
1402 2930 1488 2973 sittim

195 3013 362 3086 confecisse
389 3010 524 3095 dicat.*)
569 3013 628 3071 Hic
656 3029 729 3070 uero
757 3014 822 3085 uuis
845 3012 944 3084 suerit
972 3014 1059 3071 leorno
1089 3022 1179 3087 atque
1206 3014 1326 3073 ubinam
1343 3017 1488 3087 peritiam

196 3114 311 3175 reinerii
332 3115 475 3189 quibusue
497 3123 662 3188 temporum
682 3115 792 3185 tinibus
813 3130 902 3188 quiam
929 3117 1155 3174 accuratissime
1181 3118 1219 3175 sit
1240 3117 1488 3177 circumscriben-

195 3219 268 3291 dus,
294 3215 474 3289 difficillime
496 3215 580 3276 dictu
601 3223 690 3288 esset,
721 3217 782 3274 nisi
803 3218 935 3290 primum
963 3225 1045 3275 certe
1067 3224 1230 3276 tractatum
1252 3219 1303 3278 sub
1326 3217 1491 3294 Remigii

195 3318 316 3379 nomine
345 3322 374 3378 in
402 3316 492 3378 libris
519 3316 737 3393 ntanttscriptt's
761 3320 874 3392 passim
903 3318 1101 3392 circumferri
1125 3327 1292 3392 constaret,
1317 3318 1361 3393 cs.
1385 3321 1491 3382 Caroli

198 3418 326 3481 Tburott'
342 3420 473 3479 ‘Notices
495 3426 524 3478 et
544 3417 677 3479 entrat‘ts
698 3421 750 3479 tles
771 3423 950 3480 manuscrits
972 3422 1010 3480 de
1030 3423 1062 3479 lo
1084 3421 1283 3496 bibliotlte'que
1303 3421 1485 3498 impe'rialc’,

194 3533 262 3583 tom.
286 3521 394 3594 XXII,
424 3529 498 3581 1303
515 3528 595 3597 pb.
615 3529 659 3581 10.
695 3522 773 3580 Nom
795 3523 872 3581 baec
893 3532 963 3582 sient
986 3526 1091 3582 ultima
1113 3524 1208 3583 uerbo
1236 3523 1301 3585 eius
1322 3532 1483 3600 tractatus,

195 3628 293 3699 qualis
313 3631 357 3684 est
379 3626 411 3682 in
433 3625 539 3684 codice
562 3624 826 3698 Montepessulnno
850 3632 907 3682 337
928 3642 1009 3686 saec.
1033 3625 1111 3698 Xs.
1139 3633 1208 3685 tot:
1235 3625 1332 3687 ‘unde
1360 3636 1389 3687 et
1411 3645 1487 3706 papa

195 3727 302 3786 dicitur
325 3724 503 3805 apostolicus
527 3732 555 3784 ct
578 3726 793 3804 interpretatur
815 3725 997 3787 admirabilis
1020 3727 1068 3787 uel
1092 3734 1176 3806 pater
1199 3735 1324 3805 patrum.
1363 3728 1399 3789 Et
1416 3737 1489 3789 attat

195 3829 362 3888 intumentia
398 3836 442 3887 est
477 3828 643 3887 metuentis.
688 3826 777 3887 LIber
813 3827 940 3906 Remigii
974 3826 1102 3907 explicit.
1147 3828 1207 3890 Deo
1236 3832 1346 3907 gratias
1377 3834 1487 3891 amen'.

194 3939 285 4006 atquc
313 3929 344 3989 iu
372 3933 476 3990 codice
498 3931 641 3990 Parisino
666 3937 721 3988 712
747 3933 840 4001 (saec.
864 3929 965 4007 Xlll)
985 3930 1013 4003 f.
1039 3937 1091 3988 tt:
1123 3931 1240 4009 ‘Incipit
1263 3933 1407 4010 expositio
1429 3932 1485 3992 ne-

194 4033 276 4110 migii
293 4034 323 4091 in
340 4034 436 4108 pnIma
453 4030 584 4092 editione
600 4031 704 4092 Donati
721 4031 872 4109 gramatici
889 4031 973 4092 urhis
989 4031 1090 4094 Ronne.
1122 4032 1180 4093 lstc
1197 4032 1298 4095 titulus
1318 4033 1377 4107 (cf.
1393 4020 1489 4096 Keilii

195 4203 421 4211 ———-

262 4318 289 4382 *)
309 4319 395 4371 Obiter
411 4337 507 4382 manca,
527 4337 579 4370 eum
598 4324 685 4382 locum,
703 4335 752 4385 quo
770 4322 801 4370 de
820 4321 915 4370 ‘idem'
933 4323 1079 4384 pronomine
1098 4323 1182 4386 opitur
1198 4340 1224 4386 p.
1243 4326 1307 4380 205,
1326 4316 1432 4385 s-ti‚
1452 4340 1487 4374 eac

193 4390 295 4440 Iuliano
313 4405 429 4440 manasse
447 4391 536 4448 uideri,
549 4390 695 4450 concilicet,
716 4390 797 4454 qualis
815 4390 906 4453 tepitur
924 4392 949 4438 in
967 4390 1054 4439 codice
1066 4388 1195 4441 Beruensi
1208 4393 1266 4454 tor,
1282 4391 1385 4452 112810:
1405 4392 1484 4441 ‘Idem

193 4457 334 4507 mascunno
353 4473 445 4522 genere
463 4458 625 4523 productum.
657 4456 683 4508 Δ
702 4454 853 4513 Quomodo?
889 4455 925 4521 )·(
944 4455 1050 4514 Quando
1069 4458 1201 4507 masculini
1221 4461 1322 4524 generis
1347 4460 1436 4517 luerit,
1460 4473 1487 4509 nt

212 4537 254 4576 utu
273 4525 355 4574 ‘idem
375 4527 433 4574 nir‘
452 4527 499 4575 enit
521 4524 646 4590 ilongum
660 4526 716 4575 dem
731 4525 807 4574 breue
824 4535 849 4574 et
866 4527 913 4574 erit
931 4541 976 4589 pes
995 4526 1121 4576 trocheus.
1157 4525 1183 4577 Δ
1200 4526 1238 4576 Dn
1258 4528 1312 4577 eins
1330 4528 1485 4593 exemplum.

193 4543 230 4658 ἕ(
247 4593 314 4643 Viuo
339 4594 453 4643 nocendo
477 4594 580 4657 quidem
602 4594 648 4642 sed
670 4608 711 4641 me
733 4603 818 4641 manet
839 4593 922 4642 exitus
948 4593 1027 4642 idem.
1062 4594 1130 4643 Idem
1158 4606 1246 4644 neutro
1269 4606 1423 4661 correptum.
1458 4595 1484 4647 Δ

193 4661 345 4720 Quomodo?
381 4659 416 4725 )·(
435 4661 541 4720 Quando
561 4663 640 4710 neutri
660 4661 760 4727 generis
780 4659 868 4718 luerit,
887 4672 916 4710 ut
933 4673 994 4725 puta
1013 4661 1091 4712 ‘idem
1109 4663 1225 4721 animab,
1244 4665 1290 4712 erit
1308 4665 1315 4713 i
1334 4664 1411 4714 breue
1428 4663 1485 4714 dem

193 4729 270 4779 breue
287 4742 312 4780 et
329 4731 376 4781 crit
394 4745 440 4795 pes
459 4730 603 4796 pinricltins.
633 4727 659 4779 Δ
678 4729 713 4778 Da
732 4729 786 4777 eins
805 4729 958 4794 exemplum.
988 4727 1023 4794 )·(
1043 4730 1147 4780 Mortale
1159 4746 1253 4795 corpus
1268 4733 1333 4781 idem
1353 4732 1486 4782 inmortale

192 4801 322 4912 &surgiw
358 4799 487 4901 Exemplis
503 4799 606 4864 poetica
624 4799 713 4847 desunt
736 4799 806 4861 apud
822 4797 946 4847 lulianum
969 4799 1094 4862 uulpntum
1110 4815 1137 4863 p.
1158 4801 1197 4847 72.
1216 4802 1249 4849 80
1267 4802 1308 4850 ed.
1328 4801 1406 4862 llam,
1426 4804 1483 4856 cad.

219 4881 273 4914 ern.
293 4867 384 4929 1131.
403 4871 480 4921 teo.
