3382 5476
192 400 275 448 ccvt
490 386 540 436 DE
559 386 709 437 IVLIANO
727 384 922 436 TOLETANO
942 383 1187 436 GRAMMATICO

192 578 279 636 maie.
346 571 388 635 30
412 582 443 634 ut
465 583 547 652 petra
572 581 649 634 terra
672 574 779 653 parics.
825 572 861 633 Et
883 570 934 632 ubi
957 579 1061 633 natura
1083 571 1131 632 uel
1154 588 1203 632 ars
1229 588 1324 650 genus
1351 589 1411 633 non
1435 571 1485 633 de·

195 678 422 744 monstraucrit,
457 675 525 751 quid
555 676 722 735 iaciendum
750 675 811 735 esti
855 675 1022 735 Auctoritas
1086 670 1125 734 31
1155 673 1314 733 crrctoritas
1340 674 1485 735 maiorum

192 777 335 849 deluerit,
359 777 429 857 quid
446 777 613 838 iaciendum
630 778 692 838 esti
730 775 855 837 Scribsit
870 776 937 836 Ver
948 795 986 835 ro
1002 775 1037 835 etl
1054 775 1242 836 Ciceronem:
1267 777 1276 802 ‘
1283 777 1487 852 {intestatis

192 888 349 939 nostrae
372 887 427 938 est
449 877 528 939 illis
550 876 663 938 rebus
686 878 774 937 darc
797 895 949 955 genero,
973 896 1121 957 quucex
1138 885 1486 955 noturegeuusnon

191 979 344 1049 babent,
368 981 573 1041 secundum
597 977 819 1058 qualitatem
844 980 921 1060 (cod.
939 977 1095 1058 qualitatis)
1119 977 1324 1039 locutionis
1346 978 1489 1040 similis

191 1082 405 1162 quaerenda
429 1091 485 1143 est
506 1083 631 1142 oratio
654 1090 689 1141 et
711 1082 808 1142 sicut
835 1079 1011 1161 placitum
1042 1079 1149 1140 nobis
1179 1088 1317 1150 munet,
1346 1079 1489 1142 dicitnr

191 1185 395 1262 unicuique
419 1186 573 1245 nomen'.
619 1183 672 1243 Vbi
696 1183 903 1245 discernuntur
925 1185 982 1243 ista
1005 1184 1132 1260 generet
1154 1191 1209 1243 etc.

275 1321 476 1382 Subsistemus
495 1322 669 1396 paululum:
691 1323 751 1379 iam
767 1321 859 1387 uides,
882 1321 1030 1382 Varronis
1043 1321 1140 1379 locum
1155 1322 1187 1378 iu
1201 1320 1269 1379 cod.
1286 1321 1381 1380 Bern.
1396 1322 1491 1380 mutto

192 1427 366 1485 accuratius
393 1423 523 1497 referri,
558 1439 647 1498 quam
676 1439 696 1480 u
718 1419 842 1481 Iutiuuo
860 1420 981 1492 sactum
1013 1428 1057 1480 est
1087 1425 1254 1496 ceterisque
1285 1422 1487 1498 artiprapbis,

191 1543 264 1601 unos
285 1528 305 1585 l.
321 1528 343 1585 i.
366 1527 484 1585 Keilius
505 1527 694 1586 enumeravit
717 1525 755 1583 de
776 1525 879 1583 eadem
901 1541 936 1582 re
958 1524 1146 1583 disserentes,
1192 1523 1271 1582 Num
1292 1524 1380 1584 bend
1401 1523 1491 1584 dubie

194 1629 305 1688 remia:
335 1629 510 1687 ‘secundum
538 1629 713 1702 qualitatem
739 1659 782 1673 --
811 1628 971 1700 unicuique
997 1625 1115 1684 uomen'
1143 1624 1186 1681 ud
1212 1626 1379 1684 Varronem
1407 1624 1490 1697 rese·

193 1731 292 1789 reuda
318 1737 401 1802 suut,
432 1727 546 1805 quippe
574 1746 651 1802 pune
678 1729 716 1788 ub
746 1728 922 1803 urtiprupiti
949 1727 1111 1787 Beruenses
1137 1735 1228 1801 utque
1254 1728 1349 1802 ipsius
1374 1726 1492 1787 Iuliani

193 1831 316 1891 dicendi
350 1850 406 1890 usn
430 1833 541 1906 procul
567 1831 761 1889 oblmrreont.
819 1830 912 1898 Vnde,
943 1839 974 1888 ut
996 1832 1056 1888 ium
1084 1829 1122 1888 de
1147 1830 1256 1888 ceteris
1280 1826 1489 1903 pronioribus,

192 1950 269 2008 quae
302 1935 381 1992 inter
414 1933 568 1991 lectionum
599 1932 789 2006 codicemque
815 1929 998 1990 Beruensem
1026 1931 1233 1998 intercedunt,
1272 1931 1489 2006 discrepantias

192 2044 319 2100 taceam,
336 2035 481 2094 concludi
490 2041 598 2108 potest,
617 2032 694 2092 artes
708 2033 872 2093 Beruenses
886 2035 1063 2108 scriptorem
1078 2050 1136 2093 uou
1152 2049 1191 2093 cu
1206 2032 1327 2093 Iuliano
1341 2033 1488 2107 iacuisse,

198 2138 348 2196 uounrdlis
369 2137 418 2195 uel
440 2136 477 2194 de
498 2152 551 2194 suo
571 2137 622 2194 ud
641 2153 681 2196 ex
703 2133 774 2193 aliis
796 2136 912 2194 ortibus
929 2139 1044 2210 passim
1067 2139 1200 2210 insertis,
1224 2137 1280 2196 scd
1297 2139 1491 2194 econtrario

199 2245 253 2298 out
286 2238 438 2297 lulianum
473 2238 656 2312 urtiprupito
682 2237 835 2297 Berueusi
859 2254 944 2297 rasum
972 2254 1035 2297 esse
1061 2245 1115 2298 unt
1141 2254 1321 2298 communem
1348 2237 1491 2297 ambobus

190 2341 307 2413 sontem
327 2348 452 2416 preesto
470 2338 576 2410 fuisse.
624 2340 689 2411 Occu
711 2341 749 2399 de
769 2357 805 2399 re
825 2341 936 2400 certius
958 2348 1019 2399 tum
1041 2342 1156 2400 demtum
1184 2337 1393 2415 iudicabimus,
1421 2357 1489 2400 enm

192 2452 296 2503 cetere
319 2459 445 2518 quoque,
470 2459 547 2517 quoe
569 2461 589 2501 u
612 2440 714 2502 Keiiio
735 2450 881 2517 excerpto
902 2448 987 2516 snut,
1006 2440 1307 2519 periiutruuerimru.

277 2563 307 2623 p.
331 2540 411 2623 318,
434 2540 476 2604 35
499 2543 618 2623 quando
641 2544 707 2603 dico
729 2543 779 2604 bic
802 2542 954 2603 masculini
977 2544 1094 2621 generis
1117 2552 1177 2612 est,
1201 2543 1318 2622 quondo
1341 2542 1409 2604 dico
1432 2543 1489 2603 bec

197 2646 338 2713 leminini,
363 2645 479 2723 quando
501 2645 568 2706 dico
591 2647 647 2707 boc
670 2647 767 2708 neutri

278 2768 308 2827 p.
331 2742 403 2815 319,
437 2745 451 2806 1
483 2749 631 2816 comunis,
661 2766 716 2809 om.
748 2767 802 2826 pro
829 2757 858 2807 et
886 2748 962 2808 dico.
1012 2748 1130 2827 quondo
1157 2747 1206 2808 hic
1236 2757 1266 2809 ct
1292 2747 1349 2807 bec
1376 2756 1405 2807 ct
1434 2748 1491 2808 boc

195 2851 299 2918 omnis,
322 2848 431 2909 ceter-es
445 2854 568 2910 omissis.
612 2848 633 2909 4
649 2852 750 2929 positu,
767 2867 922 2925 suprascr.
938 2869 976 2910 m.
994 2850 1030 2909 II
1044 2870 1067 2909 s.
1084 2851 1191 2929 scriptu
1235 2847 1256 2911 5
1272 2866 1490 2928 personamque

195 2951 342 3012 interdum
359 2952 465 3027 recipit
482 2969 538 3011 om.
586 2949 603 3010 l
620 2951 721 3028 ipsud,
737 2970 793 3012 om.
811 2969 904 3030 pnerrc
947 2949 966 3011 8
983 2961 1012 3011 et
1027 2970 1134 3012 nomen
1150 2971 1226 3031 pcuc
1249 2953 1299 3012 sed
1317 2970 1375 3011 non
1391 2950 1488 3031 plene.

195 3054 259 3124 Otto
276 3051 382 3111 niodo?
412 3052 442 3112 Si
458 3053 569 3112 dicam:
593 3052 730 3130 Virgilius
752 3052 870 3113 scribsit
886 3051 1061 3122 bucolicum,
1079 3052 1216 3129 Virgilius
1231 3056 1409 3132 georgicnm,
1425 3054 1490 3112 Vir·

197 3154 285 3232 gilius
312 3152 459 3215 Aeneidos
487 3174 555 3215 cccc
584 3172 654 3231 sepe
685 3157 808 3233 repetite
887 3153 923 3214 ll
952 3157 1081 3215 suismet
1115 3164 1305 3217 stornatum
1334 3155 1491 3216 locutionis

202 3257 356 3318 induceret
377 3275 484 3316 nomen
509 3259 635 3334 positum
658 3275 822 3335 pronomen
893 3254 929 3317 13
944 3258 1023 3335 quod
1047 3266 1074 3315 ct
1099 3277 1204 3317 irorrrcn
1221 3257 1308 3318 uelud
1332 3260 1355 3317 si
1379 3258 1489 3317 dicum:

198 3358 337 3437 Virgilius
367 3357 487 3418 scribsit
515 3356 691 3428 bucolicum,
726 3360 788 3436 ipse
817 3363 1000 3438 georgicam‚
1031 3360 1109 3420 idem
1138 3359 1292 3427 Aeneidos,
1324 3358 1393 3418 dnm
1423 3360 1490 3418 dico

198 3480 306 3521 nomeu
373 3457 540 3521 tticum
565 3479 637 3520 uero
660 3479 768 3521 nomen
835 3460 874 3522 15
897 3480 964 3523 nam
987 3467 1053 3540 (pitis
1082 3464 1199 3521 lecisset
1228 3479 1285 3521 non
1309 3461 1433 3521 ostendo
1456 3479 1491 3521 ac

196 3567 220 3622 si
249 3563 364 3623 dicum:
396 3565 462 3641 quis
491 3563 610 3623 scribsit
640 3562 718 3623 bunc
748 3562 875 3624 librnm‘.l
903 3565 972 3624 dicit
1000 3564 1070 3624 mibi
1099 3566 1165 3642 «puis
1194 3561 1269 3623 liber
1296 3565 1369 3641 ipsc.
1416 3563 1491 3623 [inm

197 3665 267 3725 dicit
289 3667 370 3744 ipsc,
394 3683 441 3723 res
465 3683 539 3742 tritae
562 3666 656 3724 lectae
678 3675 746 3725 suut
775 3667 911 3726 ostendit.
958 3666 1031 3726 Natu
1059 3668 1124 3744 quis
1152 3667 1235 3741 lecit,
1265 3683 1324 3725 non
1353 3664 1491 3732 ostendit,

198 3770 264 3844 quia
288 3785 395 3827 nornen
419 3771 484 3826 eius
506 3768 557 3845 qui
579 3768 657 3836 lecit,
683 3786 740 3826 non
765 3768 847 3828 dixit.

283 3889 360 3957 (inid
380 3904 454 3948 uero
474 3888 636 3947 Irdiuuns?
680 3889 741 3947 Ρνο
762 3890 807 3954 iis,
830 3905 908 3962 quac
929 3889 1016 3947 modo
1039 3890 1136 3956 attuli,
1160 3887 1234 3946 ltaec
1256 3888 1390 3947 exbibet:

283 4007 367 4065 Sicut
388 4009 412 4066 si
435 4007 515 4066 dicas
538 4006 608 4066 mibi
633 4009 712 4084 ‘unis
735 4006 853 4082 scripsit
882 4003 1102 4084 etymologicsi’
1133 4006 1199 4064 dico
1228 4005 1391 4074 ‘isidorus',
1421 4024 1492 4064 ecce

198 4109 308 4168 dictum
334 4126 441 4169 nomen
465 4108 569 4169 lsidori
593 4118 621 4166 et
644 4127 707 4175 res,
738 4125 812 4183 (tunc
836 4109 928 4166 lactus
951 4116 1072 4167 suntet
1095 4109 1160 4186 quis
1189 4109 1320 4177 lecisset,
1350 4105 1492 4173 ostendo:

199 4215 269 4271 itcm
292 4212 367 4270 dicis
389 4211 461 4269 mibi
486 4213 657 4288 ‘sprcupmc
682 4210 777 4287 qtiis't'
801 4208 867 4267 dico
891 4211 994 4287 ‘ipsc’;
1025 4227 1095 4268 cccc
1118 4207 1221 4269 tultum
1245 4227 1353 4269 nomen
1377 4207 1491 4279 lsidori,

198 4315 325 4393 positum
357 4331 520 4391 pronomen
549 4314 628 4389 ipse,
664 4329 712 4371 res
739 4328 814 4389 «μων.
843 4313 936 4370 l'nctuc
965 4320 1047 4378 sunt,
1082 4310 1221 4378 ostendu;
1260 4329 1327 4370 uam
1362 4313 1414 4388 qui
1441 4328 1492 4370 cas

199 4416 325 4478 lecisset,
350 4432 407 4473 non
431 4412 567 4474 ostendo.

287 4550 388 4609 Nonne
408 4552 482 4608 sutis
503 4551 621 4621 mirum,
647 4550 762 4608 Isidori
782 4565 886 4608 nomen
910 4556 939 4608 et
960 4552 1076 4624 scriptu
1099 4567 1119 4608 o
1142 4550 1262 4609 Iniiemo
1283 4551 1315 4608 in
1335 4551 1493 4620 limnartda

199 4656 303 4729 clipea
325 4650 431 4725 repulu
453 4654 691 4725 commemorari,
716 4652 754 4709 ab
776 4652 960 4726 urtipruplro
983 4651 1131 4711 Beruensi
1148 4655 1242 4726 plone
1263 4653 1378 4711 omitti?
1409 4651 1494 4722 Quod

200 4758 347 4828 quomodo
366 4752 436 4826 sieri
456 4753 596 4829 potuerit,
621 4753 705 4812 leand
726 4751 901 4825 iutellepus,
932 4757 959 4813 si
985 4771 1025 4812 ex
1047 4754 1168 4813 Juliauo
1190 4761 1284 4813 ortem
1310 4754 1493 4815 Beruensem

200 4860 325 4930 duxisse
345 4863 470 4927 statuas,
488 4858 670 4932 praesertim
693 4871 760 4914 cum
776 4853 890 4914 Isidori
911 4872 1014 4915 nomeu
1036 4855 1099 4916 iltis
1113 4858 1294 4933 temporibus
1309 4855 1494 4918 notissimum
