3382 5476
212 376 274 441 114
729 378 797 429 aas
815 376 990 430 ιιιοιιιιιι

209 573 240 628 et
261 565 335 628 baec
357 568 449 646 paria,
474 585 492 626 o
513 584 603 646 pares
624 575 655 626 et
676 585 693 626 o
716 566 807 646 paria,
831 564 868 627 ab
891 566 938 626 bis
959 564 1089 646 paribus.
1127 564 1177 626 Sic
1191 564 1382 628 declinantur
1396 566 1436 628 ab
1452 567 1510 629 boc

210 670 330 729 nomine
353 668 505 747 conposita
529 666 577 728 bic
600 676 630 727 et
652 666 725 727 baec
747 675 776 727 at
798 666 855 727 boc
877 685 998 748 conpar,
1021 669 1065 728 sio
1087 667 1187 747 dispar
1209 671 1308 746 inpar.

294 771 328 831 ln
357 789 391 830 er
418 766 579 829 masculina
607 768 748 829 leminina
775 778 880 829 neutra
903 771 1072 837 communia
1094 771 1304 840 inueniuntur;
1332 770 1507 841 masctrlina,

206 880 239 932 ut
266 871 314 930 bic
342 878 426 950 pater
448 869 540 930 irater
563 868 658 931 imber
681 879 835 950 sequester
858 888 961 932 nomer
983 871 1058 932 later
1080 888 1184 934 carcer
1205 889 1324 952 possen
1351 873 1504 944 feminina,

205 986 239 1034 ut
264 973 339 1033 baec
366 980 461 1033 mater
488 970 562 1031 baec
590 969 711 1042 mulier;
739 978 859 1042 neutra,
888 980 920 1032 ut
947 971 1003 1032 boc
1031 971 1161 1033 cadauer
1183 974 1240 1037 boc
1261 975 1320 1036 iter
1341 972 1391 1035 uel
1412 974 1526 1037 itiner⁵

205 1075 294 1136 tuber
320 1092 374 1135 uer
401 1073 476 1133 uber
504 1090 634 1152 papauer
662 1071 739 1134 laser
766 1070 851 1142 silem
880 1092 931 1133 aer
960 1077 1037 1133 enim
1061 1081 1090 1134 et
1112 1073 1214 1136 aetber
1236 1074 1403 1137 masculina
1424 1085 1502 1145 scant,

206 1193 384 1256 quamquam
397 1179 448 1235 ‘ae
457 1178 507 1234 ra’
519 1181 550 1233 et
561 1174 739 1234 ‘aethera'
756 1175 870 1252 poetice
886 1175 1003 1253 legitur.
1026 1174 1190 1237 Commune
1204 1175 1333 1239 duorum
1347 1195 1502 1257 generum,

204 1287 237 1338 ut
270 1276 318 1336 bic
346 1286 376 1337 et
404 1276 476 1336 liaeo
504 1292 631 1354 pauper,
665 1276 749 1335 cuins
777 1275 952 1361 femininum
981 1278 1012 1337 in
1041 1295 1058 1337 a
1084 1278 1280 1340 uetustissimi
1308 1278 1502 1359 proterebant

204 1382 374 1459 ‘paupera'.
410 1376 651 1438 ludePlautus
666 1375 753 1437 dixit:
776 1394 940 1456 paupera
964 1376 1053 1438 baec
1076 1396 1136 1439 res
1159 1386 1224 1439 est.
1263 1379 1381 1461 Pauper
1401 1392 1500 1443 autem

203 1483 246 1540 sic
268 1479 447 1541 declinatur:
470 1478 520 1539 hic
543 1476 667 1539 ethaeo
689 1495 812 1557 pauper,
839 1477 927 1539 buius
948 1480 1097 1557 pauperis.
1121 1478 1190 1541 huic
1212 1482 1346 1561 pauperi,
1370 1480 1452 1545 bunc
1472 1490 1533 1543 eto

203 1583 279 1643 banc
302 1598 473 1661 pauperem,
496 1598 514 1639 o
536 1597 660 1659 pauper,
683 1578 720 1640 ab
742 1579 799 1640 boc
822 1588 851 1639 et
872 1579 910 1639 ab
933 1580 989 1641 bac
1010 1598 1151 1660 paupere,
1175 1591 1205 1642 et
1226 1579 1334 1662 plurali
1355 1581 1388 1643 bi
1402 1582 1500 1647 etbae

203 1701 357 1763 pauperes,
379 1682 486 1742 borum
510 1687 540 1741 et
560 1679 666 1740 barum
687 1697 862 1759 pauperum,
885 1680 930 1740 bis
945 1681 1136 1760 pauperibus,
1160 1681 1216 1743 bos
1231 1691 1262 1743 et
1275 1682 1329 1745 bas
1343 1700 1497 1764 pauperes,

204 1805 222 1843 o
246 1801 400 1863 pauperes,
425 1781 462 1842 ab
485 1779 532 1840 bis
554 1780 744 1860 pauperibus.
781 1780 855 1843 ltem
878 1801 1034 1844 commune
1057 1785 1146 1844 trium
1169 1802 1322 1863 generum,
1345 1794 1379 1845 ut
1400 1785 1450 1847 bic
1470 1794 1498 1847 et

204 1885 278 1946 baec
300 1894 330 1944 ot
352 1884 408 1943 boc
432 1881 528 1949 tuber,
551 1882 627 1941 idest
648 1881 804 1961 superbus,
829 1893 859 1944 et
881 1884 938 1944 alio
953 1902 1042 1945 sensu
1059 1884 1165 1945 dicitur
1180 1884 1277 1955 tuber,
1300 1886 1377 1948 idest
1391 1904 1498 1967 corpus

203 1984 306 2046 dolore
335 1993 462 2044 tumens.
511 1983 588 2043 l'ber
615 1992 713 2043 autem
744 1994 882 2045 neutrum
912 1993 957 2046 est
986 1993 1015 2045 et
1042 1986 1080 2045 de
1108 1987 1243 2047 mammis
1265 1987 1385 2058 dicitur,
1408 1996 1441 2049 ut
1467 1989 1528 2049 inu

202 2085 350 2147 cantico
377 2084 611 2144 canticorum
639 2082 762 2162 legitur:
793 2085 948 2147 meliora
975 2094 1061 2147 sunt
1087 2085 1099 2167 ΙΙ
1116 2087 1135 2146 1.
1161 2085 1267 2169 104¹’q
1294 2088 1410 2149 ubera
1437 2095 1495 2151 tua

202 2190 298 2248 trino.
342 2187 417 2248 ltem
447 2183 581 2252 mobilia,
611 2195 642 2246 ut
670 2185 718 2246 bic
742 2187 838 2248 alacer
860 2187 934 2248 baec
957 2186 1064 2249 alacris
1086 2195 1116 2248 et
1138 2188 1195 2249 boc
1217 2187 1330 2260 alacre,
1358 2190 1408 2251 bic
1429 2207 1495 2251 acer

201 2297 231 2349 et
254 2290 328 2349 baec
350 2289 427 2349 acris
450 2295 479 2347 et
500 2287 557 2347 boc
580 2305 658 2347 acre.
697 2288 855 2349 Sciendum
880 2299 923 2349 cst
945 2299 1052 2357 autem,
1076 2288 1154 2368 quod
1177 2290 1251 2351 baec
1274 2292 1396 2353 nomina
1416 2292 1447 2351 tn
1464 2310 1495 2353 er

201 2391 365 2450 desinentia
389 2389 418 2448 in
442 2391 526 2449 tertia
543 2387 740 2450 declinatione
763 2388 922 2469 aliquando
945 2391 1106 2451 obseruant
1128 2409 1144 2450 c
1166 2392 1195 2450 in
1219 2390 1349 2469 obliquis
1371 2392 1493 2459 casibus.

202 2502 234 2553 ut
256 2510 358 2570 passer
380 2492 507 2570 passeris
529 2494 607 2551 later
628 2489 729 2552 latoris
751 2510 854 2553 carcer
874 2493 1003 2553 carceris
1018 2510 1133 2571 pauper
1147 2493 1295 2571 pauperis.
1332 2494 1525 2575 Aliquando»

201 2602 301 2655 autem
330 2610 388 2653 non
418 2591 576 2652 obseruant
600 2610 616 2651 e
638 2593 667 2651 in
691 2591 819 2672 obliquis
840 2594 972 2664 casibus,
1003 2601 1035 2653 ut
1056 2602 1142 2670 pater
1164 2593 1256 2672 patris
1283 2594 1376 2657 irater
1396 2598 1494 2659 fratris

200 2705 294 2756 mater
316 2695 429 2755 matris.

285 2796 317 2856 ln
347 2797 373 2854 ir
403 2812 492 2855 unum
521 2812 631 2856 nomen
654 2794 799 2856 Graecum
827 2792 1021 2856 masculinum
1049 2795 1215 2871 inuenitur,
1245 2805 1278 2857 nt
1302 2796 1351 2859 bic
1373 2806 1492 2879 martyr,
1503 2840 1513 2871 ,

199 2898 277 2957 idest
299 2896 397 2964 testis,
426 2895 502 2976 quod
528 2913 635 2956 nornen
658 2896 831 2957 femininum
854 2898 884 2957 iu
907 2916 923 2955 a
946 2897 1048 2966 mittit,
1077 2904 1110 2958 nt
1131 2897 1204 2958 baec
1225 2906 1364 2978 martyra.
1409 2900 1493 2961 lnue·

200 2999 279 3058 nitur
302 3005 401 3058 autem
424 3005 454 3055 et
476 3015 567 3056 arnum
590 3015 699 3057 nomen
724 2999 850 3059 ciuitatis
873 2999 902 3058 in
925 2999 961 3067 ir,
984 2997 1102 3059 utbaec
1117 2999 1227 3060 Gaddir
1242 3009 1272 3061 et
1286 2999 1525 3070 illud,nomen,¹⁵

200 3098 278 3177 quod
302 3116 404 3157 arcum
427 3097 500 3157 caeli
523 3099 676 3175 significat,
699 3106 732 3157 ut
746 3100 772 3157 ir
788 3100 848 3167 iris,
872 3101 949 3159 sicut
964 3099 1086 3176 legitur:
1109 3101 1141 3159 ir
1163 3098 1258 3160 caeli
1281 3100 1493 3173 colorosus,

199 3200 233 3259 in
256 3218 327 3279 quo
349 3216 457 3259 arcus
479 3197 670 3259 nimbosus
694 3198 953 3277 distinguitur.

281 3302 315 3362 ln
344 3319 378 3362 or
400 3308 473 3379 quot
494 3318 603 3378 genera
626 3302 837 3362 inueniuntur?
881 3301 1040 3371 Quattuor,
1070 3301 1147 3362 idest
1168 3303 1330 3364 masculina
1353 3305 1491 3369 feminina

199 3412 304 3463 neutra
328 3404 511 3471 commuuia;
543 3403 718 3472 masculina,
747 3413 779 3463 ut
802 3401 955 3462 luctabor
979 3403 1026 3463 bic
1049 3401 1147 3471 dolor;
1178 3404 1335 3476 feminina,
1365 3415 1400 3468 ut
1420 3406 1494 3468 baec

199 3524 273 3565 uxor
296 3504 369 3565 baec
390 3523 476 3565 soror
499 3504 572 3566 baec
594 3504 701 3573 arbor:
725 3513 837 3579 neutra,
862 3513 894 3565 ut
916 3504 972 3565 boc
995 3523 1126 3566 marmor
1145 3505 1201 3566 boo
1216 3506 1307 3568 robor
1322 3505 1381 3569 boc
1394 3515 1525 3587 gustaro

197 3607 254 3665 boc
283 3605 356 3666 ebor
385 3607 441 3667 boc
470 3623 582 3683 aequor
610 3607 666 3666 boc
694 3624 745 3666 cor
768 3605 824 3665 boc
847 3605 957 3684 lulgor;
987 3603 1083 3684 fulgor
1105 3615 1202 3668 autem
1226 3618 1255 3669 et
1276 3611 1306 3668 in
1330 3611 1493 3671 masculino

196 3713 226 3764 et
240 3708 270 3765 in
286 3714 392 3766 neutro
414 3708 580 3766 inuenitur:
604 3706 809 3776 irrasculinum,
833 3709 901 3786 quia
923 3709 1123 3768 accusatiuum
1139 3708 1319 3786 singularem
1334 3711 1493 3790 aliquando

195 3808 225 3867 in
249 3825 295 3867 cm
320 3807 422 3876 mittit,
454 3815 485 3867 ut
514 3806 592 3867 bunc
621 3806 781 3883 fulgureum
811 3809 840 3869 in
867 3807 972 3887 plurali
1001 3818 1098 3869 autem
1128 3827 1253 3871 numero
1274 3812 1391 3890 fulgora
1414 3814 1492 3883 iacit,

195 3911 271 3969 sicut
293 3910 325 3969 in
347 3908 408 3968 lob
431 3907 553 3986 legitur:
583 3908 756 3987 numquid
785 3911 913 3969 mittes
941 3911 1090 3988 fulgora
1119 3922 1149 3970 et
1176 3921 1284 3973 cetera.
1330 3913 1491 3977 Sciendum

195 4017 242 4070 est
269 4019 382 4080 autem,
412 4010 490 4089 quod
520 4012 617 4071 omnia
645 4009 764 4069 uomina
786 4028 803 4068 o
827 4008 874 4070 uel
897 4009 931 4071 o'r
954 4012 1033 4071 brrita
1058 4012 1219 4073 masculina
1243 4021 1272 4073 et
1295 4014 1438 4085 feminina
1461 4018 1528 4077 inu

194 4111 324 4190 obliquis
346 4112 465 4174 casibus
487 4133 505 4173 o
527 4112 703 4193 producunt,
727 4113 757 4170 in
781 4120 888 4172 neutro
911 4131 983 4172 nero
999 4114 1160 4192 corripitur
1176 4133 1194 4173 o
1210 4117 1343 4193 exceptis
1358 4118 1492 4196 quinque

195 4212 380 4284 norrrinibus,
410 4215 489 4277 idest
515 4235 630 4277 mernor
658 4215 805 4274 inmemor
833 4212 923 4274 decor
951 4215 1072 4276 indecor
1100 4215 1206 4286 arbor,
1233 4216 1396 4294 inquibus
1420 4220 1492 4279 oin

193 4400 422 4411 *-

262 4501 434 4552 ldeeliuatur
501 4502 640 4551 dsecistsr
699 4512 781 4551 sartor
848 4502 950 4550 (laeter
1018 4502 1138 4553 'lethem
1190 4505 1289 4568 poetice
1307 4503 1412 4573 legitur]
1432 4517 1492 4572 poet

192 4568 233 4618 bio
251 4569 359 4633 elegitur
427 4566 578 4635 9l'laums]
601 4571 638 4633 cf.
655 4571 739 4621 Prisc.
760 4569 776 4618 I
794 4586 821 4632 p.
841 4571 900 4630 152,
919 4574 952 4620 10
1038 4574 1068 4621 li
1088 4571 1122 4620 bii
1141 4581 1165 4620 et
1182 4570 1214 4622 hs
1283 4574 1315 4623 15
1333 4573 1360 4623 iu
1378 4570 1492 4641 satirico]

192 4653 249 4702 cap.
268 4638 314 4688 IV
332 4640 364 4687 10
433 4638 465 4687 18
482 4638 552 4701 agris
604 4653 667 4703 agro
725 4640 756 4688 19
774 4637 918 4699 obliqnibus
986 4640 1020 4689 20
1037 4640 1100 4688 later
1116 4654 1162 4689 om.
1232 4642 1266 4690 24
1282 4640 1405 4691 lentinum
1458 4644 1491 4695 25

193 4705 290 4767 gradiir
358 4706 391 4754 26
409 4705 448 4753 lrir
467 4703 528 4753 turis
597 4707 663 4755 sient
680 4704 783 4771 legitur]
804 4706 839 4769 rs.
856 4722 937 4771 supra
952 4724 980 4771 p.
1001 4710 1063 4769 101,
1084 4710 1118 4757 31
1186 4707 1291 4758 lairroli
1377 4711 1491 4775 bluger

192 4771 324 4823 nimbosus
392 4774 425 4824 28
443 4773 513 4835 quod
597 4773 711 4824 adhaec
728 4789 840 4823 marmor
919 4772 1388 4839 saintobJeap.xx.uV11135
1440 4778 1490 4828 lut·

191 4853 255 4902 gnra
273 4850 298 4889 et
315 4836 356 4890 ibt'
