3382 5476
305 376 371 442 274
481 377 714 434 commu'rvn
731 378 975 435 ntrtfflnnurtsu
992 380 1031 432 ΙΝ
1047 379 1134 434 DON.
1152 380 1433 433 effluentem.

307 565 396 627 domo
427 564 602 629 uulneratus
632 585 739 629 sonum
771 568 880 629 emittit
911 567 1077 629 confusum.
1129 567 1193 629 lloe
1224 576 1322 629 autem
1360 566 1400 629 de
1433 568 1603 631 Laocoonte

307 667 501 740 dictumest,
524 669 590 749 qui,
614 687 682 730 eum
706 667 914 731 uulneraretur
929 688 945 730 a
959 668 1165 750 serpentibus,
1189 686 1280 731 uoces
1302 669 1398 731 ueluti
1415 668 1505 733 bouis
1518 672 1602 732 emit·

307 766 397 833 tebet
442 770 526 832 Cum
553 772 703 833 saucius
724 788 747 831 s.
770 774 830 832 iam
851 773 1072 852 prosauciatus;
1101 789 1200 832 aram
1226 778 1361 833 taurus
1387 776 1434 833 ‘et
1455 773 1601 833 incertam

167 872 438 938 numeremur
465 873 586 934 ceruice
612 873 766 933 securlm'.
809 871 1026 951 Paradipma
1054 882 1100 933 est
1125 873 1291 954 propositio
1320 875 1342 933 i.
1365 869 1527 953 problema
1554 871 1600 934 uel

306 974 456 1034 enarratio
483 970 531 1034 uel
561 971 702 1041 elocutio;
731 974 921 1035 hortantis
947 980 1008 1036 aut
1035 973 1285 1043 deterrentis,
1312 974 1333 1033 i.
1356 975 1480 1053 quando
1502 973 1622 1054 aliquas

167 1089 355 1141 emanares
377 1073 524 1135 hortando
545 1081 596 1135 aut
617 1073 796 1136 deterrendo
817 1074 938 1136 dieitur.
982 1072 1181 1136 llortantis
1202 1082 1256 1135 ut:
1287 1074 1457 1137 Antenor
1477 1076 1601 1157 potuit

167 1174 440 1243 peoanmedils
463 1175 615 1256 elapsus
636 1174 789 1236 Achiuis
809 1178 831 1237 i.
854 1174 976 1253 regibus
998 1174 1046 1236 uel
1068 1175 1198 1236 Graecis.
1244 1174 1418 1255 lllyrieos
1439 1178 1461 1237 i.
1485 1177 1599 1238 l'auno·

306 1279 388 1345 nios;
411 1284 612 1356 penetrare
633 1278 740 1337 sinus
763 1279 784 1337 t.
800 1294 948 1337 recessus.
992 1273 1092 1355 lllyria
1114 1278 1179 1355 ipsa
1201 1284 1246 1337 est
1268 1276 1432 1339 Pannonia.
1469 1276 1504 1338 ln
1521 1276 1599 1337 Vir-

306 1377 399 1455 pllio
420 1378 478 1439 lroc
498 1376 617 1455 legitur,
634 1376 712 1469 quod
730 1377 827 1439 Venus
845 1375 1061 1456 deprecabatur
1082 1377 1199 1446 leuem,
1220 1384 1255 1438 ut
1274 1376 1456 1439 concederet
1468 1380 1597 1440 Aeneam

306 1480 418 1539 intrare
439 1496 528 1558 posse
550 1482 583 1540 ln
604 1478 731 1547 ltaliam,
754 1496 790 1539 ae
810 1479 837 1539 si
857 1477 1005 1540 hortantis
1027 1480 1159 1540 diceret:
1181 1476 1397 1549 ‘CurAeneae,
1421 1482 1475 1559 qui
1497 1479 1536 1541 de
1550 1487 1596 1541 tua
1609 1496 1631 1533 u

305 1579 398 1660 stirpe
426 1577 595 1647 descendit,
623 1597 683 1641 non
711 1586 811 1659 potest
831 1579 966 1641 similiter
988 1579 1106 1641 Italicos
1127 1586 1285 1660 penetrare
1312 1580 1413 1649 sinus,
1445 1582 1526 1642 sicut
1546 1600 1597 1661 po·

304 1681 361 1741 tuit
381 1682 513 1743 Antenor
534 1680 699 1759 lllyricosi'
742 1683 875 1741 Antenor
896 1682 995 1741 sueius
1015 1682 1073 1743 luit
1094 1684 1224 1751 Aeneae,
1254 1682 1305 1760 qui
1327 1679 1447 1759 fugiens
1468 1700 1486 1743 a
1509 1682 1598 1743 'l'roia

305 1779 392 1843 laoile
414 1783 508 1860 potuit
529 1781 689 1861 peruenire
711 1780 748 1843 ad
769 1780 907 1862 illyriam.
951 1786 1065 1844 Aeneas
1088 1801 1160 1843 uero
1181 1784 1214 1842 iu
1236 1783 1311 1841 mari
1333 1791 1364 1841 et
1386 1782 1417 1841 in
1440 1790 1523 1845 terra
1545 1802 1597 1863 por

164 1891 420 1962 p.roa,erseptern
442 1899 535 1943 annos
557 1881 730 1959 uagabatur.
773 1881 1010 1944 Deterrentis
1032 1882 1246 1962 proradigma
1275 1891 1327 1943 ut:
1373 1883 1420 1944 Ac
1450 1901 1523 1945 nou
1545 1886 1597 1945 sic

304 1981 490 2062 Phrygius
512 1991 649 2063 pastor.
691 1985 792 2044 Amata
816 1982 934 2045 dicebat
954 1983 1012 2045 lroc
1032 1983 1070 2044 ad
1092 1984 1231 2045 Latinum
1254 1986 1395 2045 maritum
1419 2004 1519 2055 suum.
1542 2004 1594 2047 no·
1608 2000 1631 2037 15

304 2082 377 2153 lens,
400 2091 433 2145 ut
456 2086 521 2164 ipse
550 2083 635 2145 daret
662 2084 750 2145 tiliam
773 2103 856 2145 suurn
871 2084 1040 2146 .Lauiniam
1063 2088 1189 2146 Aeneae.
1232 2090 1275 2146 Ac
1297 2087 1323 2145 si
1346 2084 1477 2147 diceret:
1502 2086 1596 2149 ‘llum

302 2178 374 2265 quid
395 2187 440 2246 sio
463 2187 518 2245 iste
543 2185 607 2247 uult
626 2183 715 2246 filiam
738 2194 869 2245 nostram
892 2187 1039 2264 captiuam
1062 2187 1186 2257 ducere,
1210 2188 1287 2248 sicut
1299 2184 1451 2265 Phrygius
1472 2189 1597 2267 postor’,

166 2289 325 2361 promi.
356 2287 454 2357 Paris,
488 2289 539 2365 qui
572 2288 661 2353 etiam
693 2285 859 2348 Alexander
889 2286 986 2347 dietus
1017 2296 1073 2351 est.
1127 2286 1384 2363 Ledaeamque
1417 2286 1597 2350 llelenam

303 2387 411 2449 duxit
438 2390 459 2449 i.
482 2387 571 2449 liliam
595 2388 702 2453 Ledae.
746 2388 809 2449 lloe
836 2388 872 2450 ad
901 2386 1111 2449 deterrendum
1139 2386 1267 2448 dicebat.
1311 2386 1599 2451 Lacedaemona

302 2490 324 2553 i.
347 2487 615 2558 Lacedaemonem,
639 2488 815 2569 Spartanam
838 2488 985 2549 uidelicet
1023 2488 1245 2550 lacedaemona
1266 2506 1336 2568 pars
1352 2488 1519 2559 Graeciae.
1543 2491 1633 2551 locu

303 2598 349 2653 est
369 2590 504 2653 Laconia.

369 2878 551 2929 lleoelroonte
635 2877 771 2928 tillir-icon
840 2877 961 2939 8illiria,
982 2879 1020 2927 uie
1036 2894 1137 2942 seraper
1206 2878 1237 2927 15
1255 2876 1359 2941 frigius,
1378 2878 1419 2927 dis
1479 2882 1601 2931 adamata

302 2946 334 2994 18
352 2945 448 2995 ledeaur
467 2946 583 2996 lreleunm
650 2945 682 2993 at
701 2944 789 2992 lueoun
