3382 5476
550 409 825 462 nrrrannurmn
844 409 1054 461 sneuouvu.
1377 403 1441 469 289

231 596 311 657 luter
333 615 441 678 capere
464 607 494 659 et
516 599 655 680 decipere
677 598 735 659 hoc
759 601 897 668 interest,
921 596 998 677 quod
1015 597 1148 676 capimus
1168 595 1257 656 etiam
1280 602 1439 665 merentes,

146 697 310 777 decipimus
332 701 520 771 innocentes,
544 709 593 761 aut
616 703 750 780 capimus
772 710 850 775 arte,
875 700 1039 779 decipimus
1061 697 1212 759 insidiose.

230 800 312 861 luter
334 803 491 864 consilium
515 811 544 863 et
566 805 744 865 sententiam
766 803 825 864 lroc
846 804 986 872 interest,
1010 800 1089 882 quod
1112 801 1267 861 consilium
1290 802 1440 880 cogitatio,

146 905 293 962 sententia
317 903 433 965 consilii
458 906 670 984 pronuntiatio.

119 1019 133 1060 a
231 1003 313 1064 lnter
340 1006 401 1066 lors
430 1014 460 1066 ct
488 1008 638 1067 fortunam
668 1005 726 1067 lroc
753 1008 892 1075 interest,
921 1005 1000 1085 qnod
1032 1005 1093 1066 iors
1121 1024 1208 1066 casus
1235 1013 1295 1074 est,
1323 1005 1441 1066 fortuna

146 1104 199 1166 dea
223 1113 280 1179 est,
306 1106 504 1185 etquidem
527 1109 570 1169 sic
593 1106 711 1168 uolunt:
735 1108 809 1169 ‘iors
833 1116 982 1187 tamquam
1004 1126 1085 1177 sors,
1109 1107 1186 1167 idest
1208 1111 1312 1167 mors’

229 1206 310 1267 inter
333 1206 518 1269 uoluntatem
541 1219 571 1271 et
592 1208 776 1290 uoluptatem
806 1209 862 1270 hoo
890 1211 1031 1279 interest,
1063 1209 1140 1288 quod
1170 1209 1309 1269 uoluntas
1340 1210 1440 1277 animi,

147 1308 283 1386 uoluptas
305 1313 441 1390 corporis
464 1318 519 1372 est.

231 1412 318 1471 Inter
343 1413 457 1473 interea
486 1420 515 1473 et
543 1412 691 1473 interdum
720 1414 776 1475 hoc
805 1416 945 1482 interest,
976 1411 1055 1491 quod
1084 1411 1234 1472 interdum
1265 1412 1440 1473 aduerlaium

109 1526 133 1564 ιο
147 1514 289 1591 temporis
312 1522 371 1583 est,
394 1515 508 1575 interea
531 1533 617 1575 causa
640 1516 695 1576 rei.

231 1613 311 1675 lnter
334 1614 513 1676 meditamur
537 1626 566 1676 et
588 1613 760 1677 melitamnr
783 1615 840 1676 hoc
861 1616 1004 1686 interest,
1028 1615 1106 1692 quod
1131 1615 1309 1677 meditamur
1331 1618 1440 1684 auimo,

147 1713 316 1776 melitamur
338 1735 476 1796 corpore.

230 1817 312 1877 lnter
334 1817 468 1879 homines
491 1827 520 1878 et
543 1817 652 1879 bestias
674 1818 730 1879 lroc
752 1821 890 1888 interest,
921 1817 999 1898 quod
1029 1819 1140 1879 bestiae
1168 1820 1266 1880 uentri
1294 1820 1439 1887 seruiunt,

146 1917 284 1979 homines
307 1920 426 1980 rationi.
840 1993 846 2004 ¹

108 2035 133 2074 15
231 2020 312 2080 luter
334 2039 423 2098 surgo
447 2029 477 2081 et
499 2039 611 2098 erurgo
634 2041 760 2102 resurgo
782 2039 931 2099 consurgo
954 2024 1076 2100 insurgo
1103 2023 1160 2084 hoc
1188 2024 1330 2092 interest,
1362 2020 1441 2102 qnod

145 2138 235 2199 surgo
350 2140 464 2200 exurgo
481 2122 518 2182 de
533 2121 624 2193 lecto,
648 2142 774 2203 resurgo
790 2143 805 2186 a
823 2133 932 2200 morte,
955 2142 1105 2201 consurgo
1128 2141 1194 2184 cum
1218 2124 1293 2194 aliis,
1317 2125 1441 2201 insurgo

146 2224 174 2282 in
200 2222 283 2282 alios.

229 2323 309 2384 lutor
339 2323 530 2385 uolnmtatem
561 2334 591 2385 et
620 2326 801 2388 uoluntatem
830 2335 859 2387 et
885 2331 1069 2402 uoluptatem
1102 2326 1158 2385 lroc
1191 2327 1328 2392 interest,
1361 2314 1441 2405 quod

144 2423 290 2486 uolumtas
315 2425 367 2485 uei
391 2435 450 2496 est,
474 2426 614 2488 uoluntas
636 2428 780 2498 hominis,
805 2429 941 2506 uoluptas
963 2426 1081 2488 diaboii.

106 2542 132 2581 eo
229 2526 309 2587 lnior
343 2526 523 2589 elementum
558 2537 587 2589 et
620 2530 791 2590 elimentum
825 2525 855 2590 et
887 2528 1060 2589 alimentum
1095 2527 1152 2588 hoc
1185 2530 1325 2596 interest,
1360 2528 1439 2607 quod

144 2627 325 2689 elementum
363 2628 400 2690 de
430 2630 550 2698 litteris,
588 2630 759 2692 elimentum
790 2630 827 2690 de
856 2633 1004 2691 creaturis
1038 2629 1160 2699 dicitur,
1198 2630 1371 2691 alimentum
1403 2629 1440 2690 do

147 2731 233 2790 escis.
1492 2709 1506 2725 ”

229 2831 309 2892 lnter
331 2841 557 2893 monumentum
581 2843 610 2894 et
632 2835 845 2895 monimentum
868 2835 924 2895 hoc
948 2836 1088 2903 interest,
1118 2833 1196 2911 quod
1225 2834 1439 2894 monimentum

145 2935 319 3003 memoriae,
343 2943 568 2995 monumentum
591 2935 761 3015 sepulturae
784 2936 917 2997 dicimus.

106 3050 131 3088 ε’)
229 3035 310 3095 inter
332 3035 420 3096 simui
443 3046 472 3098 et
494 3038 594 3098 simitu
618 3036 676 3099 hoc
697 3040 836 3109 interest,
867 3037 944 3118 quod
967 3035 1053 3097 simul
1076 3056 1133 3098 una
1158 3039 1330 3118 pariterque
1352 3035 1440 3117 †res

144 3135 265 3207 clamat,
290 3145 322 3196 ut
344 3138 444 3198 ‘simul
458 3137 596 3216 legimus’
619 3138 905 3201 ‘simulscrilrimus'
922 3137 933 3221 ll
950 3136 1059 3200 [116³
1076 3137 1105 3221 ll,
1130 3142 1230 3199 simitu
1254 3138 1310 3199 loci
1333 3140 1440 3218 recipit

144 3239 388 3314 significationem
413 3247 560 3319 tamquam
583 3240 682 3301 ‘simul
706 3242 770 3302 itu'.

229 3340 310 3400 lnter
331 3350 430 3417 grates
452 3350 481 3401 et
503 3343 612 3419 gratias
640 3341 697 3402 lroc
724 3344 862 3421 interest,
893 3343 970 3421 qrrod
999 3351 1099 3420 grates
1127 3342 1300 3409 referimus,
1329 3342 1439 3418 gratias

145 3458 267 3518 agimus.

210 3728 368 3776 2insidiore
419 3727 535 3792 capimus
558 3737 683 3776 merentes
701 3754 734 3762 -
752 3728 877 3778 insidiose
897 3728 1071 3789 Gotlrosradua
1087 3746 1113 3793 p,
1134 3731 1183 3778 106
1268 3733 1284 3780 3
1302 3729 1438 3778 consilium

144 3795 362 3859 —pronnntiatio
377 3794 550 3855 Gothosredua
566 3811 592 3858 p.
606 3797 654 3843 106
705 3794 867 3844 dlununum
886 3795 936 3846 lroo
953 3808 992 3845 eat
1034 3812 1122 3845 carsns
1141 3808 1180 3846 ost
1222 3796 1275 3846 lora
1294 3812 1369 3846 casus
1389 3805 1438 3855 est,

144 3862 245 3909 lor-rnna
262 3862 321 3909 dota
340 3872 379 3909 est
396 3872 420 3910 et
437 3861 542 3924 qnidam
562 3888 593 3897 -
612 3862 665 3911 iors
683 3872 804 3925 tauquam
824 3879 892 3913 mors
913 3864 1085 3926 Gotdosredue
1101 3882 1128 3928 p.
1148 3867 1197 3914 106
1265 3867 1280 3916 ‘l
1299 3876 1323 3914 et
1341 3863 1439 3913 uolum-

144 3939 236 3992 ptarem
257 3928 304 3976 lroc
322 3940 361 3976 est
429 3931 445 3979 8
464 3929 610 3994 uolunrptas
646 3931 712 3979 lnter
730 3932 861 3980 uoluntate
873 3942 898 3981 et
910 3931 1041 3997 uoluptate
1060 3932 1110 3981 lroo
1129 3933 1241 3991 interest,
1261 3932 1329 3994 qrrod
1349 3931 1439 3981 nolun-

144 4009 182 4044 tas
201 3997 366 4060 —corporis
387 3996 603 4061 Gotdosreduap.
624 4000 684 4059 106,
708 3999 742 4061 es.
763 4001 882 4065 lieiffip.
902 4001 953 4048 295
1038 4001 1184 4059 tiiutereu,
1206 4016 1254 4049 om.
1271 4002 1336 4048 inter
1407 4000 1440 4049 1o

143 4064 252 4133 iuteriea
306 4064 431 4113 interdum
452 4091 476 4099 -
500 4079 579 4114 carisa
602 4066 637 4114 rei
662 4066 834 4129 Gothosredus
854 4085 881 4131 p.
906 4069 955 4115 106
1059 4072 1087 4116 ll
1111 4067 1263 4116 meditamur
1282 4081 1439 4132 —corpore

145 4131 316 4193 Gordosredur
332 4149 359 4195 p.
379 4135 428 4181 106
508 4134 540 4182 13
557 4134 691 4183 seruiuunt
743 4135 838 4185 bestiae
856 4137 938 4184 uentri
957 4135 1074 4183 saeuiunt
1091 4134 1209 4183 homines
1227 4135 1326 4184 ratione
1345 4135 1439 4185 Gotho·

37 4198 42 4208 '
141 4201 232 4259 fredus
249 4216 275 4263 p.
295 4202 344 4249 106
447 4202 478 4249 16
496 4202 561 4249 iuter
579 4216 659 4266 surgu
678 4211 703 4250 et
721 4218 820 4268 exurgu
838 4217 947 4266 resurgo
970 4216 1100 4266 consurgo
1119 4202 1226 4266 insurgu
1246 4203 1294 4251 lroc
1311 4216 1350 4252 est
1367 4201 1437 4264 quod

143 4282 222 4332 surgo
241 4282 339 4331 exurge
358 4268 389 4315 de
408 4267 472 4316 lecto
508 4268 574 4317 luter
591 4271 831 4335 surgo-insurgo
849 4271 876 4318 in
894 4269 958 4319 ulios
977 4271 1050 4320 deest
1067 4271 1138 4332 apud
1156 4269 1351 4332 Gotdofredum3
1371 4269 1439 4318 lacu-

143 4350 211 4392 nam,
231 4351 304 4399 paam
321 4336 434 4384 indicaui
448 4342 509 4399 port
526 4339 625 4400 ‘surgo’
643 4337 729 4388 uerbis
746 4354 760 4387 e
778 4337 839 4387 sede
856 4341 979 4402 expleas,
999 4337 1034 4395 cs.
1047 4337 1211 4402 differentias
1227 4336 1340 4388 Terentii
1355 4353 1438 4402 praru

143 4404 239 4463 roatici,
258 4417 322 4466 quau
338 4403 364 4450 in
380 4402 468 4466 praes.
485 4399 529 4467 (de
541 4405 636 4456 diaeum
648 4420 721 4455 serm.
734 4422 791 4470 cop.
805 4403 867 4468 III)
886 4421 921 4455 ex
939 4405 1027 4455 codice
1039 4402 1197 4455 Ein'aidleasi
1209 4407 1244 4454 32
1256 4421 1281 4468 p.
1296 4407 1347 4455 200
1359 4405 1438 4454 edidi.

145 4470 175 4516 18
193 4470 261 4518 luter
279 4469 433 4518 uoluntatem
452 4479 477 4518 et
493 4469 658 4522 uolnmtutem
675 4472 725 4522 hoo
742 4484 782 4522 est
799 4471 869 4535 quod
888 4472 993 4522 uolutus
1037 4471 1104 4522 luter
1121 4471 1286 4522 uolumuuem
1299 4498 1332 4506 —
1344 4471 1439 4521 diaboli

143 4538 215 4586 decet
232 4539 302 4600 apud
321 4537 511 4598 Gotlrosredum.
579 4541 613 4589 20
631 4541 698 4590 luter
715 4541 864 4590 elementum
884 4540 967 4589 -de
985 4539 1051 4589 escis
1069 4542 1229 4604 deertopud
1248 4539 1437 4602 Gotltosreduar.

142 4606 176 4652 ⁶23
195 4605 260 4652 lmor
278 4615 469 4653 monumentum
488 4629 522 4640 -
538 4604 647 4656 dicimus
666 4610 739 4658 deest
755 4609 826 4672 apud
844 4607 1035 4671 Gothosredum.
1104 4609 1138 4657 26
1156 4617 1181 4657 et
1198 4608 1317 4658 semitum
1334 4607 1384 4656 hoc
1401 4617 1441 4656 est

142 4672 175 4719 io
193 4672 277 4719 semiti
355 4673 387 4721 27
406 4671 620 4736 significationem
633 4684 763 4739 tamquam
781 4674 913 4724 similiaum
933 4675 1008 4724 simul
1026 4689 1076 4723 unu
1094 4676 1188 4741 pariter
1206 4690 1329 4738 quaeres
1347 4674 1441 4723 clareat

143 4748 170 4786 ut
187 4737 264 4786 simul
282 4738 391 4802 legimus
410 4739 486 4787 simul
504 4740 653 4800 scribimus,
672 4743 785 4791 simitum
805 4743 867 4791 lucri
885 4743 976 4807 recipit
992 4743 1219 4806 significationem,
1244 4744 1318 4805 quasi
1342 4742 1440 4792 simuli-

143 4817 195 4855 tum
210 4805 382 4867 Gotlrosredue
397 4823 425 4871 p.
444 4808 490 4868 94,
509 4808 545 4870 cf.
558 4809 636 4874 Reiff.
648 4827 676 4875 p.
689 4812 740 4859 291
807 4812 841 4861 ‘28
859 4809 999 4860 tellerimua
1051 4810 1119 4860 luter
1136 4811 1216 4875 gratis
1235 4821 1260 4860 et
1276 4811 1373 4876 gratius
1391 4808 1440 4860 hoo

142 4876 256 4939 interest,
276 4874 346 4938 quod
364 4875 495 4940 congratis
514 4875 660 4941 referimus,
679 4878 774 4943 gratias
793 4879 894 4943 agimus
915 4878 1132 4943 Gordofreduanp.
1152 4881 1193 4928 04.

167 4973 264 5016 onina.
275 4985 329 5016 ur·
342 4974 426 5018 suern.
1208 4965 1239 5012 19
