3382 5476
208 345 269 411 266
354 349 590 400 COMMEN'I'VM
608 348 852 401 ElNSlDLENSE
871 348 908 399 tu
925 348 1011 400 DON.
1030 348 1154 400 ARTEM
1171 348 1355 402 simonen.

55 543 269 606 eto-narrar,
298 545 332 598 ut
359 535 435 598 ‘hou
457 536 546 598 mihi'
575 539 696 598 ‘euax’.
741 534 879 615 Singulae
909 536 1049 617 pluresue
1077 545 1176 618 partes
1203 557 1259 619 pro
1289 539 1503 602 interiectione

206 649 370 719 ponuntur;
398 640 545 718 singulae,
569 649 601 701 ut
623 641 702 701 ‘las’.
746 639 803 700 Fas
832 657 955 709 nomen,
978 642 998 700 i·
1022 639 1149 708 licitum,
1172 648 1203 701 et
1223 643 1332 703 transit
1351 644 1386 704 in
1408 645 1500 705 inter·

117 742 378 811 sanlieotionem,
401 743 444 802 sio
465 743 620 803 ‘toruum’
644 759 751 803 nomen
775 761 828 822 pro
851 740 993 803 aluerbio
1014 740 1144 822 ponitur.
1187 740 1392 815 Pluresue,
1423 746 1501 806 sicut

205 843 324 905 ‘nolas'
352 848 422 925 ‘pro
446 845 556 913 nelas’,
585 862 620 904 ex
644 845 744 906 multis
765 842 898 925 partibus
921 846 1115 925 compositam
1143 830 1217 923 ‘pro
1238 842 1345 907 dolor’
1367 845 1500 909 dolentis

205 956 264 1016 est,
287 954 321 1007 ut
341 944 531 1008 Sedulius:
1382 1014 1387 1022 ¹
1509 963 1522 1002 s

330 1048 402 1110 Pro
424 1047 533 1109 dolor
555 1050 702 1110 aeterni
726 1049 877 1110 fuerant
900 1048 970 1110 duo
991 1066 1167 1110 erescere
1189 1057 1410 1130 postquam,

205 1169 241 1211 ex
255 1154 336 1231 ‘pro'
352 1157 381 1211 et
397 1149 515 1212 ‘dolor’.
551 1151 625 1212 ‘Deo
639 1152 761 1229 gratias'
784 1149 920 1212 similiter
947 1151 1142 1232 compositum
1166 1160 1211 1213 est
1231 1169 1268 1212 ex
1290 1151 1409 1216 duabus
1428 1174 1497 1236 par·

204 1252 285 1315 tibus
308 1261 336 1313 et
359 1262 404 1313 est
425 1255 593 1314 interiectio
616 1252 765 1314 laetantis:
794 1252 935 1332 quiequid
958 1256 1035 1313 enim
1059 1253 1158 1315 subita
1180 1272 1253 1314 uoee
1276 1259 1496 1333 pronuntiatur.

117 1356 405 1417 ns‚sinteriectioni
435 1355 602 1435 deputatur.
646 1354 751 1416 Nullus
777 1364 917 1416 accontus
945 1363 1043 1416 certus
1070 1364 1115 1417 est
1142 1356 1171 1416 in
1193 1356 1411 1420 interlectione.
1455 1359 1497 1420 Vt

206 1460 286 1518 lere
314 1458 348 1516 in
378 1454 465 1517 aliis
492 1456 648 1517 uocibus
675 1459 695 1516 i·
724 1458 754 1517 in
783 1457 848 1518 aliis
883 1456 1029 1537 partibus,
1065 1458 1133 1535 quia
1161 1475 1296 1537 quaeque
1323 1475 1401 1538 gens
1428 1472 1533 1522 suasu

206 1558 295 1620 ltabet
317 1560 558 1628 interiectiones‚
581 1578 656 1638 quae
678 1562 709 1619 in
731 1558 816 1620 aliam
840 1558 969 1638 linguam
991 1560 1149 1621 transferri
1173 1576 1231 1619 non
1254 1570 1388 1640 possunt.
1413 1561 1496 1623 Vnde

206 1662 318 1723 ‘racha’
342 1663 509 1722 interiectio
531 1661 665 1722 llebraea
688 1661 725 1721 ab
749 1659 928 1740 euangelista
957 1664 988 1721 iu
1010 1660 1066 1722 alia
1089 1660 1188 1740 lingua
1210 1663 1336 1741 exprimi
1358 1682 1422 1724 non
1444 1682 1498 1743 po·

205 1768 269 1828 tuit.
314 1762 392 1824 Nihil
420 1772 517 1823 autem
547 1763 658 1832 dillert,
688 1771 786 1824 ulrum
815 1764 942 1843 ‘papale’
970 1772 1093 1825 accentu
1116 1766 1146 1824 in
1169 1765 1227 1825 tine
1249 1765 1346 1844 posito
1370 1766 1496 1835 dicatur,

205 1885 241 1927 an
269 1867 300 1926 in
331 1864 511 1944 paenultima
540 1866 679 1945 ‘papae'.
725 1865 868 1927 Similiter
891 1867 920 1924 in
945 1864 1059 1926 ceteris.
1105 1866 1239 1947 ‘Papae'
1261 1867 1431 1926 interiectio
1455 1878 1500 1928 est

116 1969 391 2037 amaadmiranlis,
419 1965 489 2026 inde
513 1968 611 2047 ‘papa'
635 1966 824 2027 admirabilis.
876 1967 973 2037 Quas
1001 1985 1090 2029 uoces
1114 1970 1133 2028 i·
1159 1969 1412 2029 interiectiones.·
1437 1969 1534 2029 lu-15

206 2070 378 2131 conditas
405 2070 621 2129 inuenimus
649 2070 668 2127 i·
693 2069 873 2129 informatas.
927 2068 1079 2129 lucontlita
1108 2089 1157 2130 ros
1184 2069 1293 2130 dicitur
1327 2069 1497 2137 informata.

205 2190 280 2250 quae
304 2170 413 2232 millam
437 2171 562 2230 lormam
586 2170 754 2250 nullamque
777 2170 976 2232 conditionem
995 2170 1093 2231 habet.
1131 2171 1262 2232 Allectus
1285 2169 1395 2232 dieitur
1417 2169 1498 2233 ‹lesi-

204 2274 334 2343 derium‚
359 2277 377 2333 i·
395 2274 530 2333 uoluntas
623 2274 745 2333 ellectus
858 2320 864 2332 .
886 2273 949 2351 ipse
972 2279 1055 2333 aetus
1076 2271 1113 2333 ab
1140 2273 1237 2333 ellicio
1264 2272 1359 2334 uerbo
1386 2274 1407 2333 i·
1428 2292 1498 2353 per·

204 2378 279 2437 ficio.

356 2500 371 2504 -
385 2497 429 2504 -“
1179 2468 1206 2526 0

271 2567 287 2613 5
306 2560 436 2632 Sedulius]
458 2564 506 2628 (ip.
525 2564 611 2626 pasch.
629 2563 671 2616 lib.
692 2562 723 2612 I!
743 2570 799 2612 tom.
823 2561 864 2610 VI
880 2579 906 2625 p.
927 2564 977 2610 462
996 2561 1020 2610 Ε
1038 2563 1078 2613 ed.
1097 2561 1163 2613 Ben.
1245 2564 1275 2611 11
1293 2561 1321 2610 iu
1339 2561 1391 2611 alia
1408 2562 1499 2628 lingua

205 2634 235 2681 12
255 2633 286 2680 ab
304 2629 474 2698 euangelista]
495 2632 586 2682 Mutila.
605 2632 628 2680 V
640 2635 673 2680 22
744 2633 775 2680 13
794 2645 869 2694 pape,
889 2638 929 2680 ter
945 2632 1000 2679 sine
1018 2637 1123 2680 accentu
1193 2631 1224 2678 16
1241 2628 1395 2679 informatus
1466 2634 1499 2682 18

204 2700 536 2819 ln'fi'l‘cilllalllllmam
554 2702 649 2765 aliquot
667 2714 741 2749 nores
757 2701 893 2762 putredine
912 2700 1010 2748 deletae
1027 2705 1100 2754 snnt,·
1122 2700 1158 2748 ad
1173 2705 1311 2748 entremm
1328 2700 1425 2764 lepitur
1441 2715 1498 2766 peu·

223 2783 261 2817 oio
291 2802 309 2816 1.
359 2798 367 2815 2
452 2807 484 2822 ..
506 2807 512 2819 .
533 2805 564 2818 ..

271 2941 287 2987 9
307 2938 396 2988 Glossa
413 2939 509 2989 codicis
527 2937 705 2999 Beroensisf.
726 2935 776 2984 17¹³
794 2953 874 2999 rrmrp.
892 2938 954 2986 sim:
987 2935 1096 2986 Condita
1120 2952 1158 2985 res
1178 2948 1216 2986 est
1233 2937 1297 2985 bene
1314 2935 1441 2997 formata,
1461 2939 1500 2988 in-

203 3005 318 3066 condito,
338 3021 403 3067 (ltine
422 3021 471 3053 nou
491 3014 530 3054 est
547 3005 610 3053 beno
628 3004 744 3054 formata.
782 3005 955 3067 Vtraquneque
967 3007 1032 3053 eninr
1051 3020 1114 3070 gens
1133 3020 1194 3053 suns
1212 3005 1403 3055 interiectiones
1422 3007 1502 3058 lmbet

203 3089 269 3135 quoe
287 3088 337 3121 non
357 3078 468 3137 possunt
486 3072 617 3121 transferri
636 3073 661 3120 in
680 3071 754 3120 aliam
774 3072 895 3136 linguam.
931 3072 1005 3121 Vnde
1022 3072 1179 3137 euangelista
1198 3072 1297 3122 ‘rocha'
1316 3088 1385 3135 quae
1403 3086 1445 3125 est
1462 3077 1500 3125 iu·

202 3142 314 3191 teriectio
332 3141 402 3206 apud
420 3141 540 3200 Hemone,
561 3154 611 3189 non
629 3141 714 3204 potuit
731 3139 867 3189 transferre
885 3142 910 3188 in
929 3141 1004 3189 uliam
1023 3140 1145 3205 linguam
