3382 5476
688 396 897 453 BERNENSIS.
1398 394 1439 464 67

231 593 309 664 Quot
330 600 401 653 sunt
422 590 583 650 diuisiones
604 589 750 667 qualitatis
770 589 965 670 appeliatiuae
981 598 1011 650 et
1026 611 1117 671 quare
1132 590 1307 672 appeliatiua
1323 592 1441 652 nomina

145 695 302 756 dicuntur?
346 692 516 754 isidorus
537 692 680 761 ostendit,
709 710 775 752 cum
799 691 883 752 dicit:
912 691 1153 771 Appellatiua
1181 695 1327 754 numina
1355 693 1442 753 inde

145 805 343 865 uocantur,
382 793 479 875 quod
517 796 722 856 communia
754 801 842 854 sunt
874 801 909 852 et
940 795 976 853 in
1010 792 1209 856 multorum
1243 794 1442 871 signitica-

145 901 248 960 tione
271 898 496 958 consistunt.
535 897 688 957 Haecin
712 896 850 973 uiginti
872 904 1014 973 septem
1036 900 1185 975 species
1208 896 1442 958 diuiduntur.

111 1007 132 1069 ,⁵
145 999 207 1062 atta
231 1002 310 1060 enim
332 1006 403 1059 sunt
425 995 604 1077 corporalia,
628 996 684 1058 alia
702 996 915 1076 incorporalia,
940 997 994 1057 alia
1011 999 1177 1077 primitiua,
1201 998 1257 1059 alia
1274 998 1442 1066 diriuatiua,

145 1100 201 1162 alia
223 1101 413 1169 diminutius,
436 1098 493 1160 alia
509 1118 582 1161 sono
598 1099 789 1172 diminutiua,
814 1106 873 1160 tota
888 1100 1016 1167 Graeca,
1040 1107 1100 1160 tota
1117 1100 1237 1170 Latina,
1259 1102 1337 1160 inter
1352 1100 1444 1161 Grae·

145 1219 210 1263 cam
233 1202 425 1281 Latinumque
454 1203 594 1277 iormam,
623 1200 680 1262 alia
709 1199 885 1280 homonyma
914 1200 971 1261 hoc
993 1209 1039 1261 est
1062 1203 1249 1271 uninomina,
1279 1201 1334 1263 alia
1356 1221 1443 1282 syno-

144 1321 234 1384 nyma
262 1302 309 1365 uei
339 1302 513 1384 polyonyma
543 1304 601 1364 hoo
623 1311 667 1363 est
690 1301 903 1382 plurinomina,
933 1301 987 1362 alia
1011 1304 1228 1382 patronomioa,
1259 1301 1316 1365 alia
1339 1305 1444 1365 ctetica

144 1408 209 1467 alia
229 1408 376 1482 epitheta,
404 1409 468 1465 alia
489 1408 665 1483 qualitatis,
696 1407 759 1465 alia
788 1407 979 1481 quantitatis,
1008 1407 1072 1465 alia
1092 1409 1204 1480 pontis,
1235 1405 1290 1467 alia
1319 1407 1445 1485 patriae,

106 1506 200 1569 10ιιιιι
228 1492 300 1577 ioci,
325 1507 380 1569 alia
403 1509 535 1575 numeri,
564 1505 619 1566 alia
642 1506 770 1575 ordinis,
794 1505 850 1566 alia
872 1505 907 1567 ad
931 1504 1042 1584 aliquid
1065 1506 1159 1574 dieta,
1187 1506 1242 1568 alia
1271 1507 1307 1567 ad
1331 1507 1444 1586 aliquid

144 1607 362 1687 quodammodo
398 1628 431 1668 se
466 1607 620 1677 habentia,
657 1606 712 1668 alia
749 1605 913 1686 generalia,
951 1607 1022 1684 alia
1044 1607 1195 1688 specialia,
1233 1609 1289 1670 alia
1326 1609 1445 1670 uerhia-

144 1708 198 1778 lia,
228 1708 284 1771 alia
313 1710 476 1790 participiis
502 1708 623 1778 similia,
654 1709 710 1770 alia
742 1706 843 1769 uerbis
875 1709 992 1769 similia.
1037 1709 1224 1789 Corporalia,
1254 1730 1311 1791 qua
1334 1756 1445 1772 .....

146 1830 228 1872 mare
261 1821 291 1872 et
325 1820 432 1872 cetera.
488 1809 689 1890 incorporalia
723 1828 815 1891 quare
848 1809 1004 1872 dicuntur?
1063 1810 1138 1882 Quia
1171 1824 1275 1874 carent
1307 1831 1445 1891 corpore,

146 1920 179 1972 ιιι
208 1913 318 1973 iustitia
351 1912 478 1990 dignitas
515 1912 638 1991 angelus
673 1913 781 1973 anima.
833 1912 985 1974 Primitiua
1016 1915 1138 1976 nomina
1167 1932 1259 1992 quare
1289 1914 1445 1978 dicuntur?

110 2013 224 2085 ¹⁵0uia
253 2016 378 2093 primam
406 2016 584 2094 positionem
614 2013 726 2075 habent
753 2032 809 2074 neo
837 2013 956 2075 aliunde
979 2024 1154 2085 naseuntur,
1183 2025 1216 2077 ut
1237 2035 1322 2078 mons
1344 2016 1445 2078 schola

145 2124 226 2176 terra
249 2115 338 2176 homo
361 2115 485 2177 caelum.
530 2117 693 2178 liiriuatiua
716 2115 783 2175 ideo
806 2115 954 2184 dicuntur,
979 2119 1045 2194 quia
1069 2135 1106 2176 ex
1128 2115 1186 2177 alio
1210 2119 1330 2179 nomine
1352 2119 1445 2180 dedu·

145 2224 262 2286 uantur,
287 2226 319 2278 ut
341 2226 498 2280 montanus
520 2238 536 2280 a
559 2227 660 2279 monte
681 2218 799 2286 dieitur,
822 2216 1016 2279 scholasticus
1031 2235 1047 2276 a
1063 2216 1164 2278 schola
1186 2237 1296 2280 nomen
1320 2221 1443 2298 aceepit,

146 2324 175 2377 et
196 2323 334 2379 terrenus
356 2336 372 2378 a
396 2328 473 2380 terra
496 2321 678 2388 nominatur,
701 2320 744 2378 sie
766 2337 782 2379 a
805 2318 888 2379 caelo
911 2317 1046 2380 caelestis
1067 2318 1186 2380 dieitur.
1225 2320 1267 2381 [ie
1282 2319 1330 2381 his
1344 2329 1443 2383 autem

144 2417 310 2480 diriuatiuis
343 2420 513 2482 nominibus
540 2421 809 2501 grammaticus
831 2419 918 2480 dicit:
963 2419 998 2480 ln
1020 2421 1180 2498 primitiuis
1208 2429 1239 2481 et
1261 2420 1446 2483 diminutiuis

107 2520 317 2582 ”nominibus
340 2531 385 2583 est
406 2525 481 2584 ratio
503 2525 534 2583 in
556 2520 829 2590 terminationibus,
852 2523 881 2579 in
905 2519 1072 2583 diriuatiuis
1094 2540 1168 2582 uero
1192 2520 1273 2583 nulla
1295 2524 1445 2584 estratio:

146 2624 245 2685 uarias
280 2626 359 2684 euim
395 2634 424 2686 et
452 2623 631 2704 multiplices
657 2625 772 2703 speeies
800 2619 913 2682 habent
939 2624 970 2682 in
998 2622 1258 2684 terminationibus
1286 2622 1445 2686 diriuatiua

145 2719 276 2787 nomina.
319 2725 484 2806 Aliquando
512 2728 592 2789 enim
619 2727 650 2785 in
679 2724 733 2790 alis
762 2723 902 2785 desinunt
923 2723 972 2784 uel
993 2708 1027 2783 in
1048 2722 1094 2785 aie
1115 2723 1260 2804 producta
1282 2742 1298 2786 a
1321 2725 1446 2804 paenul-

145 2825 232 2895 tima,
255 2833 288 2886 nt
309 2828 393 2888 ouria
415 2825 536 2888 curialis
559 2836 588 2889 et
609 2825 735 2896 ouriaie,
759 2826 901 2887 memoria
918 2825 1101 2888 memorialis
1116 2837 1144 2887 et
1161 2826 1347 2897 memoriale,
1370 2845 1445 2889 neu·

147 2934 225 2987 trum
254 2928 397 2989 neutralis
430 2938 459 2991 et
485 2927 635 3000 neutrale,
670 2927 813 2989 iudicium
842 2926 989 2988 iudicialis
1019 2936 1049 2989 et
1076 2928 1230 2999 iudiciale,
1265 2930 1309 2991 sie
1335 2927 1445 3009 hospes

108 3039 134 3079 ιι
147 3026 316 3108 hospitalis,
339 3031 424 3091 nauis
446 3031 572 3106 naualis,
597 3048 705 3110 eorpus
727 3027 893 3109 corporalis
908 3027 920 3111 ΙΙ
936 3031 956 3092 i.
972 3027 1032 3092 81b
1048 3027 1072 3113 ΙΙ.
1111 3030 1175 3092 alia
1188 3033 1219 3092 in
1236 3029 1290 3093 elis
1305 3031 1447 3094 desinunt

146 3131 335 3211 productae,
360 3139 393 3192 ut
414 3131 491 3193 fidus
512 3131 621 3203 tidelis,
646 3130 757 3194 crudus
779 3129 923 3199 erudelis,
946 3140 1070 3210 patruus
1091 3131 1249 3211 patruelis,
1271 3133 1365 3194 irater
1386 3133 1445 3194 ira·

145 3231 261 3295 truelis.
304 3233 367 3295 ana
395 3236 427 3294 in
454 3233 502 3295 ilis
530 3245 560 3296 et
586 3236 616 3295 in
643 3233 684 3294 ile
712 3233 852 3294 desinunt
878 3233 888 3291 i
910 3231 1028 3311 longam
1057 3233 1267 3311 paenultimam
1295 3233 1443 3304 habentia,

147 3342 181 3395 ut
194 3334 284 3396 aedes
299 3333 380 3396 aedis
395 3334 513 3405 aedilis,
538 3353 629 3397 senex
651 3333 770 3411 senilis,
792 3353 866 3396 anus
888 3332 990 3404 anilis,
1013 3354 1089 3415 puer
1111 3335 1247 3416 puerilis,
1269 3338 1317 3397 uir
1340 3335 1446 3406 uirilis,

147 3437 223 3498 ciuis
250 3436 360 3505 ciuilis,
390 3456 497 3499 seruus
524 3439 657 3506 seruilis,
685 3454 759 3515 gens
785 3433 919 3514 gentilis,
948 3434 1042 3498 hostis
1069 3438 1196 3499 hostilis.
1239 3437 1313 3500 ltem
1340 3440 1371 3499 in
1393 3437 1445 3509 ile,

108 3546 180 3598 aaut
207 3538 275 3598 ouis
303 3537 396 3604 ouiie,
426 3557 535 3600 munus
563 3538 690 3608 munile,
719 3536 805 3598 sedes
829 3536 932 3598 sedile.
976 3535 1038 3598 alia
1061 3547 1200 3618 correpta
1221 3539 1233 3599 i
1253 3538 1445 3620 paenultima,

147 3648 180 3700 ut
206 3640 271 3702 iero
300 3640 421 3709 fertilis,
457 3649 524 3701 utor
551 3639 645 3709 utilis,
674 3637 743 3700 uolo
770 3636 913 3707 uolatilis,
943 3646 1041 3700 textus
1068 3639 1193 3710 textilis,
1223 3641 1310 3702 lictus
1339 3641 1444 3713 iiotilis,

145 3759 219 3821 pero
245 3740 358 3821 parilis.
407 3742 471 3803 Alia
499 3746 530 3804 in
559 3743 619 3804 aris
647 3740 788 3802 desinunt
814 3738 959 3818 producta
988 3759 1005 3801 a
1033 3741 1230 3821 paenultima,
1260 3750 1292 3804 ut
1318 3743 1446 3825 populus

146 3841 313 3923 popularis,
343 3844 479 3923 singulus
508 3843 683 3922 singularis,
712 3840 817 3902 consul
845 3840 1027 3913 consularis,
1056 3843 1142 3905 miles
1165 3844 1316 3916 militaris,
1344 3845 1446 3907 schola

146 3942 308 4014 scholaris,
332 3946 439 4007 iamilia
462 3946 630 4015 familiaris;
654 3945 710 4006 alia
732 3946 763 4005 in
786 3943 884 4014 ubris,
908 3953 940 4005 ut
960 3944 1040 4007 salus
1055 3944 1199 4016 salubris;
1222 3945 1278 4007 alia
1300 3948 1331 4008 in
1354 3946 1444 4018 ebris,

107 4056 180 4109 ³⁶ut
200 4046 311 4108 mulier
332 4046 502 4117 muliebris;
532 4048 588 4109 alia
615 4049 646 4108 in
670 4049 722 4117 tis,
752 4055 786 4106 ut
812 4064 883 4125 ager
911 4049 974 4126 agri
1002 4050 1142 4127 agrestis,
1171 4049 1213 4110 sio
1235 4047 1350 4111 caelum
1372 4049 1446 4112 caeti

217 4270 318 4330 lquod
388 4265 547 4332 entiores]
566 4270 582 4317 l
601 4272 666 4332 o,5
733 4244 794 4316 iio
812 4266 904 4331 uiginti
923 4265 1034 4336 septem]
1055 4268 1147 4334 uiginti
1166 4279 1223 4318 octo
1242 4269 1360 4320 Isidorus
1430 4273 1445 4320 'l

148 4336 277 4385 omonimo
347 4338 487 4401 uninomye
537 4339 675 4401 sinonyme
742 4334 926 4398 Spolionyma
977 4334 1133 4400 plurinomia
1201 4335 1293 4386 rethica
1310 4337 1360 4386 alia
1378 4341 1443 4403 patri

147 4403 198 4451 alia
215 4403 277 4464 loci,
299 4407 398 4455 anamais
415 4406 521 4468 ceteris,
547 4422 611 4472 quae
629 4401 842 4470 exsequentibus
863 4406 988 4468 suppleui.
1076 4406 1108 4454 12
1126 4405 1270 4471 corporalia
1288 4420 1339 4468 qua
1358 4443 1365 4456 .
1385 4442 1391 4455 .
1411 4443 1416 4454 .
1437 4444 1443 4456 .

147 4468 227 4535 utare]
248 4472 376 4522 baranum
393 4475 431 4522 itu
446 4474 505 4536 sere
523 4478 645 4538 expleas:
664 4470 813 4537 Corporaiia
831 4486 909 4533 quare
926 4472 1063 4523 dicuntur?
1100 4472 1165 4532 Quia
1182 4474 1277 4524 habent
1292 4489 1398 4540 eorpus,
1418 4486 1445 4522 ιιι

150 4554 325 4593 ..„mare
343 4552 367 4589 et
385 4554 467 4590 cetera
536 4543 568 4592 13
585 4556 694 4608 corpore
713 4550 740 4590 ut
756 4539 848 4590 addidi
915 4541 947 4590 to
964 4543 1009 4603 qni
1026 4543 1136 4607 primam
1154 4543 1323 4608 possitiooem
1376 4541 1445 4591 scola

149 4606 181 4655 16
198 4604 249 4655 ulia
316 4609 361 4668 ,ll
379 4609 528 4659 scolasticus
547 4625 562 4658 a
579 4610 650 4659 scole
729 4609 762 4658 19
780 4605 948 4673 gramaticus]
966 4610 1002 4668 cf.
1018 4609 1103 4664 Prisc.
1124 4610 1141 4660 1
1156 4627 1184 4676 p.
1203 4613 1265 4674 130,
1283 4612 1317 4660 20
1333 4625 1388 4675 aeq.
1406 4610 1444 4660 ΙΙ.

147 4673 181 4724 20
198 4673 357 4740 diriuatiuis]
375 4676 543 4726 diminutiuis.
579 4679 623 4727 Aa
639 4678 737 4743 potius:
755 4678 783 4725 in
801 4675 1017 4727 denominatinis?
1086 4681 1120 4729 22
1137 4680 1163 4728 in
1181 4679 1238 4728 aliis
1290 4677 1445 4742 peneuitimu
1500 4710 1503 4717 ·

147 4741 182 4792 24
198 4742 317 4792 iudicatis
336 4756 360 4792 et
378 4744 487 4794 iudicate
504 4747 526 4793 si
545 4745 636 4811 hospis
721 4745 754 4795 26
772 4742 881 4793 nauialis
953 4746 986 4795 26
1003 4747 1128 4811 producte
1145 4758 1172 4796 ut
1189 4747 1248 4796 dalis
1316 4747 1348 4796 27
1367 4761 1446 4812 pene-

149 4808 273 4876 ultimam,
291 4814 330 4861 aie
346 4828 448 4876 seraper
462 4815 520 4876 sere
588 4814 622 4864 28
639 4812 719 4863 liedes
738 4811 794 4862 edis
811 4811 886 4860 edilis
955 4815 989 4863 29
1006 4815 1107 4864 seruilis
1124 4831 1171 4865 ora.
1228 4815 1261 4864 30
1278 4813 1349 4864 sedis
1412 4817 1446 4866 32

148 4877 174 4926 in
193 4877 227 4928 ris
279 4880 418 4944 penultima
487 4884 519 4931 33
537 4881 604 4930 milis
656 4882 724 4931 scole
744 4879 850 4929 scolaris
869 4878 957 4930 lirniiia
1026 4885 1059 4933 35
1077 4883 1185 4946 agrestis
1202 4881 1249 4932 oeli
1267 4881 1395 4932 «molestus

1203 4967 1238 5016 ὅ,
