3382 5476
582 361 619 412 ru
637 362 720 415 nou.
739 363 865 414 taccu
882 364 1060 417 uuronuu.
1402 363 1465 430 263

484 552 567 611 Acri
590 551 770 632 quondam
794 557 949 629 regnata
972 551 1149 633 Lycurgo.

178 649 415 713 Furibuudus
450 648 644 714 litteraturam
678 652 767 713 habet
795 654 960 734 participii,
999 654 1078 733 quod
1114 655 1337 717 similitudinem
1374 655 1464 719 babet
1475 671 1565 721 teano

178 754 312 824 lurieuti,
336 754 388 815 sed
411 773 518 815 nomen
541 763 599 825 est,
622 756 689 833 quia
713 772 772 815 non
793 757 877 816 uenit
891 773 906 814 a
921 757 1049 835 passiuo.
1092 756 1334 820 Ludibundus
1355 757 1463 820 similis

177 864 222 917 est
236 855 358 917 ludenti.
388 856 633 918 bloribundus
654 856 757 918 similis
772 864 816 918 est
829 858 979 927 morienti,
1001 859 1053 920 sed
1068 862 1188 921 nomina
1203 868 1281 922 suut
1319 861 1460 922 Passus.
1475 874 1524 925 aas,
1537 876 1563 916 aa

151 957 307 1019 s‘Passus’
328 961 358 1021 si
376 967 498 1039 quartae
521 958 724 1021 declinationis
745 967 798 1030 ert,
814 968 885 1021 tunc
899 977 1007 1021 nomeu
1023 967 1068 1021 est
1082 969 1112 1023 et
1125 963 1272 1039 significat
1292 980 1461 1024 mensuram

177 1060 299 1138 pedum;
314 1061 442 1140 ‘passus'
455 1062 480 1122 si
495 1062 680 1141 participium
697 1068 751 1131 est,
761 1061 908 1140 significat
922 1062 1019 1141 ipsum
1033 1065 1095 1142 pati
1109 1072 1140 1124 et
1154 1072 1199 1125 est
1213 1063 1322 1125 mobile
1335 1084 1392 1144 per
1406 1067 1461 1126 tria

176 1181 286 1241 genera
308 1164 338 1222 in
361 1164 447 1223 usin
471 1182 486 1224 a
510 1165 539 1223 in
562 1182 626 1232 um,
650 1171 683 1223 ut
704 1164 826 1243 ‘passus
849 1171 892 1224 est
914 1163 1008 1225 beri’.
1053 1164 1162 1226 VIsus
1185 1182 1293 1227 nomen
1316 1165 1395 1226 idem
1417 1174 1463 1226 est

176 1272 205 1324 et
219 1266 306 1325 uisio.
337 1264 446 1325 ‘Visus’
463 1266 487 1325 si
509 1265 697 1345 participium
721 1272 780 1334 est,
804 1266 900 1344 ipsum
922 1264 1025 1326 uidere
1047 1267 1192 1344 significat
1212 1276 1246 1328 ut
1266 1268 1461 1347 apostolus

176 1364 261 1428 dicit:
299 1368 504 1428 nouissime
533 1368 636 1427 uisus
663 1374 720 1426 est
748 1374 782 1439 et
809 1366 909 1427 mibi.
954 1367 1081 1429 Cultus
1103 1370 1123 1429 i·
1147 1379 1278 1431 ornatus.
1323 1368 1459 1432 ‘Cultus’

140 1480 164 1521 10
177 1487 285 1529 nomen
308 1469 453 1546 significat
466 1470 560 1548 ipsam
576 1467 737 1537 culturam;
761 1468 868 1529 ‘cultus
883 1468 967 1530 culti'
983 1471 1170 1550 participium
1194 1473 1342 1550 siguificat
1362 1473 1459 1551 ipsum

175 1569 283 1630 colere.
327 1570 383 1630 lsta
412 1572 467 1630 tria
496 1569 613 1632 casibus
640 1571 849 1632 discernuntur
875 1577 905 1630 et
927 1569 1119 1651 temporibus.
1164 1574 1323 1653 ‘Sapiens’
1347 1573 1460 1636 ‘indul-

173 1676 263 1749 gens’
287 1671 404 1749 quando
433 1674 551 1733 nomina
579 1680 662 1740 suut,
691 1673 940 1751 comparationem
968 1674 1130 1754 rccipiunt:
1161 1675 1278 1754 quando
1305 1677 1459 1756 participia

174 1781 244 1834 sunt
271 1776 434 1854 praesentis
462 1775 618 1854 temporis,
653 1783 769 1854 tempus
801 1793 856 1853 pro
884 1777 1104 1854 comparatione
1133 1774 1252 1839 habent
1298 1778 1571 1857 Comensem-

173 1877 360 1954 participium
384 1876 534 1954 praeteriti
557 1879 699 1954 temporis
722 1885 766 1937 est
787 1894 802 1935 a
826 1875 920 1937 uerbo
942 1876 1050 1957 ‘coepi'
1066 1876 1214 1939 deiectiuo
1236 1886 1266 1939 ct
1286 1897 1346 1940 uon
1368 1877 1459 1940 babet

136 1977 315 2037 eruturum.
361 1977 553 2056 Vrgendus
580 1981 605 2038 i·
635 1977 784 2057 cogentius
817 1995 876 2039 non
909 1976 998 2039 babet
1028 1978 1160 2040 futurum
1188 1997 1203 2040 a
1233 1979 1327 2042 uerbo
1354 1998 1455 2060 urgeo,

172 2077 249 2159 quod
272 2079 341 2139 lacit
363 2080 522 2158 praeterito
544 2081 618 2141 ‘ursi
642 2081 753 2140 ursisti'
777 2087 806 2138 et
829 2082 1008 2159 ‘conturgeo
1030 2083 1191 2142 contorsi’.
1229 2085 1413 2163 Acceptus
1434 2085 1453 2143 i·
1468 2096 1558 2146 oseae

172 2188 327 2259 susceptus
356 2182 543 2260 participium
578 2183 730 2261 praeteriti
765 2184 905 2261 temporis
932 2181 968 2242 ab
996 2183 1108 2260 accipio
1136 2181 1245 2253 uerbo,
1279 2190 1309 2244 et
1338 2183 1455 2263 quando

172 2301 279 2342 nomen
303 2291 363 2351 est,
393 2292 595 2361 comparatur,
621 2292 651 2343 ut
678 2290 815 2363 acceptus
838 2285 987 2363 acceptior
1008 2281 1019 2366 ΙΙ
1037 2279 1098 2344 192
1114 2282 1125 2365 ΙΙ
1148 2286 1384 2365 acceptissimus:
1407 2304 1455 2346 ac·

170 2393 275 2462 ceptus
301 2385 321 2442 i·
345 2382 476 2448 dilectus.
521 2383 701 2445 Incensus
729 2382 866 2445 similiter
893 2386 912 2444 i·
936 2393 1142 2446 concrematus
1170 2404 1185 2446 a
1215 2384 1306 2447 uerbo
1328 2386 1455 2448 incendo

118 2496 158 2571 ρο
170 2484 321 2547 incendis:
345 2484 463 2565 quando
486 2503 593 2546 nomen
616 2493 674 2555 est,
698 2493 885 2563 comparatur
908 2486 1059 2547 ‘incensus
1080 2479 1252 2548 incensior’.

633 2670 681 2732 ult
703 2670 988 2733 coutvticrtotiu.

253 2790 427 2851 Coniunctio
449 2789 556 2851 dicitur
578 2808 594 2850 a
617 2790 836 2870 coniungendo,
861 2810 896 2852 eo
918 2791 995 2871 quod
1013 2793 1166 2872 coniungit
1180 2791 1252 2854 alias
1266 2801 1375 2874 partes.
1403 2794 1455 2857 Est

169 2901 267 2955 autern
290 2893 373 2972 quasi
395 2891 546 2953 uinculum
568 2893 707 2971 partium.
745 2892 903 2971 Coniungit
924 2896 1001 2954 enim
1025 2894 1083 2956 duo
1106 2896 1234 2965 uomina,
1258 2902 1290 2956 ut
1303 2896 1454 2975 ‘Virgilius

167 3003 197 3056 et
219 2994 414 3063 Priscianus',
438 2992 496 3054 dno
518 2995 693 3074 pronomina
715 2999 788 3072 ‘ego
811 3002 841 3055 et
862 2997 923 3064 tu'‚
952 2996 1009 3057 duo
1037 2995 1129 3057 uerba
1158 2995 1246 3076 ‘legit
1268 3008 1297 3059 et
1318 2997 1451 3069 scriblt’,

128 3107 154 3151 ss
168 3096 226 3157 duo
249 3095 405 3166 aduerbia,
430 3104 463 3157 ut
484 3096 566 3157 ‘beri
589 3106 618 3157 ct
639 3095 754 3167 bodie',
777 3096 837 3157 duo
859 3099 1029 3177 participia,
1052 3106 1085 3159 ut
1105 3097 1219 3177 ‘legens
1241 3107 1271 3161 et
1292 3099 1451 3173 scribens',

167 3207 197 3260 et
219 3218 250 3259 se
272 3199 366 3276 ipsam
389 3200 555 3278 coniungit.
578 3206 611 3260 ut
632 3199 669 3259 ‘si
692 3206 721 3259 et
742 3200 791 3267 si’,
815 3197 888 3260 duas
909 3201 1143 3279 praepositiones
1165 3203 1289 3263 ‘circum
1305 3212 1335 3263 et
1349 3205 1450 3276 circa’,

166 3300 239 3361 duas
261 3301 483 3362 interiectiones
506 3300 583 3360 ‘beu
606 3309 635 3360 ct
657 3301 754 3361 euax!
798 3300 888 3360 Recte
916 3302 1002 3362 ctiam
1035 3309 1103 3381 post
1129 3300 1201 3363 alias
1228 3309 1328 3382 partes
1354 3306 1451 3383 posita

167 3413 211 3465 est
239 3405 425 3475 coniunctio,
454 3404 520 3481 quia
549 3420 598 3463 eas
626 3402 787 3480 coniungit.
832 3400 913 3461 Vnde
943 3408 973 3461 ct
999 3404 1105 3464 merito
1128 3405 1293 3482 ‘potestas'
1316 3405 1343 3465 ei
1365 3404 1450 3466 datur

165 3524 220 3585 pro
248 3504 415 3578 accidente,
445 3522 531 3585 quam
560 3501 633 3564 aliae
661 3511 759 3582 partes
786 3521 847 3563 non
875 3501 993 3564 babent.
1045 3503 1202 3565 Sciendum
1231 3513 1345 3576 autem,
1379 3508 1449 3587 quia

126 3617 152 3658 ³⁰
166 3608 335 3668 coniunctio
359 3605 454 3666 tribus
477 3604 573 3664 modis
594 3605 747 3682 coniungit
768 3611 887 3683 partes:
912 3622 1000 3666 sensu
1023 3613 1053 3665 et
1072 3603 1252 3675 litteratura,
1282 3605 1448 3671 litteratura

165 3717 195 3770 et
217 3726 276 3769 non
297 3726 401 3775 sensu,
429 3724 518 3768 sensu
540 3715 570 3766 et
591 3724 649 3766 nou
673 3707 843 3767 litteratura.
888 3705 945 3767 Sed
975 3707 1031 3768 boc
1057 3707 1275 3788 inquirentibus
1297 3708 1447 3772 dimitten-

165 3811 234 3871 dum
257 3819 310 3871 est.
362 3810 433 3868 Cum
463 3808 521 3868 duo
549 3808 667 3867 uomina
695 3816 765 3868 sunt
787 3814 817 3867 et
838 3826 930 3870 unum
959 3808 1099 3880 uerbum,
1128 3809 1187 3871 duo
1214 3813 1333 3873 nomina
1361 3820 1449 3892 egent

165 3913 387 3980 coniunctione,
411 3919 442 3970 ut
464 3908 616 3988 ‘Virgilius
638 3916 668 3970 el
689 3909 859 3971 Priscianus
879 3907 1008 3989 leguut';
1032 3919 1061 3972 ct
1083 3912 1200 3989 quando
1222 3912 1281 3973 duo
1303 3913 1396 3975 uerba
1418 3924 1448 3976 et

165 4033 254 4074 unum
277 4031 400 4080 nomen,
430 4011 522 4072 uerba
550 4020 638 4090 egent
664 4013 884 4082 coniunctione,
918 4023 952 4074 ut
979 4013 1067 4092 ‘legit
1094 4020 1123 4074 et
1149 4012 1254 4074 scribit
1280 4015 1447 4094 Virgilius’.

125 4120 151 4161 ³⁵
164 4115 287 4186 Quattdo
310 4134 383 4175 uero
404 4113 495 4174 multa
518 4114 636 4175 nomina
658 4113 767 4175 luerint
788 4120 818 4175 et
840 4132 896 4174 una
919 4132 1060 4195 persona,
1084 4124 1116 4177 ut
1138 4115 1271 4177 ‘Publius
1293 4116 1446 4180 Cornelius

163 4287 396 4296 ——-—

232 4390 245 4436 1
264 4387 365 4452 ligurgo
434 4388 449 4436 3
467 4381 632 4450 ludibundus]
651 4385 710 4436 Hoc
726 4384 871 4436 condolent
888 4388 959 4451 opud
976 4386 1100 4438 nowen
1116 4389 1189 4450 rotlpo
1206 4403 1256 4438 uon
1272 4388 1372 4454 lepitur.
1428 4392 1446 4440 4

163 4470 257 4519 passus
275 4465 379 4516 quartae
395 4453 572 4504 declinationis
589 4463 649 4502 tuuc

229 4709 262 4757 22
281 4708 370 4758 Gloria
386 4710 481 4760 codicis
498 4708 639 4759 Berneuer's
654 4709 676 4769 s.
693 4706 743 4759 15b
760 4723 840 4773 merp.
857 4709 918 4760 dex.
930 4709 967 4759 od
982 4710 1048 4761 Bon.
1058 4725 1086 4775 p.
1100 4712 1161 4772 389,
1174 4712 1202 4758 2:
1221 4708 1341 4760 ‘Saltem’
1358 4725 1442 4762 sermo

162 4786 257 4825 tractus
275 4786 314 4826 est
330 4791 345 4824 a
362 4777 484 4842 captiuis,
502 4776 547 4840 qui
564 4775 665 4826 abducti
683 4776 752 4826 hosti
769 4776 867 4826 dicunt:
887 4774 990 4826 ‘Omnia
1002 4787 1090 4828 nostra
1106 4779 1202 4843 accipe,
1219 4788 1245 4827 et
1261 4777 1351 4829 saltem
1368 4779 1442 4830 uobis

163 4845 240 4894 uitam
258 4843 387 4904 concede’,
406 4855 431 4896 et
447 4845 506 4895 inde
522 4845 645 4894 remansit
662 4844 751 4894 saltem
768 4858 814 4910 per
831 4846 964 4911 sincopam
981 4847 1000 4900 i.
1016 4861 1063 4913 per
1079 4846 1235 4896 circisionem
1252 4861 1270 4896 u
1285 4845 1390 4897 litteroe.
