3382 5476
536 338 612 388 CVM
632 337 833 388 EXCERPTIS
851 338 1024 389 INEDI'I'IS.
1263 350 1423 399 CCXXXIII

129 547 187 609 pro
211 525 309 598 breui,
334 535 363 587 et
384 526 436 586 ubi
459 544 580 588 necesse
602 536 659 596 est,
679 525 815 609 'babetur
842 544 897 606 pro
920 525 1016 605 longa.
1061 525 1101 587 lla
1126 525 1178 587 ubi
1201 527 1346 607 accipitur
1368 543 1423 605 pro

183 632 200 658 Π

130 613 228 692 ¹⁰⁰⁰&
504 698 576 759 Hoc
601 706 694 765 erat,
719 698 811 760 alma
835 716 983 776 parens.

130 784 174 845 lla
197 783 248 846 ubi
271 785 309 843 sit
331 782 441 843 breuis.

101 882 116 921 a
301 867 408 928 Solus
430 866 493 929 bic
515 866 669 929 inflexit
691 885 827 929 sensus
849 866 1048 928 Brauionis
1070 866 1111 927 ad
1133 884 1265 927 amnes.

217 1035 358 1099 Dicebant
380 1044 464 1098 autea
487 1044 613 1106 ueteres,
638 1038 716 1119 quod
740 1047 811 1100 tunc
834 1047 912 1099 esset
934 1057 1020 1118 asper
1042 1037 1173 1118 spiritus,
1198 1036 1316 1114 quando
1332 1053 1422 1097 unum

130 1125 222 1184 semis
245 1133 296 1184 aut
319 1123 376 1183 duro
399 1126 489 1183 semis
512 1133 561 1183 aut
583 1124 637 1184 tria
661 1133 794 1203 tempora
818 1122 1005 1193 habuissent;
1029 1122 1145 1203 quando
1168 1139 1240 1181 uero
1260 1139 1351 1182 unum
1375 1128 1425 1180 aut

130 1209 190 1267 duo
218 1217 351 1288 tempora
382 1207 571 1275 habuissent,
602 1216 673 1269 tunc
700 1217 778 1270 esset
806 1208 881 1270 lenis
908 1209 1039 1288 spiritus.
1084 1205 1256 1277 Quomodo?
1299 1206 1371 1266 Puta
1400 1206 1424 1265 si

130 1293 226 1352 dicam
255 1295 329 1361 ‘et’,
360 1293 416 1353 boc
445 1310 584 1353 sermono
612 1294 750 1355 dicebant
778 1302 896 1355 ueteres
924 1292 1004 1354 illam
1034 1291 1165 1354 uocalem
1195 1310 1285 1352 unum
1309 1300 1425 1371 tempus

90 1392 117 1432 ro
132 1377 260 1447 babere,
289 1378 369 1439 illam
398 1387 610 1439 consonantem
641 1398 713 1441 uero
742 1379 871 1440 medium
895 1389 924 1440 et
947 1389 1017 1439 tunc
1038 1376 1176 1439 dicebant
1199 1395 1263 1438 esse
1284 1393 1425 1455 asperum

131 1464 280 1543 spiritum.
326 1462 479 1534 Quomodo
503 1464 609 1524 dicitur
632 1465 753 1542 spiritus
778 1482 841 1525 esse
865 1463 958 1525 lenis?
1002 1461 1073 1523 Puta
1102 1465 1126 1522 si
1150 1462 1245 1522 (licam
1269 1463 1356 1521 ‘ars'z
1380 1460 1425 1521 di·

132 1548 240 1609 cubant
262 1546 342 1608 illam
365 1548 498 1609 uocalem
523 1567 612 1608 tuntum
631 1559 747 1628 tempus
763 1547 874 1609 babere
897 1557 926 1609 et
942 1546 1007 1609 illas
1022 1547 1095 1608 duas
1110 1554 1305 1607 consonantes
1322 1564 1423 1613 unum,

133 1643 163 1694 et
186 1640 256 1693 tunc
279 1632 418 1694 dicebant
441 1651 506 1694 esse
531 1632 626 1694 lenem
649 1636 804 1712 spiritum,
828 1633 879 1694 sed
903 1652 961 1694 oon
985 1641 1030 1695 est
1051 1636 1101 1703 ita,
1125 1635 1184 1694 nisi
1206 1630 1293 1710 longa
1316 1628 1425 1711 syllaba

131 1719 191 1779 duo
214 1725 347 1798 tempora
371 1718 470 1786 babet,
494 1717 595 1779 breuis
617 1737 718 1779 unum.

90 1968 117 2008 15
617 1955 665 2017 DE
694 1956 934 2019 ACCENTIBVS.

216 2123 371 2207 {lessle
394 2127 538 2187 diseretio
566 2129 730 2205 corrumpit
757 2126 887 2207 regulam
917 2135 1103 2188 accentuum.
1142 2126 1315 2198 Quomodo?
1352 2125 1425 2187 Puta

131 2213 156 2271 si
180 2211 274 2270 dicam
298 2214 399 2288 ‘poue'
424 2220 453 2270 et
474 2212 581 2287 ‘ergo'.
627 2211 706 2272 luter
729 2216 829 2293 ‘ponc'
855 2221 884 2271 et
905 2214 1005 2291 ‘pone'
1030 2211 1098 2289 quid
1115 2210 1222 2272 distatl
1267 2212 1299 2272 Si
1322 2210 1427 2272 dixero

131 2297 233 2373 ‘pone’
259 2304 288 2356 et
310 2296 491 2375 paenultimo
508 2295 572 2356 loco
588 2296 725 2358 babuerit
740 2305 908 2367 accentum,
934 2299 990 2357 erit
1005 2297 1130 2357 uerbum
1148 2297 1317 2375 imperatlui
1333 2295 1424 2357 modi.

132 2381 173 2441 [la
197 2382 259 2441 eius
285 2379 461 2457 exemplum.

89 2479 118 2518 ω
301 2465 397 2527 Pone
420 2465 682 2544 supercilium,
706 2469 736 2527 si
759 2475 792 2527 to
814 2467 1014 2546 cognoscis
1037 2467 1205 2527 amicum.

132 2550 205 2610 Nam
228 2552 252 2610 si
275 2550 377 2609 ultimo
400 2549 465 2610 loco
489 2551 626 2611 babuerit
649 2559 803 2613 accentum
827 2560 857 2611 et
879 2551 1070 2614 subsecutum
1094 2550 1184 2612 luerit
1206 2568 1315 2613 nomen
1339 2568 1426 2610 accu-

133 2637 219 2696 satiui
242 2654 336 2700 casus.
361 2638 418 2696 erit
440 2639 632 2715 praepositio.
679 2637 718 2698 [la
742 2639 807 2697 eius
829 2635 1006 2717 exemplum.

302 2721 399 2780 Pone
423 2723 521 2781 taces
544 2721 674 2781 caudis
697 2721 954 2801 circumligat,
977 2724 1014 2782 in
1037 2731 1114 2783 sata
1137 2722 1262 2781 mittit.

134 2806 165 2865 Si
189 2803 315 2866 uerbum
338 2805 528 2866 subsecutum
553 2806 643 2866 luerit
665 2816 693 2866 et
715 2809 747 2867 in
769 2808 833 2886 ipsa
855 2806 957 2868 ultima
980 2805 1090 2886 syllaba
1107 2806 1244 2867 habuerit
1260 2814 1425 2876 accentum,

92 2901 120 2942 ‘a
135 2892 190 2951 erit
213 2889 389 2951 aduerbium
413 2891 478 2959 loci,
504 2892 580 2970 quod
603 2893 748 2970 siguificat
770 2895 874 2953 ‘retro’
898 2894 1011 2973 ‘pone’.
1031 2886 1097 2952 ‘lla
1122 2894 1185 2953 eius
1208 2889 1385 2972 exemplum.

303 2992 402 3053 Pone
425 2992 525 3054 subit
548 2993 699 3063 coniux,
724 2994 884 3056 terimur
907 3011 1107 3074 peropaca
1130 2991 1306 3055 iocorum.

197 3165 359 3172 ..-—-.—..

167 3279 393 3315 SIMILITVDINE.

134 3371 183 3426 pro
214 3352 301 3410 breui.
351 3356 384 3410 ila
415 3355 460 3410 ubi
489 3358 525 3410 sit
553 3355 644 3428 longa.
689 3354 758 3411 ‘Hoc
786 3366 844 3411 erat
873 3354 942 3411 alma
970 3354 1091 3428 parens?
1134 3355 1169 3410 da
1198 3354 1289 3411 breue.
1334 3353 1427 3412 ‘Solus

134 3440 177 3495 bic
199 3440 302 3494 induxit
325 3440 457 3496 sensum!

218 3525 235 3581 6
258 3524 391 3580 Iulianus
402 3543 435 3595 p.
454 3530 503 3580 13.-
527 3524 652 3581 [licebant
668 3535 786 3595 ueteres,
810 3525 883 3598 quod
901 3532 965 3582 tunc
979 3533 1053 3580 esset
1069 3542 1149 3599 asper
1164 3525 1295 3599 spiritus,
1318 3526 1426 3599 quando

134 3626 215 3664 unum
245 3609 344 3680 semis,
374 3619 420 3665 aut
448 3611 517 3666 duos
547 3613 627 3666 semis
650 3619 696 3666 aut
720 3612 768 3666 tria
794 3620 916 3684 tempora
941 3609 1093 3676 babuisset3
1122 3610 1229 3684 quaudo
1253 3627 1320 3666 uero
1344 3627 1426 3665 unum

133 3702 179 3749 aut
208 3694 262 3749 duo
292 3705 411 3769 tempora
435 3695 532 3765 babet,
556 3703 621 3750 tunc
642 3704 683 3751 ost
708 3695 777 3751 lenis
800 3692 923 3768 spiritus.
967 3692 1126 3760 Quomodo?
1150 3696 1182 3749 Vt
1206 3704 1270 3768 puta
1294 3697 1316 3749 si
1340 3695 1425 3750 dicam

133 3776 200 3834 ‘et’:
231 3783 255 3834 in
286 3781 339 3835 lroc
367 3797 492 3835 sermone
514 3811 555 3820 -
581 3788 686 3852 tempus
715 3772 1051 3847 babere,'consouantem
1075 3795 1141 3836 uero
1165 3780 1281 3836 medium
1304 3789 1332 3835 ct
1362 3789 1427 3835 tunc

133 3881 258 3938 asperum
282 3867 406 3937 spiritum
431 3883 492 3920 esso
515 3864 649 3921 dicebant.
693 3864 805 3933 Quando
828 3864 928 3921 dicitur
950 3864 1064 3937 spiritus
1087 3881 1147 3920 esse
1176 3864 1262 3920 lonis?
1307 3864 1339 3920 Vt
1361 3873 1425 3939 puta

133 3951 154 4004 si
173 3949 257 4005 dicam
274 3947 358 4004 ‘ars’:
382 3950 506 4006 dicebant
530 3949 600 4005 illam
624 3950 746 4006 uocalem
770 3949 869 4005 babere
892 3966 975 4006 unum
999 3957 1116 4022 tompus,
1139 3959 1166 4005 ct
1188 3949 1248 4005 illas
1273 3948 1340 4005 duas
1361 3966 1426 4006 con·

133 4044 262 4089 sonantes
293 4052 390 4103 unuin,
415 4044 442 4089 ot
466 4044 530 4091 tunc
553 4042 595 4090 est
617 4034 686 4090 lenis
708 4035 831 4106 spiritus.
876 4033 927 4091 Sed
950 4052 1004 4091 non
1028 4043 1070 4089 cst
1092 4037 1129 4090 ita
1152 4032 1308 4091 -breuis
1332 4052 1425 4090 unum.

221 4119 257 4176 16
280 4120 413 4175 Iulianus
433 4138 463 4190 p.
483 4124 536 4175 58:
560 4118 701 4189 Quomodo
725 4119 871 4175 discretio?
908 4120 983 4175 Sicut
1006 4137 1076 4194 pono
1099 4128 1125 4174 et
1148 4137 1223 4192 ergo.
1261 4118 1333 4175 lutet·
1354 4136 1426 4193 pone

133 4211 160 4258 ct
183 4221 249 4276 ergo
273 4204 337 4276 quid
360 4204 461 4259 distat?
499 4206 526 4260 Si
549 4205 640 4260 dixero
664 4201 745 4278 pdne,
768 4212 796 4259 et
818 4204 970 4277 penultimo
993 4235 1032 4242 —
1056 4221 1115 4259 nam
1140 4206 1163 4259 si
1186 4204 1282 4260 ultimo
1305 4203 1377 4274 loco,
1400 4214 1427 4259 et

132 4287 307 4344 subsecutum
331 4288 413 4344 inerit
438 4322 473 4328 —
500 4293 521 4344 si
546 4288 658 4345 uerbum
681 4289 857 4345 subsecutum
882 4289 981 4359 luerit,
1004 4291 1055 4344 erit
1077 4288 1236 4345 aduerbium
1259 4288 1329 4359 loci,
1354 4289 1426 4363 quod

132 4371 267 4445 significat
291 4383 373 4429 retro.
419 4375 452 4428 ita
476 4377 535 4430 eius
557 4375 718 4449 exemplum.
763 4374 847 4431 ‘Porro
869 4403 910 4413 -
933 4391 1016 4448 opaca
1039 4372 1184 4431 locorum’
1226 4359 1236 4390 '

132 4637 244 4673 coortus
263 4639 418 4674 ananensis
436 4625 486 4675 207
503 4638 650 4675 vunrurno.

201 4711 213 4757 l
234 4710 308 4757 breue
360 4707 458 4774 3iloe]
483 4710 640 4774 VerpAm.
658 4710 695 4760 II
706 4714 755 4761 664
789 4711 891 4760 alumna
910 4725 1002 4774 parens
1055 4711 1182 4762 bbicom.
1237 4712 1267 4761 18
1286 4709 1426 4774 perurltimo

131 4779 166 4827 20
183 4776 251 4825 Pone
269 4775 444 4843 supercilium]
468 4779 565 4828 Sedrdr'a'
585 4780 671 4844 praes.
693 4783 717 4828 iu
740 4796 783 4845 op.
805 4780 894 4845 pascit.
918 4796 940 4828 u.
962 4782 1055 4829 lton.
1077 4779 1118 4829 Vl
1140 4796 1166 4843 p.
1186 4782 1236 4828 459
1256 4779 1277 4826 G
1298 4779 1340 4827 ed.
1359 4777 1425 4830 Ben.

131 4847 165 4895 ‘23
183 4845 251 4893 Pone
270 4843 349 4911 iaces]
371 4847 507 4896 Prudentit'
522 4847 659 4898 encheirid.
678 4864 702 4897 u.
723 4851 755 4897 70
822 4849 855 4898 26
873 4847 943 4897 Pone
962 4845 1042 4912 subit]
1067 4848 1145 4911 Vcrp.
1165 4848 1231 4897 Aen.
1251 4845 1286 4895 11
1304 4849 1354 4898 725
