3382 5476
564 366 641 417 CVM
658 366 862 420 uxcune'rts
880 368 1050 420 INEDITIS.
1361 385 1451 432 CCXV

152 555 227 617 nam
250 572 316 615 eam
341 555 431 616 ueluti
456 557 604 617 uiuentem
628 555 789 617 hominem.
837 555 906 616 Post
931 556 1092 617 discessum
1117 557 1195 617 luctis
1220 557 1294 617 lacta
1312 565 1356 618 est
1371 556 1447 618 idola

152 642 261 702 similis
290 640 384 706 illius.
414 643 456 700 sic
486 660 549 702 eam
578 640 724 701 uocabant
753 641 898 720 ‘luppiter
925 643 1055 721 optimus
1082 644 1249 703 maximus'.
1293 641 1352 703 Sed
1380 645 1448 722 quia

153 745 214 786 uon
240 736 306 786 crat
324 726 366 785 ibi
394 725 510 795 similis,
543 727 594 807 qui
622 724 663 785 illi
692 727 896 805 praeferretur
923 735 973 787 aut
999 729 1046 786 cui
1073 725 1122 787 ille
1149 727 1364 807 praecurretur,
1394 729 1449 788 iste

152 810 357 889 superlatiuus
379 810 426 871 uel
450 830 504 889 pro
528 812 655 888 pusitiuo
685 811 888 890 accipiendum
919 820 971 872 ast.
1016 811 1088 872 ltem
1117 813 1326 892 conparatiuus
1354 815 1449 873 nomi·

130 898 258 957 snatiuo
282 897 427 971 iungitur,
464 906 495 954 ut
524 896 637 955 doctior
665 896 713 955 nir.
741 914 827 975 quam
856 895 915 956 ille.
960 896 1133 967 Quoumdul
1185 897 1257 958 Puta
1287 899 1311 956 si
1338 898 1449 958 dicam:

153 980 285 1041 ‘doctior
308 979 429 1048 Vioeila,
453 998 541 1060 quam
556 982 733 1042 ducomius'.

685 1114 734 1227 uti
756 1113 917 1227 tunultu.

242 1355 402 1418 Eunuchus
425 1355 493 1435 quid
516 1316 732 1429 intellegiturl
761 1355 811 1412 Vir
833 1315 1027 1413 effeminatus.
1072 1352 1228 1414 Comoedia
1257 1353 1345 1431 quid?
1389 1354 1451 1414 Mu·

152 1441 245 1504 lieres
275 1442 458 1501 meretrices,
503 1439 667 1516 Tragoedia
696 1438 786 1515 quid?
830 1436 953 1497 Carmen
983 1437 1152 1499 luctuosum
1180 1437 1227 1498 uel
1256 1436 1449 1516 strangulatio

115 1548 140 1585 ro
152 1529 285 1607 gutturis
307 1527 354 1587 uel
379 1543 468 1586 sonus
490 1526 653 1585 suiiocatio.

240 1712 254 1793 ll
271 1714 291 1773 l.
308 1710 370 1774 86¹³
385 1709 399 1796 ΙΙ
414 1711 477 1774 aua
500 1730 574 1773 sono
597 1708 772 1778 masculina,
801 1707 953 1769 intellectu
976 1717 1097 1778 neutra,
1126 1717 1159 1770 ut
1180 1707 1304 1789 pelagus
1331 1707 1447 1788 uulgus.

150 1798 272 1870 Quare?
316 1798 395 1858 Souo
418 1796 578 1858 masculina
600 1804 678 1864 sunt,
701 1794 752 1854 sed
776 1791 925 1854 intellectu
954 1803 1068 1854 neutra.
1113 1793 1154 1854 lla
1184 1797 1247 1855 elus
1269 1794 1447 1874 exemplum.

151 1883 293 1945 ‘Altum
316 1881 471 1963 pelagus
495 1881 616 1949 lerit';

254 1968 389 2046 Vulgus
413 1977 447 2028 et
469 1969 701 2027 innumerum
725 1963 899 2026 releuans
921 1963 961 2024 ad
984 1963 1108 2024 sidera
1131 1964 1238 2024 duxit
1245 2011 1359 2027 ......

112 2090 138 2129 1⁵
154 2070 300 2132 Balneum
325 2072 355 2129 in
378 2068 579 2146 singularitate
608 2069 691 2127 cuius
718 2068 836 2144 generis
863 2067 924 2126 est?
967 2066 1079 2127 Neutri.
1124 2067 1166 2128 lla
1189 2067 1251 2126 eius
1272 2065 1449 2145 exemplum.

152 2154 424 2223 ‘Sibalneum
449 2153 509 2212 ubi
532 2150 766 2214 calefactiot’
811 2150 847 2211 Et
869 2153 898 2209 in
915 2148 1100 2231 pluralitate?
1137 2152 1291 2213 Femiuiui.
1330 2152 1449 2212 [lacius

151 2238 334 2316 exemplum.
385 2239 448 2300 ‘Ne
477 2241 579 2318 ipsae
608 2236 763 2296 balneae
792 2245 985 2304 corruant,
1019 2236 1079 2295 ubi
1108 2235 1313 2296 Corinthus
1346 2235 1449 2297 lauat

151 2327 331 2386 ueritatis
364 2325 573 2383 iuimicus'.
624 2322 766 2382 Tartarus
799 2322 882 2381 cuius
913 2322 1030 2398 generis
1064 2322 1127 2380 est?
1181 2321 1214 2381 ln
1246 2318 1448 2399 singularitate

152 2408 317 2470 masculini.
363 2408 396 2468 [l.
421 2428 447 2469 e.
472 2428 497 2468 e.

111 2514 139 2553 ao
614 2491 795 2551 Tartarus
818 2488 985 2549 horrens.

151 2579 189 2640 Et
213 2581 242 2637 in
266 2576 431 2657 pluralitate
454 2579 556 2637 cuiusl
594 2576 706 2636 Neutri.
753 2573 784 2635 ll.
809 2593 835 2633 e.
860 2592 885 2634 e.

332 2663 485 2722 Tartara
508 2679 617 2721 saeua
641 2660 771 2739 petisti
793 2658 883 2719 dura
907 2656 1070 2718 claustra
1094 2659 1261 2718 diruens.

152 2747 274 2808 Caelum
298 2751 328 2807 in
352 2746 553 2824 singularitate
576 2748 660 2806 cuius
682 2745 800 2822 generis
822 2744 882 2803 est?
927 2742 1039 2803 Neutri.
1085 2743 1117 2807 [t.
1141 2764 1168 2803 e.
1192 2761 1219 2803 e.

322 2831 472 2893 Caelum
495 2850 599 2891 mane
622 2830 759 2891 rubeus
781 2830 933 2889 iuturus
956 2829 1106 2888 nuntiat
1126 2827 1280 2889 imbres.

112 2918 190 2978 sm
205 2919 234 2976 in
251 2915 416 2996 pluralitate
433 2918 533 2976 euius?
567 2914 727 2976 llasculini.
763 2914 879 2975 [tec.
916 2911 1028 2973 ‘Caeli
1051 2911 1240 2974 caelorum
1264 2924 1445 2993 ctaquae,

152 3021 248 3080 quae
279 3019 393 3078 super
421 2999 547 3061 caelos
576 3010 677 3070 sum,
707 2999 860 3059 laudent
887 3016 1019 3060 numen
1050 2996 1211 3058 domini!
1265 2997 1392 3059 Porrum
1415 3002 1445 3059 in

152 3085 357 3164 singularitate
380 3088 464 3146 cuius
486 3086 604 3161 generis
627 3086 689 3145 esti
732 3085 845 3145 Neutri.
891 3083 923 3143 [l.
947 3102 972 3142 e.
997 3103 1023 3143 e.

321 3171 439 3248 Caepe
462 3169 586 3230 allium
610 3187 759 3245 porrum
781 3166 804 3247 †
826 3170 928 3229 iruca
952 3166 1084 3227 lullica
1110 3166 1237 3227 blitus.

152 3255 190 3316 Et
212 3257 243 3314 in
267 3253 433 3334 pluralitate
455 3255 556 3314 cuius?
600 3252 766 3320 masculini,
790 3251 820 3312 hi
843 3254 934 3328 porri.
980 3253 1074 3312 Locus
1103 3252 1185 3312 cuius
1207 3253 1325 3329 generis
1347 3261 1392 3314 cst
1415 3256 1445 3313 in

111 3338 377 3418 sasingularitatel
426 3337 586 3399 llasculini.
635 3339 669 3398 D.
698 3357 724 3397 e.
754 3356 780 3397 e.
826 3337 909 3397 ‘llic
945 3336 1052 3396 locus
1086 3354 1218 3416 nempe
1252 3339 1446 3398 uocitatur

151 3424 262 3485 aula.’
310 3425 343 3483 Et
366 3425 393 3482 in
418 3422 584 3502 pluralitate
606 3422 709 3483 cuius?
752 3421 863 3482 Neutri.
908 3422 941 3482 [l.
966 3440 991 3481 e.
1015 3442 1041 3482 e.

282 3508 372 3567 Sunt
395 3507 489 3575 loca,
513 3517 599 3567 sunt
621 3507 714 3575 lora,
738 3513 903 3566 suut....
932 3523 1025 3585 quus
1048 3507 1188 3565 tuearis
1211 3508 1336 3567 amice.

152 3596 230 3655 Sunt
257 3595 326 3653 item
356 3595 474 3653 nomina
502 3594 608 3652 incerti
640 3593 758 3666 generis
790 3593 870 3650 iuter
901 3589 1097 3650 masculinum
1128 3597 1157 3649 et
1188 3591 1379 3660 femininum,
1414 3601 1446 3651 ut

153 3687 256 3739 cortex
292 3676 365 3735 silex
399 3677 479 3736 radix
509 3675 549 3755 fil
571 3677 591 3735 i.
615 3673 677 3737 87ι
699 3672 766 3753 linis
795 3677 884 3752 stirps
918 3676 1002 3752 pinus
1036 3676 1190 3752 pampinus
1224 3676 1294 3740 dies.
1346 3675 1445 3745 Quare

111 3782 138 3822 aa
152 3763 265 3822 dicitur
288 3763 392 3820 incerti
415 3762 550 3838 generis?
594 3760 741 3830 Quantum
764 3762 792 3819 in
816 3758 1026 3837 singularitate,
1051 3769 1192 3837 quantum
1215 3762 1243 3819 in
1268 3760 1443 3838 pluralitate.

153 3859 183 3908 ct
206 3845 361 3906 masculini
385 3856 414 3905 et
437 3846 570 3905 lemiuini
591 3847 709 3921 generis
723 3844 884 3904 inuenitur.
930 3845 1035 3904 Cortex
1052 3845 1218 3921 quomodo?
1262 3845 1320 3906 Hic
1342 3853 1443 3906 cortex

151 3932 223 3992 iacit
250 3933 280 3990 iu
309 3930 525 4005 singularitate.
557 3932 614 3990 itae
641 3931 766 3989 cortices
794 3932 824 3988 in
851 3927 1028 4007 pluralitate.
1078 3928 1255 3999 Quomodo?
1306 3929 1444 3990 ‘Validi

151 4018 279 4077 ilices'
304 4023 334 4074 et
357 4016 519 4074 ‘amarae
542 4016 727 4074 cortices!
773 4012 852 4074 Silex
877 4012 1043 4093 quomodo?

634 4100 713 4159 Stat
734 4106 840 4159 acuta
863 4098 967 4159 silex.

108 4185 247 4248 aoRadix
273 4185 302 4242 iu
326 4181 527 4260 singularitate
549 4185 634 4243 cuius
662 4184 780 4259 generis
808 4184 869 4243 est?
913 4183 1069 4243 Femiuiui.
1115 4182 1156 4242 [la
1179 4185 1243 4245 eius
1266 4183 1444 4263 exemplum.

152 4269 293 4330 ‘Radix
323 4267 437 4334 lesse,
475 4270 534 4345 qui
564 4277 636 4328 stat
663 4270 698 4327 in
736 4270 884 4343 siguum
906 4266 1141 4347 populorum,
1170 4269 1287 4347 ipsum
1315 4276 1446 4345 gentes

151 4352 487 4433 deprecabuntur?
533 4352 613 4412 Finis
635 4352 802 4429 quomodo?
845 4352 950 4413 Omnia
979 4354 1098 4413 nomina
1126 4350 1291 4413 inanimalia
1315 4352 1446 4414 Romana

152 4488 380 4500 --————

223 4572 364 4635 tiupvioer
431 4570 616 4636 3prelerretur
683 4573 778 4636 iprae
796 4572 910 4636 positiuo
979 4573 1127 4622 Seuuucus
1179 4575 1309 4624 comedite
1360 4576 1446 4623 tton-

149 4641 252 4709 guedia
305 4639 456 4702 stranguilio
518 4642 549 4688 tu
568 4655 617 4687 uox
637 4653 729 4687 sonum
748 4639 884 4688 oilucatum
947 4641 979 4688 14
996 4652 1020 4688 et
1037 4642 1062 4689 in
1082 4656 1188 4690 numero
1207 4659 1235 4692 se
1253 4642 1349 4704 libans,
1366 4641 1401 4702 cs.
1418 4657 1445 4704 ρ.

150 4707 272 4762 CCXVI
291 4710 323 4756 18
375 4708 406 4756 17
424 4706 548 4755 rhirinms
626 4708 740 4754 22seua
824 4708 1031 4772 28ccpealium
1100 4709 1185 4760 29hii
1255 4711 1445 4761 32Poatsum

148 4794 228 4829 mn
246 4773 537 4823 meatuumexddim
555 4776 664 4823 uidetur.
737 4776 771 4824 34
788 4775 877 4838 stirpis
962 4777 996 4826 36
1014 4776 1054 4824 hic
1072 4778 1163 4827 addidi
1241 4780 1274 4828 at
1292 4776 1449 4827 haeaddidt

186 4842 365 4892 Valisidilices
383 4854 407 4890 et
425 4857 509 4891 amare
