3382 5476
639 387 723 439 COD.
742 387 848 438 BERN.
867 390 926 438 207,
1364 402 1427 449 x1x

122 577 223 649 Quom
245 577 342 637 libelli
361 576 507 638 Seruiani
527 577 565 635 de
583 577 725 647 finalibus
743 575 877 646 formam
900 593 920 634 o
942 578 1081 650 uadpori,
1113 593 1203 650 quom
1225 577 1352 636 subinde
1373 593 1427 637 ex-

118 683 234 755 pressit
256 679 419 740 Putacbitts
437 696 470 754 p.
496 683 691 736 loto-toto
714 679 888 752 beatasque
908 681 1049 753 repetiuit
1066 695 1101 753 p.
1128 684 1196 746 449,
1219 681 1352 738 maxime
1374 680 1426 738 ab·

120 782 314 850 borreum,
352 796 540 856 quamquem·
561 781 681 840 codices
712 779 869 840 Palatinus
893 786 969 838 1753
989 788 1018 841 et
1047 781 1246 840 Volentianos
1268 778 1313 838 M.
1339 787 1367 838 tt.
1394 786 1430 837 to

120 891 216 957 utque
237 899 280 943 ex
300 889 391 958 porte
404 881 675 955 Sonoermonensis
692 888 766 941 llio
778 883 922 943 exhibent
935 882 992 957 (ef.
1009 884 1080 942 Keil
1093 884 1113 940 l.
1129 883 1174 956 l.)‚
1198 889 1297 940 tomen
1312 881 1430 940 llea'lios

120 987 155 1042 in
179 999 263 1044 nouo
285 985 415 1044 editione
437 983 654 1058 nepleoendom
675 999 739 1044 esse
755 987 888 1058 putauit.
934 985 1017 1058 Epo,
1042 1000 1120 1057 quoe
1134 983 1205 1042 iude
1219 985 1251 1042 in
1268 983 1335 1043 cod.
1353 986 1429 1041 Ber-

121 1091 357 1158 berlaimont,
390 1086 433 1144 od
453 1085 592 1145 Ptttscbii
610 1085 768 1144 editionem
795 1087 919 1145 coniolo
941 1087 1148 1162 proponendo
1174 1086 1369 1160 cesenates,
1398 1092 1431 1144 nt

121 1189 203 1248 baec
218 1202 338 1263 quoque
350 1188 395 1246 od
408 1188 519 1247 netem's
533 1187 648 1247 codicis
662 1189 865 1263 manuscripti
874 1189 965 1258 fidem
980 1188 1189 1247 emendatiora
1204 1186 1429 1247 exhiberentur.

83 1387 86 1391 y
213 1304 318 1364 Seruii
338 1305 432 1379 initur
453 1310 605 1364 tractatus
626 1307 698 1364 inde
720 1304 787 1378 af.
814 1301 863 1363 ιιι
886 1323 980 1382 usque
1001 1302 1160 1379 ods.12⁵
1180 1307 1294 1379 lepitur
1315 1306 1354 1364 ob
1376 1321 1430 1364 ex-

124 1415 225 1468 tremo
252 1407 392 1466 mutilus:
436 1407 480 1466 ‘A
502 1408 679 1467 terminatus
704 1409 910 1468 nominatibcs
938 1441 979 1450 —
1007 1409 1053 1468 lle
1079 1408 1182 1467 uerbo.
1233 1407 1271 1466 In
1298 1408 1432 1468 omnibus

124 1509 257 1584 nodis’‚
274 1525 311 1584 p.
336 1513 412 1567 1803
432 1508 509 1569 med.
536 1541 572 1551 -
595 1526 626 1584 p.
651 1515 737 1584 1807,
757 1516 772 1568 t
794 1509 829 1569 P.

216 1647 244 1702 p.
269 1628 362 1702 1803,
379 1628 407 1686 7.
437 1632 457 1684 Α
482 1632 645 1686 terminatus
668 1629 852 1687 nominatibus
874 1630 1021 1703 singularis
1049 1629 1141 1685 breuis
1164 1638 1206 1685 est
1229 1638 1260 1685 ut
1281 1646 1367 1684 musa.
1412 1629 1430 1684 Ε

128 1714 227 1770 linitus
293 1713 335 1771 30
355 1713 364 1768 i
388 1715 550 1770 terminatus
595 1714 654 1772 -31
679 1732 695 1771 o
720 1717 881 1772 terminatus
903 1715 931 1770 iu
953 1714 1122 1771 nominatius
1188 1713 1227 1770 32
1253 1722 1356 1770 tantum
1378 1719 1452 1769 om.'

126 1799 169 1857 35
194 1815 266 1872 quae
288 1800 315 1854 iu
339 1798 493 1872 genitiuoa
515 1800 608 1856 littera
631 1799 822 1874 corripiuntur
864 1799 904 1857 36
927 1799 1020 1855 breuis
1043 1807 1085 1855 est
1107 1806 1138 1854 ut
1160 1797 1268 1855 annibal
1291 1797 1431 1855 annibalis.

125 1884 156 1940 lu
180 1883 318 1957 hisquae
362 1883 401 1941 38
424 1884 549 1958 equidem
564 1884 674 1958 *longus
696 1894 739 1941 est
782 1886 945 1942 auctoritate
995 1884 1035 1942 39
1051 1901 1112 1940 narn
1135 1901 1188 1940 om.
1211 1883 1345 1939 iuuenilis
1367 1900 1432 1940 con·

127 1968 205 2026 ducit
227 1970 343 2025 comites
365 1967 515 2043 sellamque
537 1969 655 2026 ceruical
677 1972 789 2027 amicus.
835 1968 865 2024 El
888 1971 1050 2026 terminatus
1073 1967 1165 2025 breuis
1188 1978 1231 2025 est
1253 1977 1283 2024 ut
1307 1968 1360 2025 mel
1382 1966 1429 2024 lel.

127 2054 148 2110 ll
173 2054 336 2109 terminatus
359 2053 509 2127 corripitur
530 2062 562 2109 ut
584 2054 651 2126 uigil
715 2054 756 2111 43
780 2063 885 2111 mutum
901 2071 955 2110 om.
979 2053 1100 2128 touaquil
1159 2052 1200 2109 44
1223 2054 1324 2127 longus
1346 2061 1389 2109 est

127 2137 158 2195 ul
180 2139 346 2194 terminatus
431 2138 472 2196 45
497 2138 669 2195 terminatum
692 2137 802 2210 breuis,
823 2156 903 2196 corr.
927 2138 1011 2195 breue
1076 2147 1173 2195 estut
1196 2139 1326 2213 templum
1391 2137 1431 2194 47

128 2222 276 2298 repperire
617 2267 630 2280 .
1416 2221 1424 2236 ‘

215 2325 243 2382 p.
261 2306 353 2364 1804.
376 2315 407 2363 ut
430 2308 507 2365 titan.
535 2290 631 2368 batiub
655 2326 722 2366 uero
744 2325 844 2365 nomeu
866 2310 985 2366 inueniri
1007 2326 1062 2365 uon
1086 2317 1179 2382 potest
1201 2309 1228 2364 iu
1252 2308 1302 2366 bac
1317 2307 1430 2364 'sillaba

127 2393 168 2449 En
192 2393 357 2448 terminatus
420 2391 440 2449 2
464 2394 490 2449 iu
513 2393 575 2451 aliis
597 2403 687 2452 autem
711 2394 858 2468 generibus
880 2411 949 2469 quae
972 2410 1027 2451 ncu
1051 2395 1122 2450 sicut
1145 2402 1242 2449 neutra
1265 2392 1434 2450 declinantur

126 2477 168 2551 (in
192 2494 285 2550 marp.
310 2477 380 2551 apud
402 2478 503 2534 latinos
525 2479 626 2554 longus
648 2489 691 2536 est
712 2481 793 2552 arbim
815 2480 974 2536 omissionis
996 2477 1136 2550 adposito)
1160 2487 1187 2538 ct
1210 2481 1237 2534 iu
1259 2481 1350 2552 grecis
1403 2485 1433 2534 ut

126 2565 205 2619 siren
227 2562 284 2618 lieu
307 2565 428 2637 exceptis
450 2562 494 2619 his
515 2574 614 2639 pecten
637 2565 734 2622 flamen
751 2564 842 2639 pclleu
858 2563 954 2621 fidicen
971 2566 1028 2620 rien
1049 2563 1148 2619 tibicen
1165 2564 1291 2620 cornicen
1314 2562 1432 2619 tubicen.

126 2647 169 2703 On
194 2646 288 2703 linitus
368 2646 387 2704 5
411 2656 441 2704 ut
463 2665 591 2707 memnon
613 2651 690 2708 cirou
762 2649 779 2707 7
804 2658 835 2706 ut
857 2667 915 2705 mar
936 2666 986 2704 nar
1008 2648 1049 2704 iar
1071 2647 1136 2705 licet
1160 2648 1186 2702 in
1210 2648 1252 2703 bis
1274 2646 1375 2720 longus
1398 2650 1434 2703 sit

128 2749 201 2806 quae
228 2749 243 2787 a
269 2732 295 2787 iu
324 2733 447 2804 genitiuo
476 2743 539 2790 aute
568 2734 691 2792 ultimam
763 2734 781 2791 9
805 2735 961 2809 producunt
1034 2733 1074 2790 10
1103 2741 1134 2788 ut
1160 2732 1268 2790 coclear
1294 2731 1433 2806 sublegat.

128 2815 270 2874 iuuenilis
293 2825 454 2892 byssumque
477 2827 572 2875 tenens
595 2829 623 2878 et
646 2819 774 2892 sublegar
795 2821 953 2876 accusatiui.
998 2818 1034 2874 Er
1058 2816 1149 2874 finitus
1227 2817 1265 2875 13
1288 2834 1356 2874 uero
1378 2834 1433 2873 om.

133 2901 174 2958 14
198 2901 291 2959 breuia
319 2911 363 2958 est
391 2913 421 2960 ut
447 2903 545 2961 doctor
573 2914 653 2963 autur
675 2904 737 2978 (sic)
760 2912 788 2961 et
810 2906 838 2960 iu
867 2906 956 2978 grecis
978 2903 1041 2960 licet
1064 2904 1168 2960 hector.
1214 2902 1250 2958 Vr
1273 2903 1434 2959 terminatus

131 2987 285 3061 corripitur
306 2997 338 3043 ut
359 3003 483 3044 murmur
506 2990 594 3046 lemur
615 2990 683 3047 ebur
750 2989 788 3048 18
813 2999 879 3046 tuuc
901 2997 1006 3045 tautum
1029 2990 1177 3062 corripitur
1242 2987 1284 3046 20
1307 2997 1337 3044 ut
1358 3005 1435 3045 arcas

128 3072 245 3130 arcados
310 3070 349 3128 21
374 3073 479 3130 aucises
545 3074 585 3130 22
609 3076 692 3132 luerit
757 3073 797 3131 23
814 3075 1014 3153 perducuntur,
1030 3090 1108 3129 corr.
1125 3073 1287 3147 producitur
1331 3082 1361 3129 ut
1377 3073 1435 3129 lies

127 3159 152 3213 sl
178 3158 276 3213 tertiae
304 3155 388 3213 luerit
416 3165 481 3215 tunc
508 3159 610 3233 longus
640 3168 683 3216 est
790 3158 830 3216 25
855 3168 885 3215 ut
903 3159 998 3215 'clades
1020 3159 1106 3233 pubes
1129 3158 1215 3214 nubes
1240 3157 1337 3232 uulpes
1360 3157 1435 3214 labes

133 3235 147 3320 ΙΙ
164 3241 185 3296 l.
202 3235 289 3319 12²1}
305 3240 395 3299 clabes
417 3243 461 3299 uel
483 3261 544 3300 cum
567 3262 694 3302 crescens
710 3262 725 3301 e
743 3244 906 3318 productum
929 3253 992 3300 ante
1016 3243 1136 3299 ultimam
1160 3241 1285 3299 sillabam
1308 3242 1435 3299 babuerit

1334 3326 1358 3361 ut

130 3386 162 3433 ut
184 3376 264 3451 quies
329 3377 369 3437 28
391 3379 403 3433 l
424 3381 452 3435 iu
475 3381 484 3435 i
507 3388 593 3436 mutet
616 3377 638 3456 (l
657 3396 746 3451 eros,
768 3395 920 3452 suprascr.
940 3375 987 3452 tii)
1010 3379 1053 3435 uel
1077 3378 1188 3435 breuem
1211 3378 1337 3435 habuerit
1355 3395 1435 3452 seges

130 3462 237 3534 segetis
260 3462 408 3537 corripitur
430 3467 551 3539 exceptis
615 3465 657 3524 30
679 3483 756 3524 ceres
779 3482 823 3522 res
846 3483 895 3539 pes
917 3482 982 3539 spes
999 3474 1027 3519 et
1043 3481 1113 3538 quae
1133 3464 1166 3520 ab
1189 3465 1257 3538 ipsis
1281 3463 1435 3537 ligurantur

128 3546 173 3604 32
189 3547 274 3620 bipes
298 3547 384 3622 tripes
405 3556 434 3604 et
456 3548 548 3624 aliquo
571 3566 603 3606 ex
627 3550 682 3625 poli
712 3550 814 3607 sillabis
838 3559 868 3606 ut
891 3551 981 3606 uarias
1011 3552 1099 3623 paries
1122 3548 1206 3605 abies.
1252 3548 1275 3604 ls
1299 3547 1391 3604 finitus

128 3631 230 3688 docilis
252 3631 332 3704 agilis
355 3633 441 3690 lacills
505 3633 546 3693 34
569 3634 621 3707 glis
645 3637 686 3692 uis
706 3634 749 3691 lis.
779 3635 815 3691 Os
832 3637 995 3692 terminatus
1060 3633 1101 3691 35
1124 3635 1262 3707 genitiuus
1284 3633 1434 3707 diptougos

132 3717 298 3773 terminatur
320 3727 352 3774 ut
372 3719 451 3775 delos
473 3720 573 3777 aradios
595 3720 666 3777 delo.
689 3720 717 3776 lu
740 3719 831 3776 latinis
918 3720 957 3777 37
982 3720 1075 3776 breuis
1099 3727 1141 3775 cst
1205 3718 1246 3775 38
1269 3716 1393 3775 sillabam
1416 3735 1433 3775 o

130 3851 189 3890 nou
212 3833 339 3892 habuerit
414 3836 453 3894 39
476 3821 615 3911 geniculis
637 3839 751 3895 elbertus
773 3839 844 3896 ossis
868 3841 988 3913 exceptis
1011 3855 1063 3894 uos
1084 3854 1199 3910 compos
1222 3846 1250 3893 et
1272 3837 1359 3911 impos
1382 3836 1435 3893 bos

132 3936 195 3975 mos
217 3920 407 3994 producuntur
434 3923 642 3981 monosillabum
671 3941 702 3981 ac
730 3941 778 3998 per
807 3924 860 3980 boc
887 3924 1026 3981 adialoros
1048 3931 1091 3979 est
1114 3924 1186 3978 sicut
1207 3931 1235 3977 et
1257 3932 1357 3979 cetera.
1395 3921 1435 3978 US

132 4004 230 4060 linitus
330 4005 372 4064 40
393 4015 423 4063 ιιι
451 4007 549 4065 doctus
577 4008 655 4067 locus
682 4008 771 4065 lectus
879 4009 919 4064 41
944 4006 1095 4065 crescentia
1118 4008 1306 4064 horrescentia
1330 4025 1347 4064 u
1370 4023 1434 4082 pro·

131 4089 247 4145 ductum
325 4089 366 4146 42
388 4100 451 4148 autc
474 4093 649 4150 nouissimam
672 4092 794 4150 sillabam
817 4103 848 4150 ut
871 4094 961 4150 uirtus
985 4095 1098 4150 uirtutis
1120 4109 1181 4148 mus
1204 4091 1278 4149 salus
1343 4090 1384 4147 44
1407 4100 1435 4148 et

131 4176 158 4230 in
182 4190 240 4230 uuo
262 4174 450 4232 indeclinabile
473 4195 525 4252 pus
549 4179 620 4235 uude
644 4177 823 4251 Vergilius
850 4181 888 4235 ait
916 4178 1052 4253 limsoquc
1081 4177 1160 4252 palus
1188 4177 1305 4234 obducat
1333 4194 1434 4251 pascua

130 4260 214 4316 iunco
238 4255 339 4333 (Verp.
362 4260 424 4317 Ecl.
449 4261 469 4317 I
490 4262 549 4332 48).
595 4265 616 4320 'l'
639 4263 813 4320 terminatum
899 4262 940 4321 46
966 4271 1070 4320 tautum
1093 4272 1124 4318 ut
1142 4262 1198 4319 alec
1221 4260 1266 4318 alii
1290 4261 1348 4318 alex
1371 4261 1434 4336 quia

128 4342 246 4417 longum
265 4354 309 4400 est
380 4345 420 4403 48
442 4346 623 4405 declinatione
646 4349 786 4405 dubitatur
809 4348 850 4405 lac
872 4349 1013 4422 quibam
1036 4350 1107 4403 enim
1131 4347 1185 4404 boc
1207 4347 1276 4404 lacte
1298 4346 1434 4404 declinant

128 4431 157 4485 iu
171 4428 300 4485 Plauto
317 4426 449 4504 (platone)
463 4434 584 4506 positum
600 4443 644 4490 est
659 4438 689 4491 el
704 4432 841 4490 Probus
863 4433 1011 4490 confitetur
1034 4448 1063 4488 se
1086 4435 1113 4488 iu
1128 4433 1285 4488 Varrone
1308 4429 1434 4504 (uaroue)

126 4514 162 4570 de
186 4512 282 4587 lingua
306 4513 388 4573 latina
410 4515 510 4590 legisse
532 4518 586 4575 lact
607 4517 653 4591 (de
676 4518 770 4576 Probo
793 4517 833 4590 cf.
856 4518 998 4575 cotbolico
1016 4535 1047 4589 p.
1074 4521 1101 4589 7,
1125 4523 1143 4572 5
1166 4511 1217 4590 K)

217 4617 246 4674 p.
264 4597 355 4656 1805.
378 4600 413 4657 [le
434 4602 559 4674 genitiuo
582 4621 655 4661 casu.
693 4602 833 4659 (leuitiuus
905 4603 973 4659 bin
997 4604 1087 4677 grecis
1111 4618 1177 4660 uero
1243 4602 1435 4673 beorripitur

106 4702 182 4752 ,oua
253 4683 273 4739 8
296 4683 330 4739 be
351 4683 444 4743 batiuc
466 4704 520 4743 om.
556 4687 668 4745 baticus
690 4687 837 4760 singularis
860 4688 887 4743 iu
910 4687 1002 4744 latinis
1025 4686 1181 4744 nominibus
1204 4702 1311 4759 semper
1334 4683 1434 4758 longus

123 4781 169 4827 est
195 4778 228 4825 ut
251 4769 381 4842 pompeio
402 4773 506 4828 comiti.
529 4773 555 4828 in
578 4774 668 4845 grecis
691 4782 757 4832 tunc
778 4773 929 4848 corripitur
997 4772 1034 4828 12
1051 4773 1083 4828 sle
1099 4774 1256 4830 accusatiuo
1272 4787 1326 4827 om.
1395 4771 1433 4828 15

123 4866 157 4915 ut
181 4855 302 4911 doctum
325 4853 422 4911 molem
444 4859 471 4912 in
494 4859 584 4930 grecis
606 4867 696 4915 etitem
721 4869 786 4916 tuuc
809 4867 913 4915 tantum
981 4859 1019 4914 16
1044 4856 1087 4914 uel
1110 4876 1144 4913 on
1165 4856 1327 4912 tunciuerit
1395 4855 1434 4912 18

1134 4952 1227 5002 ,δ’
