3382 5476
211 345 273 410 262
602 341 833 393 counienrvu
852 337 1094 391 ninsturnonsn

102 587 106 593 .
212 535 387 602 uocabatur:
415 534 510 594 eiecto
538 531 588 592 illo
615 532 771 610 prouincia
800 527 875 589 diota
898 537 952 588 cst.
997 526 1097 588 Sicilia
1119 525 1266 587 dicituro
1289 524 1393 587 Siculo
1416 542 1500 603 rege.

91 637 288 703 matutinalia
305 636 342 696 ab
358 634 439 696 ltalo.
455 668 491 679 —
505 632 687 712 Praepositio
703 630 853 692 aduerbiis
868 647 1012 708 nusquam
1029 628 1184 710 apponitur
1199 645 1253 708 per
1267 627 1500 707 appositionem.

208 737 260 800 sed
283 755 338 815 per
360 737 620 817 compositionem,
651 743 681 795 ut
710 733 902 813 ‘derepente'
931 731 986 792 sub
1008 750 1069 793 uuo
1090 739 1213 793 accentu
1234 728 1450 811 pronuntiatur
1472 736 1505 792 et

209 849 318 901 cetera.

704 989 752 1051 titt
774 985 995 1050 PAll'l'lCll’lO.
1513 1002 1527 1043 5

108 1149 197 1196 aor,rs
294 1128 541 1206 Participium
566 1135 730 1205 estpars
757 1124 953 1185 orationis.
997 1122 1067 1183 Post
1089 1140 1197 1184 nomen
1219 1131 1250 1184 et
1271 1121 1401 1185 uerbum
1423 1123 1503 1186 benc

211 1231 308 1312 posuit
330 1229 552 1290 Priscianus
574 1227 780 1306 participium,
804 1227 873 1304 quia
896 1223 934 1285 ab
950 1232 1076 1304 utroque
1099 1227 1196 1286 uenit:
1220 1225 1288 1286 inde
1309 1227 1502 1307 participium

211 1333 319 1393 dicitur
346 1331 431 1409 quasi
459 1330 689 1410 ‘particapium'
714 1337 743 1388 et
764 1336 873 1391 cetera.
917 1325 986 1387 ldeo
1008 1328 1162 1387 inuentum
1185 1335 1230 1388 est
1252 1327 1444 1408 participium
1466 1329 1502 1391 ad

212 1434 393 1495 transitiuam
416 1426 534 1512 1119011
556 1432 806 1493 constructionem
829 1426 929 1495 nerlii:
959 1446 1013 1508 per
1035 1446 1144 1490 nomeu
1166 1438 1196 1488 et
1217 1427 1343 1490 uerbum
1366 1430 1449 1491 1111111
1473 1431 1505 1492 tt

212 1535 363 1602 transitio,
393 1542 425 1593 ut
448 1531 556 1592 ‘homo
579 1532 681 1611 legit':
711 1552 769 1593 non
792 1539 890 1611 potest
911 1532 1038 1591 transire
1061 1530 1096 1590 ad
1120 1530 1207 1592 aliam
1228 1549 1404 1611 personam,
1434 1534 1538 1612 quiam

212 1637 411 1699 nominatiuus
434 1636 641 1697 intransitiuus
664 1642 708 1694 est
729 1636 758 1693 in
782 1653 814 1694 se
838 1649 974 1699 maneus:
1006 1631 1059 1692 sed
1081 1631 1205 1693 uerbum
1227 1635 1333 1694 trunsit
1355 1635 1387 1694 in
1410 1636 1504 1713 parti·

214 1740 339 1818 cipium,
369 1748 401 1796 ut.
428 1737 463 1795 111
490 1738 626 1797 transitio
656 1734 739 1796 uerbi
767 1736 874 1812 gratia:
904 1734 1050 1795 ‘hominis
1077 1734 1227 1812 loquentis
1253 1733 1333 1796 tilius
1355 1745 1400 1797 est
1422 1737 1502 1798 istc’.

111 1862 162 1909 aar,
177 1861 200 1899 or
215 1841 274 1901 lam
298 1837 373 1899 duae
395 1845 466 1898 sunt
488 1856 646 1915 personae:
670 1854 796 1917 persona
819 1837 913 1916 patris
936 1838 1092 1897 transitio
1114 1835 1268 1897 lilium-
1293 1836 1503 1919 Participia

216 1940 432 2020 praesentis
460 1942 638 2018 temporis
666 1940 818 2016 generis
845 1947 929 1998 sunt
957 1941 1085 1999 orrrnist
1127 1939 1208 1998 Licet
1236 1939 1417 2016 generaliter
1445 1939 1504 2003 hoc

215 2042 304 2109 dixit,
334 2049 399 2099 sunt
423 2049 520 2098 tamen
542 2041 701 2119 quaedam,
731 2058 805 2119 quae
829 2040 863 2101 ad
888 2058 984 2099 mares
1007 2038 1054 2099 nel
1077 2039 1112 2099 ad
1135 2040 1258 2100 seminas
1280 2042 1447 2120 pertinent,
1471 2051 1537 2104 utu

216 2143 319 2204 ‘nubo’
344 2141 467 2202 uernum
491 2142 608 2203 leminis
631 2143 785 2209 adhaeret,
815 2141 884 2202 inde
908 2143 1095 2220 participium
1120 2144 1184 2202 eius
1207 2140 1344 2203 ‘nubens'
1367 2143 1504 2206 feminini

216 2246 333 2324 generis
356 2252 413 2312 est,
443 2245 467 2302 si
490 2263 548 2304 non
571 2246 694 2320 figurate
717 2245 826 2304 tlixeris
848 2244 957 2302 ‘bouins
978 2245 1095 2303 animus
1117 2246 1219 2323 nupsit
1241 2243 1324 2304 mihi’
1347 2261 1403 2322 pro
1426 2247 1503 2308 ‘mu-

215 2347 290 2408 liere
314 2345 421 2406 bonum
445 2346 573 2405 animum
597 2346 748 2406 liabente'.
787 2347 924 2407 Erontra
942 2346 1050 2404 ‘lutrio’
1067 2345 1102 2406 ad
1127 2347 1206 2406 uiros
1228 2354 1340 2407 tantum
1364 2349 1504 2426 pertinet,

114 2476 130 2507 :⁴
159 2472 200 2515 ‚rr
217 2448 283 2508 inde
306 2449 460 2507 ‘intuens’
484 2447 640 2508 masculini
664 2450 789 2526 generis.
836 2448 1149 2525 significationes
1172 2449 1465 2527 participiorum
1488 2471 1504 2512 1

216 2548 341 2610 uerbis
368 2559 577 2619 sumuntur,
613 2552 678 2629 quia
713 2553 797 2609 ouius
825 2550 1046 2624 significationis
1074 2551 1113 2611 sit
1142 2548 1281 2618 uerbum,
1316 2551 1381 2612 eius
1409 2553 1447 2611 sit
1475 2563 1539 2613 eteo

216 2653 419 2730 participium,
444 2651 528 2713 uerld
551 2654 642 2729 gratia
667 2650 757 2728 ‘lego'
781 2653 892 2710 notitiae
915 2651 1137 2727 significationis
1159 2660 1219 2719 est,
1249 2652 1291 2711 sic
1314 2661 1343 2712 et
1364 2651 1504 2731 ‘legens'.

216 2754 372 2833 Deponens
396 2755 450 2813 tria
474 2752 576 2822 lrabot,
607 2755 675 2829 quia
705 2752 759 2813 sub
788 2753 950 2812 litteratura
975 2754 1083 2830 passlui
1106 2770 1225 2813 sensum
1248 2753 1337 2814 lrabet
1358 2758 1450 2817 actiui
1477 2767 1507 2817 ot

217 2864 357 2933 exparte
386 2856 494 2933 passini
523 2874 612 2914 urnnu
642 2853 731 2914 lrabet
746 2856 952 2931 praeteritum
983 2852 1154 2920 ‘luctatus’.
1183 2862 1305 2933 aparte
1334 2856 1424 2917 actiui
1446 2858 1505 2919 duo

215 2956 348 3015 ‘luctans
370 2956 559 3016 luctaturus’.
606 2958 767 3016 Connnnno
790 2955 880 3015 inaltet
902 2964 1048 3033 quattuor,
1077 2958 1144 3034 quia
1172 2955 1228 3015 sub
1256 2974 1314 3017 una
1337 2955 1505 3021 litteratura

217 3057 291 3117 duos
314 3057 401 3117 lrabet
423 3075 539 3117 sensns:
569 3057 605 3117 de
629 3059 724 3117 actiuo
748 3077 837 3118 sensu
867 3057 925 3117 (luo
955 3056 1044 3117 hahet
1072 3058 1225 3137 partieipia
1248 3058 1399 3120 ‘scrutans
1421 3077 1541 3122 seru-eo

128 3182 176 3221 oss.
190 3181 202 3220 a
217 3160 352 3231 taturus,
376 3178 390 3216 a
408 3160 525 3238 passiuo
542 3177 630 3219 seusu
646 3158 702 3219 alia
718 3159 791 3228 duo,
816 3171 847 3217 ut
862 3161 1021 3220 ‘scrutatus
1037 3158 1236 3219 scrutandus'.
1280 3160 1505 3241 Tepescens,

217 3263 236 3320 i·
253 3262 438 3340 pigrescens:
467 3259 536 3321 indo
558 3260 698 3338 ‘tepidus’
716 3262 822 3321 dicitur
844 3280 900 3321 nee
923 3261 1033 3321 calidus
1057 3280 1111 3321 neo
1127 3260 1261 3339 frigidus.
1306 3261 1506 3327 lieiectiua

218 3362 403 3422 interdum
432 3362 594 3424 alicuius
627 3374 710 3425 scrut
739 3366 931 3442 temporis,
967 3371 1004 3423 ut
1035 3364 1136 3424 soleo
1170 3361 1310 3433 solens,
1344 3366 1375 3425 in
1405 3366 1506 3428 laturo

218 3464 327 3524 deficit:
365 3467 408 3524 sic
437 3464 593 3526 ‘studens'
618 3476 647 3526 et
671 3469 842 3526 ‘crescens’
870 3467 899 3524 in
929 3468 1028 3525 luturo
1056 3465 1204 3526 deliciunt.
1249 3464 1394 3546 Componi
1417 3470 1505 3531 etiam

218 3567 372 3646 participia
406 3576 545 3643 quattuor
583 3569 678 3630 modis
715 3576 851 3647 possunt,
885 3576 918 3628 ot
954 3566 1126 3628 describens
1161 3565 1311 3629 sufficiens
1346 3571 1540 3647 perficiensao

218 3668 372 3729 sufferens.

116 3793 165 3839 risa,
181 3793 204 3829 12
303 3770 394 3829 Sunt
417 3780 449 3830 et
473 3775 618 3833 nornine
642 3776 803 3851 speeiem
826 3773 1117 3850 participiorum
1142 3771 1331 3843 habentia,
1348 3780 1388 3851 ut
1411 3776 1505 3835 tuni·

218 3881 333 3931 catus.
357 3868 368 3951 ΙΙ
392 3869 448 3931 191
472 3869 485 3952 ll
501 3872 697 3935 ‘'lunicatus’
722 3874 914 3934 litteraturam
939 3872 1026 3933 habet
1049 3874 1208 3952 participii,
1231 3883 1264 3934 ut
1286 3882 1431 3944 armatus,
1453 3876 1505 3937 sed

217 3991 326 4032 nomen
351 3981 404 4033 est.
451 3974 486 4033 Et
509 3976 678 4036 ‘tunicatus'
702 3976 810 4035 dieitur
834 3977 931 4036 tunica
955 3973 1088 4041 indutus,
1114 3984 1142 4035 ot
1157 3975 1263 4036 dicitnr
1280 3978 1405 4037 ‘tunica'
1421 3980 1505 4056 quasi

220 4077 330 4142 tonica,
359 4075 428 4135 indo
452 4085 480 4136 ct
503 4083 604 4154 ‘toga'
633 4079 742 4139 dicitur
771 4079 852 4154 quasi
880 4079 981 4153 ‘lega’
1005 4097 1021 4135 a
1044 4076 1179 4153 tegendo.
1224 4078 1399 4139 Galeatus
1422 4078 1540 4157 galeae

220 4179 363 4244 introitum
395 4177 475 4255 galea
500 4190 544 4240 est
567 4182 782 4241 munimentum
811 4180 925 4258 capitis,
974 4178 1203 4258 Applioanda
1232 4181 1257 4238 i·
1286 4181 1504 4259 coniungendo.

87 4278 462 4358 :rsotun'lriumplrata
486 4283 504 4338 i·
530 4284 701 4342 uictoriosa:
727 4282 794 4342 hinc
818 4280 1018 4358 Virgilius:

421 4381 487 4441 lllc
511 4384 737 4462 triumphata
761 4382 946 4462 Capitolia
970 4382 1009 4441 ad
1033 4383 1106 4443 alta
1130 4382 1319 4444 Corintho.

220 4484 401 4560 llegnata,
426 4484 502 4542 unde
528 4484 720 4562 Virgilius:

287 4753 465 4805 'lPriscianus
498 4755 562 4816 cfil
579 4771 605 4818 p.
616 4759 768 4821 548,2aeq.
838 4758 868 4805 12
888 4768 914 4805 ut
932 4757 964 4805 sit
1015 4759 1048 4806 2⁶2
1066 4758 1176 4807 actionum
1228 4758 1260 4810 37
1279 4756 1416 4823 Virgilius]
1437 4757 1504 4808 Aen.

226 4820 264 4870 Vi
284 4823 335 4871 831
406 4824 438 4873 38
456 4822 571 4872 crorinto
641 4826 672 4873 39
691 4821 826 4890 Virgilius]
847 4826 912 4875 Aeo.
932 4824 982 4873 III
1001 4828 1034 4874 14
