3382 5476
607 363 656 413 DE
675 361 796 412 LIBlllS
815 359 1129 412 ElNSlDLENSIBVS.
1456 377 1514 422 Lxl

191 552 398 628 simplicique.
436 554 529 609 lectio
551 552 622 609 elicta
645 560 688 608 est
711 554 788 625 quusi
812 553 964 607 litterarum
987 554 1080 606 stolio.
1116 552 1279 608 Litterarum
1304 555 1405 610 etenim
1427 563 1516 610 status

192 656 249 714 per
284 638 443 695 recidentis
470 653 566 693 uocem
594 644 667 693 storo
696 637 815 693 uidetur.
860 637 953 692 Lectio
982 646 1024 692 est
1052 639 1129 710 quasi
1159 635 1235 693 linito
1264 639 1335 711 quod
1358 655 1408 712 per
1430 638 1516 696 lineus

193 723 362 781 recidendo
387 719 541 797 (recidendo
563 719 636 798 cori.)
659 720 747 779 lector
769 723 914 796 percurrit.
964 754 967 759 -

297 839 374 910 Qiu‘s
396 854 468 899 uero
490 840 545 898 illa
568 837 630 898 Hir*
653 845 726 898 nota
747 840 934 912 sipnificetur
955 839 1005 895 uir
1027 837 1134 903 doctus
1156 846 1184 898 et
1203 842 1437 917 mammutius,
1460 857 1514 899 cn-

194 944 331 1017 plicarc
361 957 422 1001 noa
447 957 584 1017 possum,
618 942 678 999 nisi
699 937 783 1009 sorte
810 940 854 998 od
880 939 961 999 taric
990 942 1193 1013 quaestionem
1221 942 1414 1001 medendam
1441 941 1516 1017 quid

198 1045 320 1104 ualere
343 1043 446 1113 dicas,
469 1041 552 1115 quod
566 1041 762 1100 Heracliti
782 1043 817 1099 ni
832 1039 934 1112 fallor
956 1055 1062 1100 nomen
1079 1043 1177 1116 paulo
1199 1048 1270 1101 ante
1292 1045 1322 1102 in
1344 1044 1447 1103 eodem
1463 1043 1515 1102 illo

200 1149 351 1204 tractatu
373 1141 546 1202 ‘Hirclilus'
568 1144 712 1217 scriptum
735 1147 793 1201 est:
817 1142 979 1201 ‘Hirclitus
1001 1143 1091 1202 dicit:
1120 1160 1180 1202 nou
1203 1145 1345 1204 sudantes
1361 1144 1512 1223 (sulcus)

199 1244 386 1322 pauosopnr·
405 1245 461 1305 uin
483 1245 681 1318 intellcpunt?

295 1359 329 1437 4)
352 1363 472 1422 Butam
491 1378 586 1439 porro
607 1365 639 1422 in
660 1363 815 1423 codicibus
837 1369 894 1421 338Ι
915 1371 945 1423 et
966 1370 1021 1422 339
1042 1381 1122 1424 saec.
1139 1364 1172 1424 X
1175 1364 1264 1423 —XI
1282 1363 1398 1437 forma,
1423 1380 1514 1438 quam

206 1471 340 1537 uocant,
374 1465 552 1525 duodecima
581 1463 745 1536 Rufinus
771 1466 807 1522 in
838 1473 955 1523 metra
993 1440 1289 1525 Terentiana'et
1314 1466 1517 1526 Prisciani

206 1568 365 1643 scriptu
396 1569 558 1632 minora,
588 1565 666 1625 idest
694 1566 737 1626 de
765 1568 932 1645 numeris
963 1573 998 1624 et
1025 1567 1276 1642 ponderibus,
1308 1567 1353 1626 de
1384 1568 1516 1626 metris

212 1668 477 1736 Terentianis,
497 1669 881 1743 praeexercitamina
904 1669 947 1727 dc
965 1667 1114 1740 sabulo.
1162 1667 1241 1738 Quos
1262 1668 1382 1729 codices
1402 1668 1514 1741 peneci-

207 1772 259 1831 Ios
279 1769 417 1830 dixeras:
437 1775 509 1829 sunt
529 1771 609 1828 enim
631 1771 675 1828 ita
696 1772 873 1846 conparati,
902 1777 935 1829 ut
954 1777 1059 1829 neuter
1082 1771 1120 1828 ab
1142 1772 1240 1830 attero
1262 1771 1432 1844 descriptus
1453 1785 1515 1828 esse

168 1920 174 1929 .
209 1873 277 1932 dici
293 1872 406 1948 possit,
430 1876 591 1945 utrunque
612 1886 687 1931 uera
707 1887 748 1931 ecc
770 1872 921 1931 communi
941 1870 1108 1946 archetypo
1126 1873 1269 1947 maraine
1290 1887 1429 1931 manasse
1449 1887 1515 1930 cer·

209 1974 358 2033 tissimrrm
379 1973 425 2031 sit.
459 1971 567 2046 ‘Atque
594 1973 628 2031 id
655 1973 750 2047 ipsum
773 1973 843 2032 inde
864 1987 956 2047 quam
977 1975 1111 2033 maxime
1136 1973 1266 2049 probari
1287 1978 1403 2049 potest,
1434 1971 1517 2047 quod

209 2076 294 2134 idem
319 2071 392 2145 sere
417 2075 513 2132 estin
536 2079 662 2147 utroque
687 2075 792 2134 codice
819 2089 959 2134 ausuum
987 2075 1063 2133 ordo
1091 2075 1309 2149 uerborumque
1337 2076 1368 2133 in
1390 2075 1516 2148 sinpulis

206 2177 335 2252 papiriis
362 2175 467 2233 codem
495 2176 658 2250 dispositio.
704 2176 901 2235 Continentur
917 2182 1046 2250 praeter
1068 2192 1105 2235 ea
1133 2179 1163 2235 in
1185 2176 1253 2236 cod.
1278 2181 1335 2235 338
1359 2175 1516 2236 Boetius

210 2281 249 2336 in
271 2292 468 2354 usapopas
489 2277 698 2351 Porphyrii
717 2277 776 2335 tio.
806 2278 881 2335 Vct
902 2279 933 2336 in
952 2280 1014 2348 linc
1038 2279 1262 2337 Germanici
1290 2278 1453 2344 Aratea:
1484 2279 1514 2335 in

208 2381 281 2438 cod.
305 2383 362 2436 333
383 2392 457 2438 uero
479 2378 628 2437 Isidori
648 2378 691 2437 dc
712 2380 796 2437 uita
818 2380 879 2437 uel
901 2379 1002 2438 obitu
1023 2386 1252 2439 sanctorum.

299 2497 420 2556 Codicis
442 2502 499 2554 333
527 2498 643 2556 auxilio
671 2513 743 2556 usus
763 2502 808 2556 est
829 2495 861 2554 J.
886 2497 917 2556 C.
943 2494 1085 2564 Orellius,
1114 2514 1182 2556 cum
1212 2498 1363 2557 Ciceronis
1390 2513 1460 2572 opp.
1490 2498 1517 2554 V

208 2617 243 2675 p.
271 2604 327 2656 183
347 2613 408 2673 seq.
430 2613 496 2657 eam
518 2597 625 2670 Rufini
645 2603 782 2673 partem,
813 2614 891 2672 quae
918 2599 962 2657 od
983 2598 1156 2658 Ciceronem
1182 2604 1354 2672 ceterosque
1380 2605 1516 2657 mutares

211 2707 347 2778 spectat,
369 2698 487 2768 edebat,
511 2715 607 2775 neque
627 2707 726 2759 tamen
748 2699 804 2758 Itoc
825 2701 945 2773 nepotio
967 2700 1011 2758 itu
1032 2700 1106 2760 bene
1123 2699 1253 2772 functus
1274 2708 1317 2760 est
1338 2703 1388 2759 uir
1408 2702 1514 2759 claris-

211 2806 319 2871 simus,
353 2803 465 2877 puppe
494 2803 549 2876 qul
576 2803 608 2860 in
640 2801 759 2860 edenda
789 2802 844 2859 illa
872 2804 973 2876 aperis
995 2802 1151 2877 porticula
1180 2803 1295 2863 codicis
1317 2800 1516 2861 Einsidlensis

207 2907 282 2980 plus
302 2909 422 2964 centum
443 2909 473 2961 ct
492 2903 687 2978 scptuopinta
714 2902 796 2962 locos
824 2909 879 2962 out
901 2919 1004 2978 praue
1031 2904 1227 2978 descripserit
1248 2909 1304 2964 aut
1324 2905 1444 2963 omnino
1465 2918 1514 2960 ne-

210 3008 355 3080 plexerit.
399 3004 508 3079 Itaque
535 3019 596 3063 non
624 3011 706 3079 mat,
735 3021 792 3064 cur
813 3004 851 3062 ab
874 3004 995 3064 Halmio
1024 3005 1229 3065 dimittati.
1250 3005 1355 3082 praes.
1375 3022 1409 3080 p.
1433 3005 1465 3062 X
1468 3004 1485 3062 I
1490 3005 1514 3061 V

212 3109 405 3168 laudaretur.
449 3105 511 3165 Sed
532 3105 570 3165 de
591 3104 648 3165 Itoc
669 3108 835 3181 ceterisque
855 3108 978 3181 scriptis
984 3151 994 3184 ,
1024 3123 1102 3181 quae
1123 3109 1187 3167 istis
1207 3107 1293 3167 libris
1314 3108 1514 3174 continentur,

213 3212 389 3284 diliaentius
410 3210 442 3268 in
465 3209 618 3267 Analectis
640 3206 877 3267 Einsidlenslbus
898 3223 1030 3281 apemus.

299 3341 330 3422 5)
355 3345 554 3404 Prisciani
580 3344 846 3404 institutiones
867 3344 912 3404 de
933 3345 1080 3404 nomine
1099 3346 1326 3418 pronomine
1347 3350 1382 3403 et
1403 3341 1515 3400 uerbo

211 3463 297 3508 saec.
321 3445 374 3505 XI
391 3447 525 3519 scriptae
547 3447 578 3504 in
600 3446 668 3505 cod.
694 3453 731 3503 15
752 3451 859 3505 extant
883 3462 965 3521 pone
987 3446 1133 3521 Eutychis
1153 3452 1249 3505 artem
1271 3447 1455 3510 collocatae:
1483 3445 1513 3501 in

211 3547 347 3607 masdem
368 3549 465 3606 maius
487 3563 561 3621 opus
579 3549 812 3620 prammaticum
832 3547 965 3615 scholia,
995 3563 1073 3621 quac
1094 3548 1195 3608 codici
1216 3553 1254 3605 32
1281 3550 1397 3623 insunt,
1420 3561 1514 3620 pecu-

212 3650 291 3708 liari
308 3650 566 3721 commentatione,
590 3665 657 3708 cum
681 3648 719 3706 de
732 3649 893 3707 PrIsciano
915 3664 1047 3721 apemus,
1066 3648 1174 3723 praes.
1193 3651 1294 3724 partr's
1308 3646 1363 3707 III
1376 3652 1448 3704 sect.
1466 3644 1518 3703 IV

212 3768 284 3826 cap.
310 3757 329 3807 3
353 3750 602 3824 percensebimus.
654 3750 820 3808 Praeterea
847 3753 916 3810 cod.
942 3758 981 3809 iu
1001 3767 1083 3811 saec.
1105 3750 1175 3811 XII
1200 3752 1264 3810 eius
1291 3755 1456 3809 tractatum
1483 3749 1514 3806 in

208 3854 330 3929 primos
351 3868 456 3910 uersus
477 3850 549 3912 XII
567 3852 716 3911 Aeneidos
737 3853 878 3911 continet.

302 3965 331 4043 6)
355 3969 471 4029 Beinde
493 3973 524 4029 in
546 3969 733 4030 Sallustii
752 3972 818 4030 rod.
845 3977 914 4031 203.
944 3988 1029 4045 quem
1059 3978 1204 4031 accurate
1231 3971 1378 4030 tractauit
1398 3973 1428 4027 et
1447 3983 1515 4027 con·

213 4074 286 4132 ledit
306 4071 334 4130 I.
358 4071 388 4131 C.
411 4072 544 4131 Wirzius
563 4088 669 4146 propr.
696 4075 805 4145 Arpuu.
833 4078 918 4145 1867,
940 4070 999 4143 sol.
1024 4069 1082 4130 ὅδ’
1105 4080 1234 4148 propter
1256 4072 1366 4132 uerbu-
1395 4072 1445 4128 ‘nc
1466 4072 1518 4129 sili

213 4176 439 4245 conficerentur
464 4175 616 4234 exercitus
643 4173 790 4234 Rutilium
820 4175 972 4248 Iepalum’
1000 4173 1075 4236 Sall.
1106 4175 1175 4248 Iup.
1204 4191 1276 4249 cap.
1298 4175 1323 4233 L
1346 4174 1411 4231 init.
1441 4171 1516 4229 ilaec

214 4277 353 4350 marpini
372 4291 499 4351 aspersa
520 4282 609 4335 sunt:
638 4273 805 4335 Notandum
829 4273 907 4353 quotl
931 4275 1029 4334 omnia
1054 4274 1144 4335 uerba
1168 4276 1307 4335 infinitiui
1331 4272 1410 4333 modi
1434 4273 1516 4352 ponit.

215 4397 273 4457 pro
295 4376 455 4455 praeterito
471 4375 605 4455 perlecto
619 4375 773 4437 indiculiui
795 4377 889 4445 modi,
913 4377 990 4435 sicut
1012 4383 1043 4434 ct
1064 4375 1216 4436 Solinus
1238 4386 1268 4436 et
1290 4374 1436 4435 Plinius
1460 4391 1515 4433 nec

215 4495 278 4539 uon
301 4475 506 4538 Tertullus.

303 4578 350 4638 De
370 4579 428 4640 lroc
448 4581 516 4640 loco
536 4579 580 4652 cs.
605 4579 722 4641 Charis.
742 4597 774 4655 p.
799 4586 870 4652 330,
895 4586 934 4637 33
956 4596 1017 4654 seq.

305 4693 335 4776 l)
359 4697 495 4773 Denique
515 4700 548 4758 in
569 4701 637 4758 cod.
655 4706 713 4757 300
733 4715 814 4759 saec.
831 4698 900 4757 XII
917 4715 950 4772 p.
968 4703 1105 4757 95-105
1127 4701 1202 4758 latet
1222 4714 1373 4757 carmen
1395 4713 1515 4771 prom·

213 4801 393 4860 malicum
413 4815 470 4874 per
492 4807 553 4860 tres
574 4801 668 4860 libras
690 4801 818 4860 diuisum
840 4801 878 4859 ci>
900 4799 947 4860 Itis
968 4799 1102 4860 uersibus
1123 4801 1284 4875 incipiens:
