3382 5476
600 400 666 450 Ans
684 399 861 451 ΔΝΟΝΥΜΑ
881 399 1092 453 BERNENSIS.
1349 416 1488 463 Lxxxm

195 589 251 647 sed
276 589 333 648 troc
359 586 486 648 dicendi
517 586 625 648 uitium
655 587 727 649 inite
753 596 850 648 ortam
877 596 934 662 est,
970 589 1065 663 quod,
1101 606 1304 665 quaecumque
1336 590 1488 652 nominum

194 707 311 763 penora
338 697 560 764 pertractaret,
599 707 701 750 eorum
734 692 873 765 exempla
910 707 930 749 a
961 688 1069 766 pueris
1100 689 1159 751 rite
1195 690 1349 752 declinari
1379 692 1486 754 uoluit.

197 792 230 850 P.
255 799 310 863 52,
336 800 354 850 o·
376 809 443 851 earn
466 790 497 851 in
520 791 719 853 adnotatione
743 810 803 867 pro
832 791 1023 869 ‘tipieiatia'
1042 792 1329 869 participialia
1356 794 1487 855 scritrea-

196 894 265 953 tium
287 911 352 953 esse
372 893 550 967 conicerem,
575 893 721 954 inmemor
739 893 792 967 fai
806 893 869 956 toci
894 893 1025 970 Verpitii
1044 894 1241 969 pramrnatici
1258 914 1291 972 p.
1311 902 1369 956 tto
1392 897 1469 958 Mai.
1479 919 1489 957 .·

197 994 343 1055 ‘Gerenai
362 997 411 1056 uet
424 994 523 1073 tppici
536 998 630 1057 umba
652 1000 690 1056 ete
706 995 890 1073 participiis
911 995 1057 1057 aerioma
1076 999 1179 1068 fideles
1200 997 1311 1073 quique
1332 1000 1488 1060 doctorum

195 1095 241 1156 ita
261 1095 461 1172 inteltepunt’,
486 1116 541 1158 nec
563 1115 622 1158 non
637 1097 796 1158 commenti
811 1097 1016 1159 Einsiatensis
1037 1097 1070 1159 in
1086 1099 1202 1160 Donati
1224 1109 1320 1160 artem
1342 1101 1488 1161 minorem

195 1197 284 1259 liuius
305 1197 380 1259 libri
399 1219 430 1274 p.
449 1206 515 1279 210,
532 1207 576 1260 10.
622 1200 670 1273 Os.
692 1209 857 1275 praeterea
879 1203 961 1262 locos
983 1203 1087 1261 eadem
1110 1203 1148 1261 ae
1169 1219 1204 1260 re
1225 1219 1244 1260 a
1262 1202 1396 1263 Tituroto
1418 1203 1488 1263 diti·
1524 1204 1528 1225 '

194 1308 302 1375 prater
322 1310 479 1376 conpestos
494 1301 649 1362 ‘Extraits
671 1304 709 1361 cte
729 1301 925 1363 manuscrits'
939 1313 995 1363 etc.
1019 1313 1088 1365 tom.
1105 1305 1207 1365 XXII
1229 1312 1256 1376 2,
1276 1321 1310 1379 p.
1332 1311 1366 1362 rt
1381 1314 1441 1365 aot.
1460 1314 1487 1364 3.

197 1403 230 1462 Ρ.
256 1410 305 1476 53,
332 1410 369 1461 23
391 1405 481 1464 ‘unde
503 1403 565 1464 uiri’
586 1404 721 1474 scribas:
738 1424 773 1482 p.
799 1414 846 1474 55,
871 1412 889 1462 8
912 1403 1027 1480 ‘piius'
1047 1423 1108 1481 pro
1129 1404 1295 1481 ‘pientius'
1317 1409 1486 1481 tepentium,

195 1522 233 1565 ne
254 1507 381 1579 repulae
401 1523 475 1565 suae
492 1505 713 1582 proprietatem
735 1517 843 1568 auctor
864 1506 931 1583 ipse
951 1509 1145 1583 perturbasse
1160 1506 1311 1581 uideatur,
1328 1508 1372 1581 cs.
1385 1526 1420 1584 p.
1440 1517 1488 1577 to,

197 1615 224 1674 5,
248 1606 300 1666 ubi
322 1605 427 1683 ‘piior'
451 1607 517 1668 diei
533 1627 622 1685 posse
644 1618 792 1684 neparat;
817 1626 851 1684 p.
877 1618 925 1684 55,
951 1616 988 1667 tt
1011 1612 1101 1668 ‘mate
1121 1612 1220 1669 stutte'
1243 1617 1273 1669 et
1296 1616 1332 1667 to'
1355 1609 1487 1684 ‘cimice',

195 1726 271 1781 quae
292 1707 354 1767 iam
372 1728 406 1784 p.
432 1718 488 1779 54,
513 1719 530 1768 5
552 1718 582 1770 et
608 1719 642 1770 12
663 1718 895 1781 commemorata
917 1718 1020 1782 erant,
1054 1719 1154 1770 tamen
1182 1708 1270 1771 uncis
1297 1710 1488 1772 circumscri-

194 1811 265 1870 bere
292 1809 449 1884 dubitaui,
480 1812 554 1885 quia
582 1810 655 1872 aliis
683 1830 798 1888 quoque
825 1810 954 1871 torisia
977 1811 1489 1888 eopcnereartipraptrusnepte·

192 1910 316 1984 peritior
334 1912 434 1985 fuisse
455 1913 702 1988 deprehenditur.

279 2012 417 2088 Denique
444 2014 475 2075 in
504 2015 636 2091 quinque
664 2014 899 2076 declinationum
927 2020 1086 2091 catatopo‚
1120 2034 1205 2090 ouem
1233 2035 1273 2078 en
1300 2016 1406 2078 codiee
1435 2026 1490 2076 ott

196 2115 353 2176 uetustatis
374 2134 447 2190 erpo
465 2136 498 2192 p.
525 2127 571 2191 ot,
599 2126 633 2177 17
655 2121 727 2177 ariri.
750 2117 851 2185 eadat,
879 2136 947 2179 cum
975 2117 1173 2199 conamina,
1202 2137 1280 2193 quae
1307 2118 1418 2179 tertiae
1439 2121 1488 2179 de-

194 2217 372 2278 clinationis
393 2237 456 2279 csse
476 2218 631 2293 dicuntur,
657 2219 849 2296 alphabetico
871 2220 980 2280 orit-ine
1001 2229 1180 2280 errunieratu
1202 2238 1265 2281 esse
1283 2230 1406 2297 pateat,
1430 2239 1488 2296 pro

195 2319 320 2395 ‘sptenis
342 2320 434 2380 oriris'
455 2321 590 2394 fortasse
610 2321 737 2382 crinis
758 2321 887 2382 corbis
908 2320 1043 2390 scribam
1070 2340 1130 2396 pro
1153 2321 1270 2382 ‘itastis'
1293 2333 1346 2383 aut
1368 2322 1488 2399 ‘postis'

193 2423 353 2496 tepentium
383 2432 435 2483 aut
466 2414 665 2499 aspirationis
688 2433 769 2500 ⁸nota
801 2423 907 2485 uitiose
938 2424 1078 2483 detracta
1111 2426 1215 2485 ‘ostis'
1245 2422 1317 2484 olim
1344 2428 1488 2499 scripturn

191 2523 290 2596 fuisse
311 2527 493 2585 credendam
515 2535 575 2595 est;
597 2524 728 2586 certiore
748 2525 931 2587 emendandi
952 2525 1007 2585 uia
1028 2529 1094 2585 loco
1116 2524 1282 2599 ‘insipnis’‚
1307 2527 1390 2600 auoit
1411 2525 1490 2585 inter

195 2626 298 2686 ‘ratis’
314 2636 343 2686 et
358 2627 471 2687 ‘sentis'
486 2638 639 2701 uersatur,
664 2646 753 2701 sepn
764 2627 795 2687 is
817 2632 968 2687 inseretur
982 2637 1074 2702 atque
1087 2626 1123 2686 ia
1144 2625 1256 2702 ipsum,
1280 2630 1362 2702 quoti
1382 2626 1488 2687 uttirrro

194 2730 259 2788 loca
287 2730 424 2800 liabetur,
456 2729 596 2803 ‘febris',
624 2746 691 2788 eum
720 2729 828 2790 ‘uestis
855 2729 925 2789 uitis
952 2727 1069 2805 uutpis'
1098 2730 1295 2800 antecedant,
1320 2730 1417 2801 facite
1447 2731 1490 2788 ud

196 2832 321 2906 ‘uepris'
344 2831 484 2891 uocabuti
502 2831 635 2905 sororum
658 2831 862 2892 remorabitur.

782 3331 895 3411 111.

343 3494 450 3578 Aris
472 3492 764 3576 ANONYMA
786 3428 1097 3577 eminiensis
1119 3492 1240 3576 ooo.
1264 3500 1338 3576 im.

772 3784 855 3845 Uar.
878 3781 905 3844 Ι.

450 3900 509 3964 DE
532 3900 660 3966 ARTIS
682 3900 845 3965 INDOLE
869 3901 925 3964 ΕΤ
948 3899 1231 3966 AVCTORIBVS.

279 4041 364 4101 Ilaec
397 4061 463 4109 ars,
498 4060 678 4117 quantouam
712 4059 771 4101 non
806 4040 926 4115 intepra
958 4043 1002 4101 ait
1028 4058 1082 4101 nos
1106 4045 1248 4117 peruenit
1274 4045 1338 4102 cius
1366 4044 1483 4114 notitia,

192 4146 307 4219 quippe
321 4160 400 4219 qaae
415 4162 473 4203 non
491 4147 574 4204 ultra
592 4141 783 4219 pronominis
805 4141 1022 4221 expositionem
1044 4144 1238 4216 ostendatur,
1263 4144 1365 4205 mattis
1386 4153 1485 4203 tamen

192 4243 366 4305 nominibus
392 4243 528 4306 uirorum
558 4248 713 4306 ctoctoram
736 4244 901 4305 attentione
923 4244 1018 4320 clipna
1040 4253 1093 4304 est.
1140 4246 1217 4305 Nam
1239 4264 1304 4306 cum
1328 4249 1387 4305 iam
1411 4247 1488 4304 iilud

192 4364 252 4405 aon
273 4345 349 4406 leuis
367 4346 506 4407 momenti
527 4346 581 4420 sit,
606 4356 653 4416 nt,
676 4366 736 4424 qua
759 4352 879 4408 ratione
901 4346 994 4407 teredii
1016 4351 1086 4407 aeui
1107 4346 1217 4409 certium
1240 4348 1432 4421 eorrsectores
1454 4346 1484 4407 in

192 4450 372 4522 coltinentis
393 4458 484 4523 atoue
505 4449 706 4525 excerpendis
733 4458 885 4510 aratorum
910 4456 1041 4508 aeterum
1064 4451 1203 4525 operibus
1225 4452 1272 4510 usi
1291 4453 1366 4518 sint,
1396 4467 1485 4508 accu-

192 4558 262 4611 rate
282 4555 407 4620 sciatur,
427 4555 605 4626 praesertim
627 4550 656 4610 si
676 4569 735 4611 uon
759 4549 896 4625 aripustis
915 4550 1027 4622 finibus
1048 4570 1110 4612 rem
1133 4554 1303 4624 coherceri,
1333 4552 1389 4611 sect
1409 4553 1485 4610 anti·

191 4653 403 4729 quissimorum
429 4651 611 4729 scriptorum
642 4651 776 4713 Charisii
798 4651 950 4713 Diomedis
972 4652 1129 4714 Prisciani
1154 4671 1236 4713 more
1263 4655 1406 4712 latissime
1433 4670 1484 4712 ea:-

191 4758 328 4832 spatiari
345 4762 570 4831 excerptorem,
594 4773 649 4815 nee
665 4756 813 4815 Donatum
828 4753 999 4815 commeatis
1013 4755 1199 4830 illustrandi,
1224 4772 1312 4830 quam
1335 4762 1396 4814 tum
1416 4754 1487 4827 scre

192 4859 390 4935 appetebant,
415 4860 536 4919 lauaem
550 4861 688 4935 captari,
712 4860 767 4917 sect
780 4861 862 4917 teani
876 4859 1091 4933 discipulorum
1108 4877 1164 4919 usu
1177 4860 1311 4930 nepteeto
1329 4859 1487 4919 doctrinae

1249 4955 1281 5006 f*
