3382 5476
227 395 291 460 254
629 395 864 448 COMMENTVM
881 393 1126 446 emslohense

225 585 421 663 ‘compescui’
445 584 529 645 iacit:
554 585 637 644 ‘sedo
659 587 703 646 as’
726 585 746 643 i·
769 581 942 660 tranquille;
967 584 1049 644 disco
1071 582 1223 655 similiter,
1252 584 1307 646 sed
1329 584 1425 647 didici
1449 586 1529 648 iacit.

136 686 267 750 canalia
297 687 391 755 enim.
420 704 495 766 quae
523 686 716 753 inchoantur,
746 704 804 746 non
834 693 961 762 possunt
987 683 1098 745 habere
1127 686 1336 764 praeteritum.
1382 686 1529 748 Horreo

226 797 271 848 est
294 795 409 856 metuo.
434 787 502 847 inde
526 786 725 854 ‘lrorrilrilis',
753 788 779 846 i·
804 786 994 856 metuendus,
1024 793 1054 846 et
1081 785 1189 847 horreo
1216 794 1263 847 est
1283 786 1437 867 despicio,
1461 788 1529 851 iude

225 889 348 950 dicitur:
379 907 450 949 non
473 888 657 948 horruisti
682 889 845 964 uirginis
875 896 1036 956 uterum.
1059 889 1080 947 i·
1103 904 1163 949 non
1191 887 1371 968 despexisti:
1400 888 1452 950 hic
1473 908 1528 970 pro

136 1005 185 1054 333,
198 1008 211 1045 3
225 990 416 1069 despectione
439 991 569 1068 ponitur.
593 986 691 1070 1311311
710 984 770 1049 179
786 986 797 1069 ΙΙ
813 987 959 1050 horresco
982 989 1107 1050 horrere
1128 991 1251 1069 incipio.
1297 990 1550 1061 consuesces

225 1094 244 1151 i·
269 1093 297 1151 in
321 1089 566 1151 consuetudinem
590 1091 718 1169 recipio,
749 1109 766 1150 3
788 1097 891 1151 333133
914 1090 1095 1152 ‘desuesco’
1124 1109 1140 1151 3
1163 1090 1383 1154 consuetudine
1405 1093 1527 1167 recedo,

226 1193 374 1254 ‘desueui'
396 1211 412 1252 3
436 1191 651 1253 consuetudine
673 1194 794 1252 recessi.

122 1311 172 1359 sss,
186 1311 211 1350 10
308 1295 601 1370 coniugationes
624 1292 757 1354 uerbis
779 1292 954 1354 accidunt
976 1303 1062 1354 tres.
1094 1293 1265 1356 Secundum
1280 1294 1524 1359 Priscianum

223 1406 363 1477 quattuor
391 1403 474 1459 sunt:
509 1394 641 1454 lionatus
669 1403 729 1454 tres
758 1404 911 1457 enumerat
937 1397 1161 1472 coniugationes
1189 1395 1377 1475 distinguens
1404 1399 1523 1460 13311333

225 1507 255 1559 31
269 1506 418 1576 quartam.
442 1495 492 1557 ubi
516 1495 587 1555 dicit
601 1497 612 1554 i
627 1504 794 1574 correptam
817 1493 864 1556 uel
880 1498 889 1555 i
905 1497 1095 1576 productam:
1118 1515 1186 1557 cum
1202 1496 1277 1558 dicit
1291 1498 1313 1557 ‘i
1328 1501 1522 1578 correpum’.
1535 1514 1557 1552 ¹⁰

224 1603 320 1678 tangit
341 1599 473 1664 tertiam;
502 1615 570 1657 curn
593 1596 665 1658 dicit
687 1598 713 1657 ‘i
736 1596 939 1677 productam',
968 1599 1060 1676 tangit
1082 1607 1231 1675 quartam:
1263 1600 1379 1667 uincio.
1410 1603 1432 1663 i.
1454 1602 1523 1679 ligo,

83 1702 341 1765 erssse‘uinxi’
365 1701 447 1773 tacit,
478 1700 594 1760 uincior
616 1698 657 1759 ris
680 1699 844 1765 ‘uinctus’:
868 1700 970 1769 uinco,
994 1701 1013 1758 i·
1037 1719 1161 1779 supero,
1184 1699 1278 1760 ‘uici’
1301 1700 1391 1769 iacit.
1418 1704 1524 1765 uincor

223 1803 356 1864 ε33131333.

133 1920 209 1970 sess
309 1904 479 1964 Genera
516 1901 759 1962 uerborum
797 1910 901 1962 sunt
938 1905 1147 1983 quinque.
1202 1903 1275 1963 Cum
1308 1902 1384 1965 dixit
1417 1907 1521 1985 ‘qudo-

224 2011 309 2081 que'.
340 2022 495 2064 numerum
518 2003 666 2072 defininit‚
691 2005 759 2079 quia
782 2002 848 2062 alii
872 2002 1032 2064 uoluerunt
1053 2003 1283 2083 impersonalem
1305 2005 1428 2069 modum
1451 2020 1554 2069 cumt⁵

223 2105 383 2185 generibus
425 2112 455 2164 et
495 2104 760 2182 significationibus
802 2104 887 2165 uerbi
930 2114 1044 2165 scitum
1088 2123 1183 2184 genus
1225 2125 1350 2186 ponere.
1418 2109 1520 2170 Genus

223 2218 253 2269 ct
288 2208 461 2286 significatio
497 2209 527 2267 in
566 2204 660 2266 uerbo
698 2206 777 2269 idem
815 2213 868 2266 est.
935 2207 1051 2268 Genera
1094 2207 1234 2269 dicuutur
1274 2227 1290 2268 a
1335 2210 1518 2287 generando.

223 2329 259 2370 co
282 2310 362 2389 quod
384 2326 475 2369 unum
499 2316 660 2384 generetur
683 2306 720 2367 alr
743 2307 852 2377 altero,
876 2310 1027 2387 passiuum
1050 2307 1190 2369 uidelicet
1211 2307 1249 2370 ab
1271 2312 1371 2372 actiuo
1392 2319 1425 2372 et
1448 2313 1519 2373 coti·

223 2430 292 2472 uum
316 2431 331 2470 a
354 2413 483 2491 passiuo.
528 2405 765 2485 significationes
794 2408 947 2483 dicuntur,
978 2428 1013 2468 eo
1043 2409 1120 2489 quod
1150 2418 1248 2471 actum
1276 2410 1324 2470 uel
1347 2413 1517 2491 passionem

133 2533 182 2581 333,
197 2533 209 2571 3
224 2513 441 2581 demonstrant,
466 2518 496 2572 et
517 2518 563 2571 331
586 2511 761 2588 significatio
785 2528 889 2570 sensus
911 2510 1008 2571 uerbi.
1053 2513 1182 2572 Actiua
1206 2512 1354 2582 dicuntur.
1379 2531 1417 2574 eo
1440 2514 1552 2592 quous

221 2623 319 2675 actum
342 2615 523 2691 significant;
554 2613 719 2691 passiua‚
749 2629 784 2671 eo
807 2610 885 2688 quod
909 2615 1076 2691 passionem
1099 2612 1317 2683 demonstrant,
1341 2623 1375 2675 ut
1396 2614 1483 2694 legor
1496 2618 1517 2676 i·

131 2737 180 2786 333,
195 2738 207 2776 3
221 2735 287 2776 mea
310 2714 402 2776 uerba
425 2715 574 2792 leguntur.
609 2713 747 2774 Neutra
771 2712 911 2774 dicuntur
934 2730 992 2775 non
1016 2715 1098 2793 quasi
1121 2714 1230 2791 aliquid
1254 2731 1313 2776 non
1336 2716 1515 2794 significent.

220 2819 240 2876 i·
265 2817 312 2877 uel
342 2824 439 2876 actum
467 2814 515 2875 uel
538 2814 721 2893 passionem,
745 2814 795 2874 sed
819 2824 977 2895 utrumque
1000 2813 1086 2875 simul
1111 2834 1170 2876 non
1192 2816 1373 2892 significans
1398 2817 1516 2898 quando

220 2926 319 2979 actum
348 2917 528 2994 significant,
566 2917 732 2995 passionem
762 2916 909 2986 relaxant,
945 2925 974 2976 et
1001 2916 1120 2996 quando
1150 2919 1332 2996 passionem.
1363 2918 1516 2981 dimittunt

118 3026 329 3090 3333331333.
374 3019 584 3078 Communia
613 3015 767 3085 dicuntur.
796 3037 831 3078 eo
854 3018 932 3098 quod
962 3016 1018 3077 sub
1041 3036 1099 3079 uua
1122 3018 1286 3080 litteratura
1308 3017 1386 3080 duos
1408 3035 1548 3082 33133333

83 3144 87 3153 ·
119 3122 241 3192 333331·
265 3119 341 3180 duos
369 3117 538 3179 intellectus
566 3117 685 3178 habent.
732 3118 963 3198 [deponentia
992 3119 1146 3188 dicuntur.
1178 3137 1213 3180 eo
1236 3119 1316 3199 quod
1338 3138 1401 3182 non
1423 3122 1515 3201 depo·

219 3230 293 3283 nunt
315 3240 330 3281 r
353 3220 400 3280 uel
428 3219 505 3300 quod
535 3218 687 3299 deponunt
714 3222 904 3301 participium
934 3221 1024 3280 iuturi
1053 3223 1195 3300 temporis
1222 3240 1239 3282 3
1269 3223 1405 3301 passiuo.
1435 3223 1512 3301 quod

129 3323 328 3396 modestos
360 3324 391 3383 in
420 3323 488 3392 dus,
518 3333 550 3384 ut
580 3321 746 3400 loquendus
773 3322 939 3383 luctandus.
991 3320 1267 3400 impersonalia
1295 3321 1448 3394 dicuntur.
1478 3344 1513 3387 33

220 3425 298 3507 quod
336 3427 454 3485 tertiam
492 3423 621 3485 habeant
656 3442 824 3503 personam.
884 3423 1046 3483 Neutro
1083 3424 1260 3504 passiua
1298 3423 1441 3487 dicuntur
1477 3444 1512 3486 eo

218 3528 296 3608 quod
319 3529 348 3586 in
371 3529 520 3607 praesenti
544 3535 573 3587 et
596 3527 625 3586 in
654 3527 754 3586 loturo
782 3523 946 3585 neutralem
975 3524 1085 3586 habent
1107 3524 1350 3596 declinationem.
1372 3527 1405 3587 iu
1427 3542 1546 3607 prae-³⁰

115 3652 165 3704 ros.
180 3657 203 3694 ιι
217 3630 306 3690 133113
328 3647 401 3689 3333
424 3636 581 3688 transeunt
602 3631 659 3688 iam
683 3630 714 3688 iu
737 3628 901 3707 passiuam.
933 3635 964 3686 ut
985 3627 1101 3703 gaudeo
1123 3628 1243 3704 gauisus
1263 3645 1340 3688 sum.
1384 3628 1509 3700 Soleo,

217 3731 235 3791 i.
260 3731 291 3790 in
314 3729 531 3790 consuetudine
560 3727 671 3800 habeo,
700 3729 803 3790 solitus
831 3747 907 3789 sum.
953 3726 1153 3799 Conuiuor.
1174 3722 1293 3812 1118011
1314 3728 1405 3791 31133331
1425 3731 1510 3800 uiuo;

285 3953 301 4002 8
320 3950 464 4000 Secundum
482 3945 652 4013 Priscianum]
672 3948 691 3997 I
704 3965 732 4013 p.
752 3952 811 4010 152,
832 3949 864 3999 18
880 3965 935 4021 sep.
953 3951 1083 4015 multisque
1101 3951 1159 3999 aliis
1175 3950 1247 4001 locis.
1325 3952 1359 4002 10
1376 3951 1421 4001 ubi
1438 3947 1510 4017 dicit]

214 4072 242 4119 p.
262 4056 323 4116 382,
343 4055 375 4102 21
463 4054 494 4102 to
513 4051 582 4101 uerbi
601 4049 667 4099 sexti
690 4061 789 4098 sextum
882 4053 912 4101 17
924 4025 1011 4100 'ieron
1080 4053 1113 4101 29
1131 4061 1221 4100 neutro
1239 4049 1359 4117 passius]
1387 4054 1424 4118 31.
1443 4055 1508 4107 oon.

215 4122 607 4239 idddrds’udndiinirlredndwmm
625 4120 715 4168 critica
733 4119 769 4166 11.
787 4118 868 4168 Keilii
935 4121 966 4170 31
986 4115 1076 4185 Soleo]
1095 4120 1130 4182 31.
1149 4119 1230 4169 Keilii
1246 4121 1335 4173 adnot.
1353 4122 1372 4173 1.
1389 4123 1409 4175 i.
1475 4122 1508 4173 82

216 4308 246 4317 —

283 4395 299 4444 5
318 4393 408 4443 Glorsa
424 4388 929 4455 3311313333333313110133339.313.;
950 4389 1016 4440 Haec
1034 4390 1085 4441 duo
1105 4391 1182 4440 uerba
1199 4405 1342 4442 consuesco
1360 4404 1385 4443 31
1403 4393 1507 4457 quiesco

215 4461 286 4510 alunt
307 4462 432 4522 quidum
452 4474 502 4508 non
520 4474 578 4508 esse
595 4458 753 4517 inchoatiun,
776 4460 837 4521 quia
858 4461 1020 4524 praeteritum
1043 4459 1138 4508 habent
1158 4460 1281 4508 consncoi
1300 4470 1325 4509 31
1341 4462 1444 4527 quieui,
1462 4462 1507 4513 sed

215 4544 304 4578 reuera
322 4529 384 4577 satis
403 4540 513 4592 possunt
531 4543 588 4576 esse
607 4527 764 4585 menoetius,
784 4528 844 4588 quio
861 4528 984 4576 consueni
1003 4538 1028 4576 31
1044 4528 1130 4590 qnieui
1144 4542 1159 4575 3
1172 4527 1256 4576 uerbis
1268 4541 1382 4579 cousueo
1395 4539 1421 4579 31
1432 4531 1506 4593 quiso

216 4599 335 4659 nemum,
359 4610 424 4658 qnae
442 4595 519 4644 modo
539 4609 587 4645 non
607 4596 709 4644 suntin
729 4610 790 4653 3333,
815 4594 860 4643 scd
883 4593 932 4643 illis
955 4596 987 4643 ab
1006 4611 1053 4644 usu
1072 4594 1247 4644 recedentibus
1265 4610 1354 4645 corum
1372 4599 1507 4662 praeterire

214 4667 239 4713 in
260 4681 308 4714 uso
325 4674 511 4712 remanserunt.
614 4667 645 4713 11
664 4663 754 4714 613333
771 4665 867 4714 codicis
885 4662 1063 4726 8333333131.
1084 4665 1130 4712 10·
1152 4678 1232 4727 marg.
1256 4664 1342 4714 decet:
1378 4666 1465 4716 Genus
1483 4675 1507 4715 31

214 4733 368 4798 significatio
396 4731 461 4781 idem
484 4731 570 4780 estin
596 4732 679 4781 uerbo.
715 4732 787 4781 Hunc
812 4732 915 4781 modum
941 4731 1129 4797 inpereoualem
1153 4731 1280 4793 quidam
1304 4734 1505 4798 grammatici

213 4811 304 4865 putant
321 4816 380 4850 esse
398 4815 444 4865 per
461 4815 490 4849 sc
507 4799 575 4847 sicut
591 4801 702 4849 uotiuum
722 4811 746 4849 31
764 4801 908 4864 possiuum,
927 4812 952 4849 31
968 4800 1064 4864 quare?
1084 4800 1147 4858 Quin
1160 4814 1205 4865 per
1218 4813 1307 4849 omnes
1319 4800 1411 4850 modos
1429 4803 1507 4851 eremit

212 4878 238 4919 31
254 4868 329 4918 habet
346 4869 433 4918 tertias
450 4881 585 4934 personas.
