3382 5476
567 446 569 452 ,
642 387 919 440 Dlurnnnrtfflu
938 387 1149 440 sentiortvnt.
1468 385 1531 452 285

239 577 320 637 uires
342 575 378 636 ad
402 574 512 635 bonum
536 583 566 635 et
588 574 794 636 lortitudinem
817 575 951 654 corporis
979 576 1164 644 referuntur,
1194 575 1284 635 etita
1306 575 1352 634 uis
1374 574 1444 635 lacit
1465 575 1528 635 uio·

236 677 366 746 lentum,
391 679 472 736 uires
494 677 646 736 uiriosum.

323 778 404 838 lnter
432 794 554 839 saeuum
577 785 607 836 et
629 776 780 837 crudelem
804 778 860 837 hoc
882 779 1021 846 interest,
1051 776 1129 854 quod
1158 795 1266 837 saeuus
1293 779 1374 838 circa
1402 775 1528 839 uerbera

237 888 296 946 cst,
322 879 454 940 crudelis
477 885 659 938 monstratur
682 880 844 956 sanguinis.

210 998 223 1036 5
320 979 401 1040 lnter
432 978 543 1039 bellum
572 988 601 1039 et
629 979 722 1038 aciem
753 988 782 1038 et
808 979 955 1058 proelium
985 988 1015 1038 et
1041 997 1171 1057 puguant
1200 979 1255 1040 ltoc
1283 981 1421 1048 interest,
1449 980 1528 1058 quod

237 1081 346 1142 bellum
368 1081 526 1149 indicitur,
550 1082 629 1139 acies
650 1080 813 1150 ordinatur,
836 1081 983 1160 proelium
1006 1082 1209 1154 committitur,
1234 1098 1330 1159 pugna
1353 1084 1475 1160 geritur,
1500 1092 1530 1141 et

236 1183 314 1261 quod
338 1183 416 1244 acies
440 1191 499 1242 tarn
522 1182 609 1251 lerri,
633 1199 721 1262 quam
745 1179 910 1243 oculorum.

321 1283 403 1344 luter
425 1300 543 1362 passum
566 1291 597 1342 et
619 1290 774 1362 expertum
797 1283 854 1344 hoc
876 1285 1014 1353 interest,
1037 1283 1114 1359 quod
1138 1285 1266 1363 patimur
1288 1283 1455 1353 uoluntate,
1478 1303 1528 1345 er-

235 1388 372 1466 perimur
394 1387 581 1445 necessitate.

197 1505 222 1542 to
320 1486 401 1547 luter
423 1503 516 1564 genus
531 1494 561 1544 et
576 1495 694 1562 gentem
711 1485 767 1546 ltoc
789 1488 926 1554 interest,
950 1486 1029 1566 quod
1052 1505 1146 1565 genus
1168 1495 1227 1547 tam
1251 1487 1414 1554 hominum,
1438 1502 1526 1562 quarn

235 1587 366 1648 ierarum
383 1594 473 1647 estet
496 1585 533 1647 ab
556 1605 617 1647 uuo
639 1588 735 1666 capite
757 1587 920 1656 descendit,
936 1606 1010 1666 gens
1025 1588 1060 1647 ad
1085 1589 1346 1666 congregationem
1369 1586 1526 1666 plurimam

234 1692 378 1768 pertinet:
402 1688 529 1749 dicimus
552 1690 631 1748 enim
654 1690 740 1767 ‘gens
763 1688 939 1749 Gallorum'.

318 1790 398 1851 lnter
426 1796 537 1850 terram
560 1797 590 1849 et
612 1789 748 1851 tellurem
777 1801 806 1851 et
833 1791 954 1851 humum
983 1790 1039 1851 ltoc
1067 1793 1206 1860 interest,
1236 1789 1315 1866 quod
1344 1791 1430 1851 tertia
1458 1807 1527 1868 pars

233 1891 335 1953 mundi
359 1900 439 1951 terra
468 1897 526 1960 est,
555 1888 644 1951 tellus
671 1890 741 1962 dea,
772 1891 879 1952 humus
900 1892 983 1953 locus
1005 1889 1176 1973 sepulturae
1199 1890 1236 1951 ab
1259 1890 1409 1952 humando
1431 1890 1527 1951 dietus

194 2010 219 2050 ts
233 1989 246 2074 ll
263 1993 282 2053 l.
300 1990 380 2053 114¹>
397 1989 420 2074 ll.

316 2094 397 2155 luter
419 2095 536 2153 moenia
560 2101 590 2154 et
611 2094 744 2157 aedificia
767 2093 824 2154 hoc
847 2096 988 2163 interest,
1011 2095 1090 2174 quod
1113 2094 1228 2155 moenia
1247 2093 1433 2171 publicomm
1456 2101 1526 2153 sunt

232 2213 371 2276 operum,
395 2193 527 2255 aedilicia
551 2196 743 2274 priuatorum.
885 2204 887 2208 '
1068 2187 1072 2193 ’

317 2295 398 2356 luter
421 2313 510 2357 omne
533 2303 563 2356 et
585 2304 679 2359 totum
701 2297 759 2358 hoc·
780 2299 920 2367 interest,
946 2278 1029 2378 ¹quud
1052 2314 1140 2358 omne
1162 2296 1376 2357 numerositate
1396 2303 1523 2366 constat,

231 2405 325 2458 totum
347 2397 502 2458 soliditatis
525 2404 580 2457 est.

192 2515 218 2556 20
314 2498 395 2559 luter
422 2498 507 2559 ulcus
534 2507 564 2559 et
591 2499 698 2561 uulnus
725 2509 755 2560 et
782 2499 898 2580 plagam
925 2499 983 2560 hoc
1011 2502 1153 2569 interest,
1187 2498 1266 2578 quod
1296 2497 1382 2561 ulcus
1409 2515 1464 2578 per
1491 2518 1524 2560 se

231 2601 304 2674 exit,
330 2599 438 2660 uulnus
460 2601 556 2671 terro,
578 2600 664 2680 plaga
688 2610 785 2680 potest
807 2619 871 2661 esse
893 2601 1001 2681 planus
1022 2603 1113 2671 ictus,
1136 2607 1168 2660 et
1182 2600 1261 2678 quod
1285 2600 1370 2661 ulcus
1393 2599 1523 2687 leuitatis

230 2709 289 2770 est,
313 2700 420 2760 uulnus
441 2703 610 2778 grauitatis,
634 2701 737 2782 plagae
759 2704 847 2762 etiam
871 2701 997 2763 uerbera
1012 2711 1168 2764 uocantur.

314 2802 395 2863 luter
417 2804 460 2862 sic
484 2811 513 2863 et
534 2805 574 2865 ita
596 2801 653 2862 hoe
680 2805 820 2879 interest,
848 2803 928 2884 quod
955 2806 999 2865 sic
1026 2806 1077 2884 qui
1105 2802 1191 2872 dicit,
1222 2801 1354 2882 exempla
1382 2803 1521 2871 ostendit,

230 2905 269 2962 ita
292 2902 328 2962 ad
352 2904 498 2965 rationem
520 2906 659 2966 refertur.
1266 2895 1270 2901 ¹

203 3024 216 3064 s
314 3005 395 3065 luter
418 3005 491 3067 duos
514 3014 544 3067 et
565 3005 669 3067 ambos
690 3005 748 3068 lroc
768 3008 907 3078 interest,
931 3007 1009 3086 quod
1032 3005 1091 3068 duo
1113 3014 1323 3080 numerantur,
1348 3003 1435 3065 ambo
1451 3023 1521 3065 con·

228 3113 402 3183 gregantur.

313 3209 395 3269 lnter
423 3217 507 3288 paret
535 3217 565 3269 et
591 3221 715 3289 apparet
742 3209 799 3271 lroe
826 3212 965 3280 interest,
1000 3210 1077 3288 quod
1107 3217 1193 3289 paret
1224 3209 1365 3288 imperio,
1398 3215 1522 3288 apparet

229 3308 406 3370 uidentibus.
1319 3304 1324 3308 ’

296 3600 309 3646 1
329 3595 459 3648 refferuntl
479 3598 512 3645 itu
531 3597 570 3646 uis
583 3596 645 3646 lacit
657 3596 803 3645 uiolentiam
856 3597 896 3645 uis
909 3595 1043 3660 impetu-
1055 3590 1171 3648 retenur.
1191 3596 1227 3644 lte
1240 3595 1279 3644 uis
1292 3593 1352 3644 iecit
1364 3593 1518 3656 uiolentiam,

228 3660 295 3713 mres
315 3666 437 3714 uiriosum
457 3662 971 3728 601001νοοωρ.102,01.ΚεὶῙῙ.ρ.201
1039 3666 1163 3713 3seuum
1209 3677 1287 3712 senus
1355 3664 1518 3728 4sn⁸guinis

261 3747 354 3782 saeuus
373 3733 439 3780 circa
457 3733 534 3780 uerba
552 3741 600 3795 est,
617 3731 727 3780 crudelis
745 3740 901 3780 monstratur
919 3729 1054 3795 sanguinis
1074 3730 1247 3792 Gotltofredua
1260 3746 1289 3794 p.
1308 3732 1420 3794 10201.
1440 3730 1518 3796 Ileiff.

225 3815 252 3862 p.
272 3802 322 3847 291
424 3799 555 3848 ddicitur
576 3801 644 3848 scies
665 3793 768 3849 ordinat'
836 3813 892 3846 eum
911 3798 1008 3847 mititur
1060 3797 1152 3848 bellum
1170 3798 1261 3848 dicitur
1278 3823 1313 3834 -
1330 3797 1463 3849 oculorum
1480 3810 1520 3848 est

903 3873 923 3901 m

228 3915 400 3974 Gotltofredtts
415 3932 443 3980 p.
462 3918 511 3964 102
579 3914 681 3966 8lnter
697 3929 788 3981 perum
840 3913 962 3983 patillllur
1012 3916 1328 3983 patimur-necessitate
1346 3915 1519 3979 Gotdofrsdss

146 3994 149 4000 ’
224 3999 252 4044 p.
265 3984 313 4030 102
384 3985 415 4032 10
433 3998 515 4047 genus
533 3983 664 4033 hominum
683 3994 733 4033 mm
751 3997 828 4045 qoem
846 3984 955 4033 iersrum
969 3983 1364 4049 estgenssdeongregstlonem
1383 3983 1517 4050 plurimam

226 4049 335 4113 pertinet
355 4050 387 4098 sb
411 4065 461 4099 uuo
483 4052 566 4115 capite
588 4051 719 4101 deseendit
741 4051 850 4100 dicimus
873 4052 939 4100 enim
991 4066 1074 4116 genus
1092 4061 1144 4100 tsm
1161 4050 1294 4100 hominum
1312 4065 1389 4113 quem
1406 4050 1516 4100 lectrum
1553 4071 1559 4084 ·

227 4128 279 4175 est,
302 4132 366 4180 gens
384 4118 416 4165 ed
440 4121 618 4182 cognationem
640 4119 778 4184 plurimum
800 4120 911 4184 pertinet
927 4128 952 4168 et
968 4119 1000 4167 ab
1018 4132 1070 4168 uno
1087 4119 1171 4184 capite
1188 4118 1320 4168 deseendit
1338 4144 1370 4154 -
1388 4117 1516 4168 Gallorum

227 4186 401 4246 Gotdosredne
416 4203 443 4249 p.
463 4188 512 4235 102
582 4189 614 4236 13
631 4187 743 4237 tellorem
812 4188 845 4237 14
862 4186 991 4260 sepulture
1042 4185 1116 4235 tertis
1133 4200 1194 4250 pars
1212 4211 1244 4220 -
1262 4185 1408 4250 sepulturae
1424 4186 1517 4236 dicitur

225 4254 257 4300 tib
276 4253 405 4301 humando
425 4253 596 4316 Gotltosredttt
611 4271 638 4317 p.
658 4257 708 4304 102
778 4255 946 4318 1tmoepnia
997 4255 1099 4303 moenia
1117 4253 1327 4317 -priustoium
1346 4253 1518 4318 Ootdosretirte

224 4337 250 4383 p.
267 4323 397 4379 102103,
416 4322 451 4384 cf.
466 4321 543 4385 Reiff.
555 4339 582 4385 p.
596 4324 655 4384 201,
675 4327 718 4388 qul
732 4337 782 4387 pro
800 4323 893 4373 altero'
906 4321 1044 4370 ‘aedilicia’
1063 4334 1151 4370 muros
1168 4320 1247 4370 scribi
1263 4319 1344 4387 uidet,
1364 4336 1415 4386 pro
1433 4325 1516 4372 atero

225 4439 289 4485 nurui
307 4438 496 4498 aedilitiorum,
512 4440 626 4502 fortasse
643 4445 722 4490 recte.
815 4443 846 4491 10
868 4439 1003 4490 soliditatis
1021 4436 1072 4504 est]
1096 4402 1238 4500 soliditates
1291 4453 1417 4489 omne-
1434 4448 1515 4489 totum

225 4505 342 4554 soliditas
362 4506 534 4584 Gotltosredttc
549 4523 577 4571 p.
596 4509 657 4569 100,
674 4508 709 4570 cs.
727 4508 803 4572 lleiff.
820 4525 848 4572 p.
858 4509 912 4558 283
987 4509 1020 4586 21
1039 4507 1112 4586 exiit
1151 4515 1239 4572 potest
1252 4504 1282 4623 [Ψ
1296 4522 1354 4557 esse
1405 4506 1515 4578 leuitatis

224 4575 256 4621 22
279 4573 357 4637 plage
378 4588 446 4622 enim
467 4575 545 4623 uerba
568 4584 692 4624 uocantur
759 4577 831 4624 ulcus
854 4591 901 4640 per
922 4590 952 4624 se
970 4585 1024 4624 exit
1039 4599 1075 4611 -
1091 4589 1147 4624 stuc
1164 4575 1234 4636 quod
1278 4589 1324 4624 eus
1340 4600 1375 4610 —
1391 4585 1516 4624 uocantur

225 4641 398 4702 Gothosredus
413 4657 441 4704 p.
459 4643 520 4702 103,
537 4642 572 4703 es.
590 4642 668 4706 lletff.
684 4658 712 4705 p.
730 4644 782 4691 295
865 4643 899 4692 20
917 4644 955 4691 sio
972 4642 1035 4704 qnid
1052 4639 1096 4691 did
1145 4643 1183 4692 sic
1200 4642 1244 4703 qui
1261 4641 1323 4691 dicit
1340 4641 1453 4692 ostendit
1469 4656 1516 4692 ex-

224 4707 801 4842 edlgflldsieduffrznulrdfflwr‘e‘ssaeogypaiooj⁹
818 4709 949 4842 ‘fipffiffi
966 4711 1137 4827 puidoedtihus
1149 4710 1454 4843 2dbold!:iilqrttti-ttsssztn81¹2&
1457 4719 1515 4841 upt'f

222 4813 441 4909 [temptes
613 4810 628 4826 '
940 4803 972 4814 “
1364 4813 1370 4828 ’
1448 4814 1456 4841 ’
1507 4813 1515 4828 ’
