3382 5476
769 1243 952 1326 XIII.

282 1472 628 1572 AVCTORES
655 1472 753 1570 AN
756 1474 847 1573 ΟΝ
851 1476 982 1573 YMI
1007 1476 1098 1573 DE
1123 1474 1445 1581 LITTERIS

835 1970 880 2043 A.

290 2127 311 2184 t
337 2118 447 2183 uocalis
470 2128 523 2180 εει.
561 2117 674 2189 Quibus
690 2118 813 2197 uirguiis
829 2122 1026 2200 conparatur?
1048 2120 1090 2181 Ex
1106 2118 1201 2181 tribus
1216 2120 1354 2200 uirgulis.
1395 2122 1504 2185 Deinde

206 2225 313 2286 dicitur
340 2224 450 2303 triplex
479 2239 553 2281 sono
582 2230 612 2281 ει
634 2223 737 2299 ligura.
783 2224 896 2294 Quibus
923 2221 1093 2282 nominibus
1119 2220 1230 2281 dicitur
1251 2222 1287 2282 a?
1334 2220 1381 2285 Ex
1410 2222 1503 2285 tribus

205 2326 388 2388 nominibus:
413 2322 499 2403 aiepir
522 2324 550 2383 in
574 2321 710 2383 lieirraeo
734 2324 858 2394 elicitur,
883 2323 946 2397 alia*
961 2324 991 2382 in
1015 2324 1129 2384 Graeco
1150 2321 1275 2393 dieitur,
1305 2325 1377 2386 ain
1399 2324 1500 2387 Latino

204 2430 320 2489 dicitur.
365 2428 463 2498 Quare
486 2427 582 2505 prirna
605 2444 640 2484 ex
664 2423 768 2485 titteris
791 2436 836 2487 εει
857 2427 892 2485 ai
936 2424 1009 2495 Quia
1040 2423 1147 2484 dicitur
1175 2424 1291 2502 primus
1312 2425 1353 2486 de
1374 2426 1499 2488 nomini·

204 2530 259 2591 bus
288 2531 441 2590 irorniuurn
470 2528 577 2596 Ariani,
608 2528 693 2587 etin
723 2529 821 2588 aninra
849 2536 878 2587 et
906 2528 936 2586 in
964 2523 1085 2604 angeio,
1113 2526 1164 2605 qui
1191 2524 1248 2586 tuit
1274 2534 1345 2587 ante
1373 2526 1518 2597 sawulct

203 2631 272 2693 (irini
302 2633 418 2692 animae
448 2639 563 2691 creatae
593 2631 714 2689 suerunt
742 2648 758 2688 a
787 2628 848 2689 Deo
876 2630 955 2689 uiuo.
1001 2624 1115 2707 Duplex
1144 2626 1208 2687 eius
1235 2626 1308 2705 quid
1334 2628 1496 2708 significati

202 2734 353 2812 Significat
373 2730 421 2812 iit.
441 2729 545 2811 106¹ss
567 2731 624 2791 duo
653 2738 842 2791 testamenta:
881 2728 927 2788 lox
958 2741 1043 2789 uetus
1072 2739 1101 2787 et
1127 2745 1214 2788 noua.
1258 2727 1336 2790 Tres
1365 2730 1495 2809 uirguiae

202 2844 283 2904 sunt,
308 2834 344 2893 tie
367 2832 474 2913 quiiurs
498 2840 737 2910 congregatura.
775 2830 850 2902 Quiri
874 2830 1061 2908 signiticanti
1092 2828 1208 2908 Tppunr
1231 2829 1377 2893 trinitatis
1398 2840 1494 2894 osten·

202 2937 284 2997 ritant.
330 2934 453 3005 Ouarada
477 2942 676 3011 cougrcgatar
699 2952 723 3002 a,
747 2933 818 3011 quid
843 2932 1007 3011 siguificat?
1029 2930 1144 3009 Typunr
1169 2931 1256 2991 unius
1280 2931 1335 2992 ssei
1357 2934 1493 2996 ostendit

201 3038 318 3108 Quare?
341 3037 415 3096 Tros
436 3054 581 3114 personae
605 3043 749 3096 uocantur
766 3053 842 3094 uuus
858 3035 944 3101 Deus.
988 3035 1109 3115 Legitur
1123 3030 1354 3112 a†atluerbium
1379 3036 1492 3097 numeri
1504 3052 1524 3089 u

200 3138 341 3218 complet,
366 3147 398 3198 ut
419 3135 681 3216 n†quinceuties.

285 3241 306 3300 B
335 3248 415 3300 ruuta
444 3248 488 3300 est
516 3247 546 3298 et
568 3256 750 3306 consonans,
780 3257 855 3317 quae
884 3260 920 3300 cx
948 3239 1064 3301 duabus
1095 3236 1220 3313 uirgatis
1247 3236 1401 3307 scribitur,
1424 3242 1491 3318 quia

199 3342 257 3402 duo
280 3349 453 3403 testamenta
476 3342 634 3419 significat,
659 3339 735 3401 aliud
760 3339 852 3401 breue
876 3351 905 3401 ot
927 3341 1005 3402 aiiuti
1022 3342 1153 3420 tangunt.
1188 3340 1264 3411 Quiri
1282 3348 1488 3403 testamentum

200 3444 319 3504 breuius
343 3451 371 3503 et
395 3442 527 3520 tongins?
564 3440 637 3510 tinia
662 3441 782 3501 breuior
805 3440 889 3503 labor
912 3444 942 3503 in
967 3444 1021 3504 troc
1045 3443 1170 3512 mundo,
1194 3460 1283 3521 quarn
1305 3447 1438 3524 praemia
1460 3446 1488 3505 in

198 3547 294 3606 tuturo
317 3543 450 3613 saecuto,
480 3545 548 3622 quia
571 3544 626 3604 iuit
647 3555 715 3606 aute
737 3544 887 3605 saecuiuni
911 3564 946 3605 ex
971 3547 1090 3607 nomine
1114 3557 1143 3607 ει
1165 3566 1272 3627 opere,
1301 3550 1371 3628 quia
1394 3548 1520 3611 bonusli

197 3655 242 3707 est
264 3645 337 3707 tieus
359 3654 388 3706 ct
410 3663 486 3724 opus
509 3646 573 3706 cius
594 3644 705 3706 bonurn
728 3658 781 3707 est.

280 3748 402 3808 Cnurta
427 3755 471 3807 εει
494 3756 523 3806 ει
544 3765 712 3808 consonans
735 3758 794 3809 cst:
818 3766 874 3809 una
898 3750 1016 3826 quidem
1040 3750 1157 3830 uirguia
1180 3752 1329 3834 adscripta
1353 3764 1413 3829 εει,
1436 3754 1484 3816 sed

196 3847 290 3927 panda
314 3856 359 3909 εει
381 3848 543 3909 ostendeus
566 3858 666 3928 typurn
691 3849 847 3919 ecciesiae,
871 3868 945 3927 quae
969 3854 1089 3913 iuuatur
1104 3872 1119 3913 a
1136 3853 1206 3915 Deo.
1241 3855 1340 3926 Quare
1360 3857 1486 3919 ostentiit

195 3960 296 4031 typunr
320 3949 479 4011 ecciesiae?
524 3947 597 4018 Quia
622 3950 711 4011 hairet
733 3950 899 4012 libertatern
922 3951 1084 4027 †ari›itriis
1107 3957 1181 4015 uice
1227 3956 1409 4019 Atiuerbium
1433 3978 1484 4021 uu·

194 4054 268 4112 nreri
290 4051 462 4132 pienissirne
485 4053 569 4121 iecit,
595 4062 625 4113 ut
648 4061 765 4112 centurn
790 4055 911 4113 centies.
1494 4066 1515 4101 a·

277 4153 404 4214 [intuta
427 4161 472 4213 est
493 4161 524 4213 et
546 4173 726 4224 consonans,
756 4172 831 4232 quae
858 4154 914 4214 sub
943 4158 1027 4234 uirga
1055 4160 1149 4236 posita
1178 4178 1284 4220 sonum
1313 4162 1428 4223 uocatis
1448 4162 1482 4223 ad

193 4263 390 4315 consonantes
413 4255 480 4316 facit
503 4265 605 4316 eontra
628 4276 657 4324 s,
682 4265 714 4317 ut
737 4256 808 4317 deus
831 4262 1044 4327 ettennon,
1069 4268 1101 4319 ut
1122 4259 1219 4321 tieunr.
1258 4261 1340 4323 Binis
1362 4262 1482 4343 uirgatis

258 4525 320 4576 Cori.
339 4527 419 4578 Rern.
440 4527 490 4573 m
506 4542 574 4574 racc.
596 4526 675 4588 IXf.
696 4526 764 4577 1051Ι
783 4554 814 4562 -
834 4527 1065 4589 105'¹¹,laoctr'tuio
1082 4533 1238 4595 praemiare:
1269 4530 1313 4581 DE
1332 4532 1480 4583 umerus

191 4592 320 4642 LATINIS
340 4593 468 4652 uitiauit
489 4592 627 4642 surinus
646 4594 943 4644 tuttlttt‘ttutl't'ntt's
964 4596 1033 4646 EST.
1119 4601 1135 4649 3
1154 4598 1246 4648 irebrco
1298 4600 1350 4650 alia
1367 4603 1479 4652 doctrina

190 4662 215 4708 iu
234 4677 309 4727 greco
379 4660 499 4713 ascetria
567 4662 695 4727 8tipunt,
712 4679 812 4729 semper
898 4661 930 4717 lu
948 4680 1058 4729 perseru-
1144 4669 1176 4717 13
1194 4664 1244 4717 aiiii
1262 4666 1343 4719 breue
1360 4679 1388 4719 ει
1404 4670 1478 4720 aiium

192 4730 222 4778 14
240 4731 336 4794 preruia
423 4733 454 4779 lo
472 4729 557 4778 secuto
610 4731 723 4779 secutum
794 4734 824 4782 17
844 4747 918 4781 unani
937 4733 1040 4793 qitiduur
1059 4733 1184 4798 uirgulanr
1260 4737 1294 4785 22
1312 4746 1401 4788 contra
1420 4754 1447 4789 es

189 4808 276 4846 contra
294 4812 333 4845 em
386 4797 458 4846 binas
