3382 5476
548 375 585 426 IN
604 373 688 428 DON.
707 373 832 424 turbu
850 372 1030 425 introituri.
1378 367 1442 433 265

154 582 266 642 super
289 561 426 624 arbore
448 562 609 630 sidunt’;
639 560 785 622 ‘subter
814 559 925 623 densa
948 560 1140 623 testudine
1161 564 1298 622 casus'.
1344 560 1441 639 Super
1454 575 1563 621 sonno

155 674 183 727 et
205 663 307 726 subter
329 665 452 743 figurate
475 664 523 725 bic
545 663 642 726 locum
665 664 839 742 significant.
884 662 1048 724 ‘Testudo’
1071 672 1117 724 est
1138 680 1256 724 camora
1278 669 1441 730 scutorum,

154 785 212 846 qua
241 766 350 828 milites
378 774 482 845 tegunt
509 766 604 846 capita
632 784 701 837 sua,
730 784 797 828 eum
826 764 990 827 ascendunt
1016 782 1145 826 murum.
1190 762 1300 826 blulta
1327 779 1530 843 superares

155 869 300 930 Priamo
323 868 501 945 rogitans.
539 866 635 929 Verba
657 876 727 930 sunt
747 868 884 938 Didonis,
907 866 944 929 ad
967 885 1054 947 quam
1077 886 1144 929 eum
1167 870 1299 929 uenisset
1316 867 1440 934 Aeneas,

129 968 357 1049 sinterrogabat
383 988 451 1030 eum
478 969 515 1030 de
543 969 661 1031 Priamo
688 987 760 1049 rege
781 969 977 1032 Troianorum
1007 977 1037 1030 et
1063 968 1100 1030 de
1122 969 1250 1031 llectore
1278 967 1337 1030 tilio
1368 969 1442 1029 eius.

155 1073 324 1134 Conlioio
351 1073 377 1132 i·
401 1073 539 1132 excrucio
568 1071 616 1132 uel
645 1074 747 1152 punio.
791 1070 863 1132 lnde
885 1072 1096 1132 ‘coniectores’
1119 1071 1258 1133 dicuntur
1279 1072 1440 1132 carnifices.
1456 1088 1505 1134 eoi,
1520 1086 1544 1126 n

155 1174 325 1252 Suscipio
352 1170 510 1252 aliquando
537 1174 682 1253 signifieat
715 1190 843 1235 ueneror
869 1175 895 1233 i·
924 1173 1050 1234 bonoro.
1098 1174 1217 1252 Antiqui
1246 1174 1332 1234 etiarn
1361 1173 1505 1252 geni-eoi,
1521 1189 1546 1228 rr

155 1277 217 1335 tiuo
239 1273 401 1352 iungebant
423 1276 670 1355 praepositiones,
700 1284 733 1337 nt
755 1281 914 1337 ‘crurum
938 1277 1057 1337 tenus’
1079 1293 1135 1356 pro
1157 1293 1246 1336 crure
1269 1284 1364 1335 tenus.
1407 1274 1505 1338 Eleos,
1523 1292 1546 1330 rs

156 1385 202 1438 ost
223 1378 333 1437 Graeca
356 1377 458 1455 ligura,
482 1381 550 1456 quia
572 1377 680 1439 Graeci
702 1395 761 1439 non
783 1376 893 1439 habent
915 1376 1091 1446 ablatiuum,
1114 1376 1165 1438 sed
1188 1375 1254 1438 loeo
1277 1378 1340 1438 eius
1362 1377 1444 1454 geni·

118 1479 219 1539 rotiuo
241 1484 373 1539 utuntur.
417 1478 500 1540 ‘lloo
522 1479 658 1559 paloare'
682 1487 712 1541 et
733 1479 825 1540 ‘baec
846 1478 1007 1560 palearia':
1036 1482 1153 1559 signnm
1183 1488 1227 1539 est
1254 1479 1325 1539 boui
1348 1477 1443 1547 bouis,

156 1579 275 1659 quando
302 1577 420 1659 paleare
449 1582 474 1640 i·
505 1583 620 1642 corium
648 1603 664 1644 a
692 1590 792 1643 mento
820 1598 941 1643 crurum
968 1590 1068 1652 tenus,
1103 1583 1125 1643 i·
1155 1598 1250 1658 usque
1284 1579 1320 1641 ad
1356 1598 1444 1641 crura

157 1681 276 1762 pendet.
305 1715 346 1724 -
378 1682 554 1762 Suppositae
583 1685 815 1764 praepositiones
844 1685 1088 1761 significationem
1119 1682 1247 1763 perdunt
1274 1683 1294 1742 i·
1323 1699 1572 1747 mosomensem

158 1791 187 1843 et
215 1786 277 1844 uini
306 1785 448 1853 nominis,
486 1786 544 1846 iam
577 1804 637 1846 non
671 1793 739 1847 sunt
768 1787 1017 1867 praepositiones,
1049 1787 1101 1847 sed
1134 1785 1362 1865 suppositiones.
1406 1783 1547 1850 Eteonos

157 1885 275 1964 legem
298 1887 504 1966 propriam,
528 1889 596 1966 quia
618 1886 663 1949 lex
687 1889 914 1969 praepositionis
936 1897 1012 1956 erat,
1035 1896 1069 1949 ut
1089 1894 1335 1969 praeponeretur.
1375 1885 1547 1952 tto-ono

120 1995 266 2047 unetos
296 1987 371 2049 dixit
398 2006 488 2049 unum
519 1989 658 2052 accidens
685 2010 752 2053 esse
778 1991 808 2051 in
837 1991 1072 2070 praepositione,
1106 1988 1158 2049 sed
1191 1988 1312 2066 quidam
1341 1995 1447 2068 putant

158 2092 280 2166 liguram
304 2096 334 2149 et
355 2089 500 2150 ordinem.
544 2091 675 2171 Simplex
698 2095 806 2172 figura,
829 2100 862 2153 ut
884 2091 989 2160 ‘abs';
1018 2092 1195 2171 composita,
1228 2099 1260 2151 ut
1289 2088 1444 2169 ‘absque’.

158 2191 349 2260 Ordinem,
373 2193 440 2269 quia
463 2193 608 2268 quaedam
631 2205 854 2276 praeponuntur
877 2202 906 2254 et
928 2193 1001 2254 oliae
1023 2201 1247 2273 supponuntur;
1271 2191 1341 2253 inde
1365 2193 1444 2252 Vir·
1458 2209 1507 2255 sor.
1522 2211 1547 2249 oe

126 2292 132 2301 '
157 2291 286 2371 gilius:
311 2299 365 2352 ‘te
388 2294 487 2353 sine'
510 2313 564 2373 pro
586 2297 661 2355 ‘sine
684 2298 724 2356 te’
748 2306 778 2357 et
800 2295 952 2376 ‘capulo
975 2301 1113 2357 tenus’.

455 2476 479 2527 o
614 2499 662 2559 ou
683 2498 984 2561 turentuonoue,

119 2614 145 2655 ²⁰
242 2615 412 2676 interiectio
440 2616 548 2678 dicitur
576 2615 613 2678 ab
639 2617 868 2689 interiaciendo,
897 2621 981 2699 qnia,
1009 2619 1127 2699 quando
1155 2619 1192 2679 de
1219 2617 1284 2679 aliis
1312 2616 1446 2697 partibus

158 2715 316 2796 loquimur,
340 2720 522 2798 erumpimus
545 2721 574 2779 in
597 2721 814 2781 interiectiuam
837 2739 945 2782 uocem
961 2721 1019 2782 aeti
1033 2721 1141 2800 gaudio
1156 2719 1203 2781 uel
1220 2720 1349 2790 tristitia,
1365 2727 1445 2779 metu

158 2816 205 2878 trel
234 2817 348 2879 dolore.
399 2821 608 2882 Interiectu
636 2823 660 2881 i·
685 2824 871 2902 interposita.
915 2823 1037 2885 lnuenta
1065 2830 1111 2883 ost
1137 2821 1303 2883 interiectio
1332 2820 1368 2881 ad
1390 2819 1548 2887 bossonis

158 2921 281 2981 allectus
316 2922 405 3000 arriani
436 2922 661 3002 exprimendos:
694 2930 744 2984 aut
772 2927 851 2986 enirn
882 2927 1022 3005 exprimit
1052 2926 1187 2987 allectum
1224 2925 1397 2992 metuentis,
1425 2924 1445 2982 i·

159 3023 304 3090 timentis,
328 3032 395 3084 ut.
431 3071 437 3083 .
473 3071 480 3084 .
515 3073 521 3086 .
557 3073 565 3087 .
741 3027 851 3088 uideo
875 3026 1013 3089 subitis
1034 3028 1182 3107 lapsura
1206 3027 1343 3087 ruinis.
1386 3023 1445 3085 ‘Ei’

119 3120 253 3204 25ἰιιῑειπΗ
279 3121 339 3185 195
363 3122 466 3208 [ζίεεῑίο
489 3136 534 3188 est
556 3127 773 3208 monosyllaba,
804 3131 867 3189 ‘ei’
890 3149 964 3192 uero
986 3147 1151 3210 pronomen
1180 3126 1369 3208 disyllabum
1398 3134 1449 3188 aut

159 3227 294 3287 allectum
318 3227 438 3306 optandi
461 3231 612 3309 exprimit,
638 3239 684 3290 ut:
708 3232 745 3289 ‘o
768 3230 958 3293 Gallorum
982 3232 1140 3300 uictor';
1164 3237 1213 3291 aut
1235 3230 1372 3289 allectum
1396 3227 1447 3287 do·

158 3325 246 3388 lentis
269 3330 409 3407 exprimit
431 3329 612 3406 interiectio,
636 3341 667 3392 ut
688 3330 792 3402 ‘beu’,
816 3344 845 3394 et
867 3332 1023 3412 aliquando
1045 3334 1076 3393 in
1099 3340 1193 3391 metro
1215 3332 1391 3408 geminatur,
1415 3337 1449 3389 ut

159 3439 267 3508 poeta
278 3451 285 3488 :

487 3517 562 3577 lleu
586 3517 654 3578 beu
677 3537 781 3596 quarn
804 3520 934 3597 pingui
957 3536 1092 3587 triacum

120 3629 146 3669 ³0
162 3626 213 3677 aut
235 3618 370 3678 allectum
394 3617 540 3687 laetantis,
571 3626 604 3679 ut
630 3638 714 3679 euax.
760 3619 863 3680 Graeci
890 3621 1126 3681 interiectionem
1154 3637 1212 3679 non
1241 3615 1366 3686 babent,
1395 3616 1448 3678 sed

161 3721 239 3779 inter
262 3719 403 3780 aduerbia
427 3719 575 3799 deputant.
620 3719 715 3781 Latini
739 3737 811 3781 uero
834 3740 892 3781 non
915 3721 1026 3782 babent
1041 3719 1194 3788 articulos,
1218 3719 1342 3781 sediliis
1358 3730 1446 3781 utun·

160 3830 207 3880 tur
230 3840 285 3899 pro
307 3822 540 3900 pronominibus.
587 3820 645 3882 Nos
667 3840 739 3883 uero
762 3822 856 3883 Latini
886 3842 944 3884 non
976 3824 1101 3884 iacimus
1128 3823 1268 3883 aduerbia
1296 3823 1334 3884 de
1355 3808 1447 3884 inter-

159 3921 350 3992 iectionibus,
386 3926 455 4002 quia
484 3943 544 3984 non
573 3927 670 3985 statim
701 3944 735 3986 ea
763 3925 888 3986 uerbum
916 3925 1114 4005 subsequitur.
1167 3925 1240 3987 Nam
1272 3924 1447 3986 aduerbium

161 4023 279 4094 elicitur,
303 4043 339 4084 eo
362 4025 439 4102 quod
463 4027 500 4086 sit
523 4028 602 4089 iuxta
627 4026 768 4095 uerbum,
790 4028 864 4087 istae
887 4046 958 4087 uero
975 4046 1063 4089 uoces
1085 4030 1150 4089 sine
1174 4026 1267 4089 uerbo
1290 4027 1448 4106 proferun-

229 4247 349 4293 lsulrtor
367 4244 456 4311 oleoso]
481 4247 557 4310 Vero.
576 4249 642 4298 Aen.
661 4248 705 4297 IX
723 4251 774 4299 su
842 4244 966 4313 altolto]
991 4245 1245 4311 Verp.Aen.1750
1312 4246 1449 4312 blrpetore

162 4315 192 4362 l'l
210 4311 346 4378 Virgilius]
368 4316 432 4363 Aen.
450 4315 512 4364 XII
529 4318 582 4365 883
652 4317 684 4365 18
702 4317 793 4382 capitio
812 4312 898 4381 tenus]
922 4316 1000 4380 Verp.
1022 4315 1087 4367 Aen.
1106 4315 1139 4364 11
1157 4316 1339 4369 553.·Χ536
1415 4317 1448 4363 24

160 4382 229 4430 Ante
247 4381 321 4429 uideo
340 4383 431 4431 subitis
450 4390 498 4433 etr.
516 4385 613 4447 (eliquat
630 4384 752 4434 uocabula
768 4385 905 4448 putredine
922 4389 1085 4433 euonuerunt.
1145 4384 1179 4432 25
1196 4381 1363 4445 dissyllabum
1415 4384 1448 4431 ‘ts

161 4445 249 4512 poeta]
273 4450 349 4511 Verp.
368 4450 426 4499 Eri.
445 4450 497 4499 III
516 4454 565 4501 100
665 4455 697 4502 34
716 4453 787 4500 iuxta
807 4448 921 4515 uerbum]
948 4451 979 4501 In
996 4467 1075 4515 merp.
1093 4453 1129 4501 ad
1150 4451 1212 4501 leaeo
1233 4452 1389 4516 adscriptum
1410 4456 1449 4500 est

160 4532 233 4564 manu
251 4518 348 4565 eodem:
369 4529 397 4565 ut
415 4519 481 4566 iuste
498 4519 605 4568 iudicat:
625 4521 690 4569 iuste
708 4521 856 4570 aelirerbinm
876 4530 924 4582 est,
943 4519 1038 4568 iudicat
1056 4520 1169 4568 uerbum.

228 4719 261 4767 25
280 4718 370 4768 Glosra
387 4722 482 4771 codicis
499 4722 640 4772 Beruenais
655 4723 676 4784 s.
694 4720 744 4771 17¹³
762 4737 841 4785 morp.
860 4724 934 4772 dem:
958 4722 1002 4771 llei
1021 4723 1161 4773 interiectio
1180 4732 1219 4772 est
1236 4723 1347 4772 timentis
1366 4733 1391 4771 et
1408 4734 1448 4772 est

161 4786 371 4847 monosittabom,
390 4789 456 4839 undo
474 4790 589 4839 Aretor
606 4787 660 4852 (lid.
674 4790 759 4840 Iled.
772 4789 906 4840 Beretum.
921 4790 948 4838 X
956 4807 984 4856 p.
996 4794 1047 4841 137
1059 4789 1104 4856 F):
1142 4791 1204 4840 ‘Hei
1221 4790 1284 4839 mibi
1302 4792 1352 4839 iam
1372 4791 1446 4841 uideo

161 4856 253 4907 subitis
266 4851 319 4920 (ns
328 4856 397 4920 eod.)
410 4858 514 4924 lapsura
526 4859 627 4909 ruinis.’
646 4856 695 4908 Sed
707 4857 810 4921 quando
820 4872 962 4924 pronomen
976 4870 1029 4922 est,
1046 4869 1086 4910 est
1097 4858 1265 4918 dissillebum,
1276 4868 1303 4909 ut
1314 4859 1336 4907 is
1349 4860 1404 4910 eius
1414 4860 1446 4909 ei.
