3382 5476
190 358 235 423 64
704 356 772 408 ans
792 356 968 407 nuouxuu

193 548 248 608 boc
270 557 315 608 est
342 546 506 607 secuudum
534 546 736 624 superficiem,
771 553 801 605 et
829 543 976 624 quomodo
1004 542 1168 604 secundum
1195 560 1332 613 sensum,
1365 541 1423 605 bos
1444 552 1490 605 est

192 649 356 709 secuudum
384 647 579 709 substantiam
608 645 773 725 qualitatis?
824 644 881 706 ista
910 644 1074 706 differentia
1102 652 1155 705 est
1201 642 1387 725 Vbicumque
1409 645 1491 707 euira‘

192 752 342 810 inuenitur
365 750 496 810 ‘dictus’
521 749 568 809 uel
592 748 696 807 ‘dicta’
720 746 768 806 uel
791 746 949 814 ‘dictum⁴,
979 745 1113 807 delinitio
1135 748 1201 807 soni
1223 764 1289 808 esse
1311 746 1488 817 ostenditur,

193 859 224 912 ut
247 851 357 912 ‘littera
381 844 459 911 dicta
483 858 529 910 cst
550 851 631 925 quasi
656 848 793 926 legitera,
818 866 854 908 eo
870 847 948 926 quod
965 849 1049 927 quasi
1066 847 1233 926 legentibus
1248 850 1306 909 iter
1328 846 1365 909 ad
1387 846 1490 927 legen·

192 953 260 1012 dum
284 951 442 1020 ostendit’;
465 952 537 1011 item
560 955 625 1028 ‘pes
648 949 742 1010 dictus
764 960 822 1018 est,
846 968 903 1029 quo
926 952 1009 1028 quasi
1034 959 1195 1010 metrorum
1217 967 1326 1010 cursus
1347 949 1489 1015 incedat'
1501 961 1515 1003 ὅ

194 1055 243 1113 Sic
266 1056 354 1113 etiam
376 1070 484 1112 nomeu
513 1050 665 1112 delinitur:
698 1056 823 1110 ‘nomen
847 1051 958 1110 dictum
982 1059 1042 1119 est,
1066 1054 1149 1131 quasi
1173 1058 1327 1121 notamen,
1351 1070 1388 1113 eo
1409 1050 1489 1130 quod

194 1155 279 1214 uobis
302 1153 447 1215 rroeabulo
470 1171 523 1213 suo
547 1171 594 1213 res
617 1161 701 1212 notas
724 1154 853 1212 elllciat'.
893 1152 1076 1228 Vbicumque
1099 1161 1197 1213 autem
1221 1154 1377 1214 inuenitur
1391 1154 1422 1213 in
1436 1152 1490 1213 (lc-

194 1258 328 1316 linitiuue
352 1257 430 1322 ‘est’‚
455 1255 587 1315 definitio
609 1271 728 1319 sensus,
758 1253 835 1314 idest
863 1238 1012 1334 qualitatis
1035 1272 1098 1313 esse
1121 1253 1349 1329 demonstratur,
1373 1262 1408 1315 ut
1429 1253 1490 1314 ‘lit-

194 1367 255 1418 tera
280 1366 326 1418 est
347 1375 417 1459 paqs
440 1356 559 1415 minima
583 1357 666 1415 uocis
687 1355 889 1422 articulatae:
913 1357 983 1413 item
1007 1360 1074 1433 ‘pes
1097 1365 1141 1415 est
1162 1353 1340 1434 syllabarum
1364 1363 1395 1415 et
1415 1364 1491 1417 tcm-

193 1476 299 1538 pnrum
327 1465 409 1518 certa
437 1457 656 1520 dinumeratio?
705 1457 755 1517 Sic
787 1459 874 1517 etiam
909 1455 1072 1516 secundum
1105 1456 1273 1535 qualitatem
1306 1455 1526 1519 substantiatis

196 1578 302 1621 nomen
326 1559 481 1620 delinitur:
504 1558 623 1619 ‘nomen
648 1567 693 1618 cst
714 1577 782 1637 pars
804 1559 946 1619 orationis
970 1576 1036 1617 curu
1060 1575 1129 1619 casu
1153 1576 1261 1637 coeptus
1276 1566 1326 1619 aut
1341 1577 1406 1620 rem
1421 1577 1490 1639 pro·

193 1664 257 1741 prie
280 1663 517 1721 conrmuniterue
539 1660 731 1738 significans)
761 1659 886 1730 Quando
908 1668 1006 1720 autem
1030 1660 1116 1720 dixit:
1141 1665 1261 1720 ‘nomen
1278 1667 1324 1721 est
1340 1679 1409 1740 pars
1423 1679 1489 1722 ora-

193 1765 281 1824 tionis
303 1781 371 1822 cum
394 1780 463 1822 casu
487 1780 596 1841 corpus
618 1767 667 1821 aut
692 1780 755 1821 rem
785 1763 905 1840 proprie
934 1763 1169 1821 communiteruc
1197 1762 1390 1839 significans',
1419 1770 1491 1841 quot

194 1865 382 1924 continentur
406 1864 434 1922 iu
458 1862 512 1921 bac
535 1862 724 1923 definitione?
762 1862 910 1939 Quinque.
954 1861 1053 1933 Quae?
1089 1862 1220 1923 Primum
1244 1863 1388 1933 ostendit,
1411 1862 1490 1941 quod
1543 1887 1549 1900 ·

195 1982 302 2025 nomen
326 1971 430 2023 octaua
453 1982 521 2042 pars
549 1964 690 2023 orationis
719 1972 777 2032 cst,
807 1982 875 2024 cum
898 1963 971 2024 dixit
998 1965 1123 2024 ‘nomen
1153 1973 1198 2024 est
1225 1982 1296 2044 pars
1323 1966 1526 2033 orationis';1s

195 2063 326 2126 secundo
354 2063 442 2123 modo
471 2066 612 2132 ostendit,
646 2065 723 2141 quod
752 2064 864 2125 nullum
893 2084 1001 2125 uomen
1030 2061 1099 2126 c'asu
1127 2072 1240 2133 careat,
1270 2066 1390 2143 quando
1417 2067 1492 2128 dixit

198 2169 318 2228 ‘nomen
336 2173 464 2244 estpars
480 2169 623 2227 orationis
646 2185 712 2226 cum
730 2168 822 2227 casu'.
852 2167 954 2227 Tertio
970 2167 1058 2227 modo
1074 2167 1215 2228 discernit
1230 2185 1339 2228 nomen
1355 2187 1371 2229 a
1388 2167 1490 2238 uerbo,
1541 2156 1548 2173 '

195 2290 261 2332 cum
296 2269 369 2331 dixit
402 2270 487 2329 ‘cum
511 2273 608 2338 oasu',
644 2270 710 2347 quia
743 2267 867 2328 uerbum
896 2287 955 2328 nou
983 2268 1074 2329 babet
1101 2288 1212 2331 casum.
1263 2269 1375 2340 Quarto
1402 2269 1491 2332 modo

196 2371 341 2442 ostendit,
371 2370 448 2448 quod
478 2388 566 2430 omne
594 2388 703 2431 nomen
726 2389 835 2450 corpus
858 2379 909 2431 aut
931 2389 995 2430 rem
1017 2370 1162 2449 siguificat
1184 2389 1251 2433 cum
1274 2369 1349 2432 dixit
1370 2371 1491 2453 ‘corpus

195 2482 245 2535 aut
265 2492 330 2534 rem
353 2473 475 2552 proprie
498 2474 733 2532 communiterue
755 2472 947 2549 significans’.
981 2471 1092 2542 Quinto
1108 2472 1196 2532 modo
1219 2471 1360 2534 discernit
1382 2487 1528 2535 nomeutt

196 2595 211 2636 a
235 2576 410 2655 pronomine
433 2581 462 2634 et
483 2576 654 2653 participio,
682 2591 757 2653 quae
781 2572 890 2633 babent
912 2592 1027 2648 casum,
1057 2574 1112 2635 sed
1133 2574 1372 2653 corporalitatem
1396 2583 1426 2636 et
1446 2576 1491 2635 in·

196 2675 436 2757 corporalitatem
466 2683 496 2735 et
522 2678 736 2754 proprietatem
765 2684 794 2735 et
822 2674 1049 2754 appellationem
1084 2694 1143 2736 nou
1173 2676 1392 2746 demonstrant,
1423 2695 1490 2739 cunr

196 2780 269 2840 dixit
291 2780 321 2838 in
344 2777 515 2837 delinitione
545 2778 673 2836 nominis
695 2780 816 2854 ‘corpus
838 2786 888 2836 aut
910 2796 973 2837 rem
997 2779 1118 2857 proprie
1140 2780 1376 2840 communiterue
1398 2781 1491 2857 signi·

195 2883 310 2941 licans’.
353 2879 473 2938 Nomiui
500 2886 572 2956 quot
600 2877 756 2937 accidunt?
799 2878 867 2937 Ser.
904 2877 1003 2948 Quae?
1040 2879 1172 2950 Qualitas
1199 2881 1371 2959 conparatio
1398 2896 1492 2959 genus

196 2998 339 3041 numerus
369 2979 461 3056 ligura
491 2997 589 3059 casus,
618 2978 691 3037 baec
722 2987 791 3038 sunt
819 2997 869 3038 sex
899 2979 1061 3040 accidentia
1092 2983 1232 3041 nominis.
1282 2979 1366 3042 Scire
1392 2992 1529 3043 autemss

195 3101 250 3142 nos
278 3081 431 3149 conuenit,
462 3087 535 3155 quot
562 3090 631 3140 suot
659 3079 858 3140 accidentium
887 3099 1005 3159 genera.
1052 3082 1220 3143 Secundum
1245 3085 1491 3160 augustinum

197 3185 253 3244 tria
276 3189 354 3243 suut.
401 3182 500 3251 Quae?
544 3181 621 3242 Sunt
643 3185 722 3242 enim
745 3181 931 3253 accedentia,
961 3201 1035 3261 quae
1058 3183 1204 3245 accedunt
1226 3192 1256 3245 et
1277 3184 1438 3255 recedunt,
1460 3191 1493 3245 ut

197 3285 315 3346 dolores
344 3283 441 3350 leues.
471 3285 522 3363 qui
549 3283 701 3343 saluautur
728 3303 782 3362 per
810 3284 985 3346 medicinam
1013 3295 1063 3346 aut
1092 3303 1107 3344 a
1136 3284 1192 3345 deo
1220 3295 1372 3347 sanantur.
1417 3286 1493 3348 Sunt

198 3386 211 3470 Η
228 3388 279 3448 iol.
296 3382 352 3446 80·
369 3382 380 3466 ΙΙ
396 3385 582 3454 accedentia,
607 3404 683 3464 quae
705 3385 851 3446 accedunt
872 3394 901 3446 et
924 3405 982 3447 uon
1006 3386 1161 3458 recedunt,
1192 3394 1224 3446 ut
1246 3388 1371 3449 caecitas
1394 3387 1493 3467 lepro-

195 3491 280 3555 sitas,
313 3489 370 3548 nisi
399 3505 453 3566 per
481 3486 528 3546 dei
557 3489 698 3547 uirtutem
727 3496 879 3549 sanantur.
923 3489 996 3549 item
1024 3498 1092 3549 sunt
1120 3487 1307 3561 accedentia,
1335 3507 1411 3567 quae
1439 3488 1530 3550 ali-so

196 3590 313 3671 quando
341 3588 486 3675 accedunt
513 3596 543 3648 et
565 3587 721 3667 aliquando
750 3590 909 3657 recedunt,
938 3590 1012 3649 sieut
1040 3593 1200 3668 uuicuique
1227 3589 1364 3652 uoluntas
1390 3592 1491 3661 luerit,

195 3696 271 3753 sicut
293 3689 408 3749 accedit
431 3690 540 3767 lrigus:
570 3691 595 3749 si
618 3689 654 3749 ad
677 3692 775 3769 iguem
799 3693 933 3761 ueneris,
958 3691 1072 3753 recedit
1094 3693 1203 3770 trigus;
1233 3692 1345 3755 aceedit
1366 3691 1421 3754 tibi
1443 3711 1491 3754 ca·

196 3794 255 3854 lor:
279 3794 373 3851 intras
396 3792 424 3849 in
448 3810 553 3869 nquam
577 3791 729 3868 frigidam,
753 3793 833 3854 calor
854 3793 977 3854 recedit.
1022 3793 1153 3865 Qualitas
1176 3797 1328 3856 nominum
1352 3794 1492 3874 bipertita

197 3903 254 3954 est:
279 3901 330 3954 θυι
352 3893 429 3953 enim
452 3894 571 3972 propria
596 3902 667 3954 suut
688 3897 807 3955 nomina
831 3903 882 3955 aut
903 3894 1090 3975 appellatiua.

263 4063 355 4113 droul
374 4063 432 4111 soui
474 4062 623 4128 llagittern
666 4058 772 4125 bitem]
791 4063 839 4111 iter
881 4062 1012 4114 db'omeu
1031 4065 1124 4114 dictum
1144 4061 1192 4130 est]
1211 4066 1245 4129 cs.
1258 4065 1392 4131 latuit,
1406 4070 1432 4119 3.
1476 4069 1492 4119 ‘l

196 4130 288 4180 alliciet
322 4130 478 4180 ilnrticulute
513 4130 651 4180 llll'cmeu
662 4128 712 4194 est]
723 4132 859 4193 cfiDorrut.
869 4148 895 4195 p.
906 4135 989 4194 355,5
1024 4147 1211 4196 corpusuuteur
1247 4134 1491 4192 12011auduautem

196 4196 257 4262 etc]
276 4199 310 4261 cs.
325 4195 431 4264 [Serpit]
447 4204 580 4264 explanat.
594 4201 619 4248 t'n
632 4200 699 4249 Dan.
712 4216 738 4262 p.
752 4201 810 4259 189,
822 4201 853 4248 31
864 4215 918 4264 seq.
929 4199 967 4249 K.
1025 4204 1056 4250 13
1069 4212 1215 4250 eumuterue
1267 4203 1337 4265 quod
1349 4205 1492 4254 continetur

197 4266 399 4316 ttnttun'uione
433 4284 482 4329 que
518 4268 548 4316 tt
561 4263 690 4331 disceruit]
703 4267 782 4315 diruit
834 4267 973 4316 lticas¹um
1009 4271 1101 4330 ‘thxre
1135 4271 1236 4322 sedum.
1281 4271 1494 4322 22demonstra⁹t

195 4337 227 4385 23
237 4337 404 4384 cummuniter
415 4351 445 4384 ue
479 4336 513 4383 ‘24
521 4333 547 4383 Δ
557 4332 669 4394 Nummi,
683 4350 747 4399 queue
757 4336 875 4398 discipuli
887 4336 1070 4400 interropnntis
1078 4338 1229 4402 sipniflcntr’o
1239 4354 1292 4388 cum
1304 4356 1354 4388 non
1368 4342 1419 4390 uisi
1431 4357 1492 4405 per·

194 4419 257 4452 raro
265 4404 361 4466 passim
369 4419 420 4451 una
428 4418 481 4452 cum
490 4404 606 4466 nupturi
613 4403 793 4466 respondentia
801 4405 873 4465 ripun
883 4411 908 4452 et
917 4406 1004 4454 eodem
1012 4407 1143 4455 rarissime
1151 4402 1312 4471 positoffl)
1323 4408 1394 4458 nobis
1403 4424 1492 4459 occur-

195 4478 238 4519 rat
249 4473 275 4519 in
287 4470 334 4519 boc
345 4472 450 4534 scripto,
463 4485 518 4518 eam
528 4470 606 4532 piune
618 4476 740 4520 contextu
751 4485 852 4519 mouere
863 4477 944 4521 cattus
953 4473 1077 4535 duximus,
1097 4490 1170 4539 quam
1181 4475 1344 4537 multifarium
1355 4478 1492 4528 inserendo

195 4541 315 4588 tectorum
323 4537 492 4587 beniuolentia
500 4536 577 4586 abuti.
613 4541 682 4599 quod
717 4539 955 4604 que,feresemper
989 4543 1164 4592 bononorum
1200 4543 1344 4592 accedentia
1378 4547 1492 4594 itincre·

196 4606 426 4669 dentiaingenera
460 4604 607 4668 agitaturum
651 4608 750 4655 titrea
784 4606 943 4675 accedenda]
957 4610 1017 4660 Hoc
1029 4613 1085 4662 loro
1096 4619 1122 4660 et
1134 4613 1160 4660 in
1171 4611 1332 4676 sequentibus
1344 4613 1372 4660 td
1383 4615 1493 4664 uocatu·

196 4676 243 4719 tum
258 4679 401 4737 propterea
418 4675 548 4735 corripere
566 4673 690 4732 dubitaui,
713 4674 782 4739 quod
801 4689 850 4724 uon
868 4679 900 4726 de
918 4679 1072 4738 accidendo,
1091 4680 1139 4729 sed
1155 4681 1187 4728 de
1203 4681 1349 4729 accedendo
1366 4684 1492 4745 coptum

195 4741 347 4801 scriptorem
357 4741 474 4805 sequenti
485 4741 630 4803 defiuitione
642 4742 824 4806 conprobatur,
842 4745 876 4808 cf.
890 4763 954 4812 quae
967 4762 1003 4798 ecc
1016 4742 1162 4813 [Clementia
1173 4742 1255 4811 Santi]
1274 4755 1331 4796 arte
1342 4750 1400 4801 cod.
1410 4748 1492 4800 Bern.

197 4806 533 4872 ¹23s01-8leaecerptt'mu8·
569 4808 660 4857 redunt
693 4809 727 4858 28
736 4811 829 4859 cecitas
864 4817 896 4866 33
907 4812 1020 4873 Qualitas
1030 4809 1093 4880 etc]
1103 4814 1356 4864 Suntoonattoerta
1363 4819 1492 4880 persa.
