3382 5476
635 368 911 443 uturaanurma
931 369 1144 423 ssauouvu.
1467 368 1529 434 att

323 553 404 613 lnter
427 555 537 614 llumen
561 562 589 614 et
612 555 734 615 fluuium
758 562 787 614 et
809 572 925 616 amnem
949 564 979 617 et
1007 565 1170 618 torrentem
1197 556 1255 617 boc
1281 558 1420 626 interest,
1449 556 1529 635 quod

235 659 347 730 flamen
370 673 390 714 α
413 655 505 715 liuere
533 655 656 725 dieitur,
690 656 800 716 fluuius
829 657 1000 737 temporalis
1028 676 1101 738 aqua
1132 665 1189 729 est,
1224 658 1320 719 amnis
1349 658 1386 718 ab
1415 657 1527 720 ambitu

238 756 479 833 cognominatur,
504 764 635 826 torrens,
664 758 715 833 qui
738 756 835 816 bieme
857 758 1058 820 intumescens
1084 759 1232 820 imbribus
1254 758 1433 840 niuibusque
1455 778 1527 821 con·

238 856 352 937 pietur,
378 865 487 918 aestate
511 865 657 934 torretur,
680 856 758 918 idest
780 859 919 921 siccatur.

210 974 224 1012 s
322 959 404 1019 lnter
426 960 615 1019 innocentem
639 969 668 1019 et
690 962 848 1021 innocuum
872 960 928 1020 boc
950 963 1088 1031 interest,
1112 961 1190 1042 quod
1205 963 1349 1023 innocens
1371 962 1528 1024 sanctitate

237 1079 352 1121 morum
376 1060 566 1139 intellegitur,
589 1062 750 1130 innocuus,
774 1063 824 1139 qui
847 1062 974 1123 nocendi
996 1064 1057 1124 uim
1079 1081 1139 1124 non
1163 1061 1262 1124 babet.

320 1162 401 1223 luter
423 1179 600 1239 generosum
624 1170 654 1222 et
675 1162 805 1223 nobilem
832 1162 890 1222 boc
917 1163 1056 1230 interest,
1085 1163 1164 1243 quod
1191 1181 1353 1242 generosus
1375 1183 1411 1226 ex
1434 1164 1527 1226 nobili

236 1283 348 1342 genere
371 1264 512 1331 nascitur.
537 1263 645 1324 nobilis
668 1263 808 1343 operibus
832 1262 878 1325 uel
901 1263 1008 1344 opibus
1029 1265 1069 1325 iit.

320 1366 400 1427 lnter
423 1367 538 1442 regium
561 1373 591 1425 et
612 1365 743 1443 regalem
766 1364 823 1426 boc
843 1367 983 1436 interest,
1008 1364 1085 1443 quod
1108 1367 1209 1444 regius
1230 1383 1306 1445 puer
1329 1374 1387 1437 est,
1415 1366 1526 1446 regalis

198 1484 223 1521 10
236 1488 304 1536 rex,
328 1469 379 1546 qui
401 1469 479 1544 regit
500 1484 634 1543 regnum.

320 1567 399 1629 luter
427 1576 575 1629 amentem
605 1577 635 1627 et
663 1568 830 1628 dementem
857 1567 914 1627 boc
942 1569 1080 1636 interest,
1111 1568 1190 1645 quod
1218 1586 1320 1630 amens
1341 1577 1403 1631 tota
1426 1579 1526 1632 mente

235 1677 329 1741 earet,
353 1670 492 1748 demens,
516 1671 565 1748 qui
588 1679 702 1749 partem
726 1670 850 1739 retinet,
874 1671 959 1747 quasi
982 1667 1151 1730 deminutus
1172 1677 1258 1750 parte
1281 1672 1398 1731 mentis.

321 1772 401 1832 lnter
429 1769 560 1850 pecudes
582 1779 612 1829 et
632 1788 740 1849 pecora
768 1771 825 1831 boc
852 1772 991 1840 interest,
1020 1771 1100 1848 quod
1129 1773 1261 1852 pecudes
1283 1780 1432 1849 tamquam
1454 1792 1526 1834 oues

236 1882 347 1934 tantum
370 1874 546 1953 accipimus,
571 1890 678 1951 pecora
702 1881 800 1932 autem
821 1873 951 1934 mixtura
974 1874 1105 1933 omnium
1129 1871 1309 1935 animalium.

196 1995 220 2034 rs
320 1975 398 2050 lnter
420 1975 624 2035 demonstrare
648 1980 678 2032 et
700 1980 866 2034 monstrare
888 1973 945 2034 boc
966 1975 1106 2044 interest,
1130 1973 1208 2054 quod
1231 1982 1397 2037 monstrare
1420 1973 1523 2045 semel.

233 2077 436 2138 demonstrare
459 2084 558 2137 autem
579 2077 705 2155 saepius.
1323 2065 1327 2075 '

315 2178 396 2239 luter
418 2177 539 2237 diuitem
564 2187 594 2237 et
615 2177 773 2238 honestum
797 2183 827 2238 et
848 2177 1044 2255 pecuniosum
1067 2184 1096 2236 et
1111 2175 1289 2256 locupletem
1306 2184 1335 2239 et
1350 2177 1523 2258 opulentem

232 2290 261 2340 et
284 2279 402 2340 beatum
432 2279 487 2339 boc
514 2281 653 2346 interest,
685 2277 763 2354 quod
791 2277 877 2339 diues
904 2294 977 2338 auro
1000 2285 1029 2337 et
1051 2285 1189 2355 argento,
1218 2277 1362 2340 honestus
1391 2279 1525 2341 moribus

232 2381 341 2441 dicitur
370 2393 399 2441 et
426 2379 567 2458 dignitate
596 2386 626 2438 et
653 2378 832 2447 bonoribus,
862 2380 1041 2458 pecuniosus
1068 2398 1085 2440 a
1112 2378 1272 2458 pecoribus
1294 2379 1418 2450 dicitur,
1441 2379 1523 2443 locu·

193 2483 340 2562 sopletem
364 2482 426 2559 agri
450 2482 574 2542 iaciunt:
605 2480 715 2542 dicitur
737 2478 849 2561 abeo,
879 2477 959 2559 quod
983 2481 1022 2540 sit
1049 2479 1106 2540 loci
1135 2480 1258 2560 plenus,
1288 2479 1447 2561 opulentus
1475 2481 1523 2544 bis

231 2584 369 2644 omnibus
391 2581 513 2662 plenae,
537 2581 616 2642 beati
638 2581 676 2641 ab
698 2582 807 2640 animo.

316 2684 396 2746 luter
419 2683 515 2763 palam
539 2690 569 2744 et
590 2701 691 2743 coram
714 2682 770 2741 boc
785 2682 922 2751 interest,
945 2681 1023 2761 quod
1046 2681 1142 2762 palam
1166 2683 1299 2744 omnium
1322 2686 1521 2763 praesentiam

230 2794 328 2856 notat,
352 2805 452 2847 eoram
476 2802 634 2865 personam
658 2784 794 2862 accipere
816 2782 974 2845 desiderat.

316 2888 395 2948 luter
425 2885 523 2947 album
555 2893 584 2946 et
611 2872 771 2946 candidum
807 2884 864 2944 boc
891 2886 1031 2955 interest,
1067 2883 1146 2962 quod
1175 2883 1274 2947 album
1303 2886 1439 2949 naturale
1466 2895 1520 2957 est,

191 2988 388 3050 aseandiduut
413 3007 482 3049 cura
506 2989 585 3048 lacit.

298 3211 311 3258 1
325 3220 350 3257 et
361 3206 427 3256 auam
439 3211 459 3256 Α
478 3222 587 3269 amnem,
599 3223 646 3258 om.
657 3204 711 3256 etC
762 3205 831 3267 quod
844 3205 921 3254 lluem
929 3204 1021 3255 dieitur
1030 3207 1054 3254 A
1071 3205 1141 3268 quod
1151 3205 1256 3255 llumina
1266 3205 1522 3271 pluralitardicuutur

230 3278 323 3325 llrruius
343 3275 489 3339 temporalis
502 3273 543 3323 ΒΟ
594 3273 781 3323 adamatica
833 3273 1145 3336 3cognominatmomss
1179 3287 1254 3335 quem
1267 3275 1291 3322 A
1325 3274 1470 3325 intumescit
1482 3275 1522 3326 ΒΟ

228 3347 245 3393 4
262 3354 342 3394 estate
354 3345 373 3393 Β
391 3344 484 3391 llomen
503 3357 517 3390 a
536 3342 613 3391 tluere
630 3341 731 3403 dieitur,
744 3342 838 3389 llumen
850 3354 865 3389 a
878 3339 1012 3404 temporali
1022 3354 1089 3402 aqua
1101 3350 1149 3404 ast,
1161 3353 1250 3389 amnes
1262 3341 1294 3389 ab
1310 3343 1406 3391 amnica
1424 3356 1523 3408 cogno·

228 3413 353 3474 minatur,
375 3421 474 3459 torrens
492 3411 536 3472 qui
554 3409 645 3472 hyeme
662 3409 808 3457 intumescit
824 3417 848 3456 et
864 3406 1181 3472 imbribus-completur
1194 3406 1365 3469 Gotbofredas
1380 3424 1409 3473 p.
1422 3412 1454 3458 ⁷9
1504 3412 1521 3461 6

228 3480 375 3544 intelligitur
387 3480 511 3527 innocuus
524 3478 568 3538 qui
581 3491 631 3525 uon
644 3475 720 3525 habet
731 3477 783 3525 uim
795 3473 929 3523 innocendi
939 3474 959 3523 Β
971 3475 1093 3522 innocens
1102 3501 1135 3510 —
1144 3474 1191 3536 qui
1199 3488 1249 3523 uon
1262 3473 1337 3524 babet
1349 3476 1400 3524 uim
1412 3477 1521 3527 nocendi

229 3547 247 3595 Ο
267 3548 383 3608 Gctbosr.
395 3563 422 3610 p.
435 3549 476 3602 80,
494 3546 530 3606 cs.
542 3546 617 3608 Retff.
628 3559 655 3607 p.
665 3546 721 3592 270·
767 3544 782 3591 'l
794 3540 864 3602 quod
875 3542 914 3590 sic
924 3553 1098 3605 generosuaua
1110 3541 1134 3590 A
1151 3541 1220 3602 quod
1232 3555 1374 3605 &cerasus
1392 3544 1521 3606 nascendo

228 3617 345 3679 ⁰peribtts
363 3615 396 3663 sit
414 3615 446 3674 B,
465 3615 562 3676 aliquot
578 3610 806 3672 uerborumapatio
816 3609 916 3662 relicto.
951 3621 1092 3672 generosus
1105 3609 1220 3658 nascitur
1231 3607 1372 3669 (nascendo
1382 3607 1520 3674 C)nobilis

229 3683 320 3747 opibus
335 3680 393 3729 fitC
412 3681 584 3741 Gothosredos
595 3695 620 3740 p.
631 3679 665 3726 80
715 3676 810 3726 stater
821 3689 908 3740 regem
920 3685 945 3725 et
956 3673 1100 3740 regalemG
1134 3675 1184 3725 hoc
1195 3685 1233 3724 eat
1245 3676 1341 3726 interB
1375 3679 1444 3743 regis
1456 3693 1521 3744 puer

229 3750 247 3798 Ο
281 3765 345 3814 puer
357 3748 450 3812 regalis
463 3757 502 3794 eat
513 3745 554 3795 ΒΟ
589 3745 654 3793 luter
666 3744 765 3807 regium
778 3752 803 3791 et
813 3756 899 3806 regem
913 3741 961 3791 ltoc
973 3744 1089 3802 interest,
1107 3743 1178 3804 quod
1190 3743 1277 3808 regius
1289 3745 1520 3811 puerregaliaest,

229 3832 273 3865 rex
291 3817 351 3879 quia
369 3817 433 3878 regit
452 3828 557 3878 regnum
572 3812 690 3874 Gothosr.
701 3827 727 3874 p.
738 3813 779 3867 80,
798 3811 832 3873 ef.
843 3810 919 3875 Idet'ff.
930 3825 959 3874 p.
971 3813 1024 3860 288
1092 3811 1122 3860 li
1136 3821 1189 3860 tota
1201 3821 1286 3861 menta
1296 3813 1321 3861 A
1338 3814 1364 3862 in
1382 3823 1434 3863 toto
1452 3826 1521 3865 caret

229 3894 311 3931 metite
330 3882 370 3930 ΒΟ
439 3883 470 3930 ta
488 3880 624 3941 qraiomll
658 3878 763 3928 demens
776 3878 845 3942 per⁸e
856 3875 982 3927 mentisC
998 3879 1106 3944 reliquia
1121 3880 1219 3930 amicata
1252 3880 1344 3930 retinet
1354 3881 1428 3944 quasi
1440 3880 1521 3931 demi-

228 3962 303 3999 nutus
322 3959 394 4014 parte
410 3963 457 3998 om.
475 3948 495 3995 B
513 3961 600 3995 ameris
619 3948 644 3995 in
663 3956 742 3994 totum
760 3956 829 3995 caret
845 3955 937 4004 mente,
955 3945 1060 3995 demens
1077 3956 1176 4011 partem
1193 3946 1378 3997 retinetdiotna
1394 3947 1520 3998 diminuta

229 4031 299 4082 parte
312 4016 403 4064 nieittis
415 4015 585 4077 Gotbofredas
595 4032 623 4079 p.
633 4017 667 4064 80
735 4015 767 4064 13
778 4013 907 4078 pellicere,
916 4009 985 4064 tac
1019 4013 1130 4078 pecudes
1142 4022 1240 4063 tantum
1252 4029 1314 4065 oues
1326 4016 1466 4081 accipimus
1478 4016 1520 4066 ΒΟ

228 4089 259 4135 14
276 4084 423 4134 otrirnalium
442 4093 481 4131 est
493 4082 533 4131 ΒΟ
551 4083 659 4147 pecudea
672 4091 769 4131 tontum
782 4095 845 4130 oues
856 4081 995 4147 accipimus
1006 4107 1037 4116 -
1047 4080 1195 4131 animalium
1207 4092 1247 4131 eat
1256 4081 1428 4145 Gotboliedru
1437 4099 1465 4148 p.
1475 4087 1517 4145 80,

227 4154 261 4215 rs.
273 4155 349 4217 lteiff.
362 4169 389 4215 p.
402 4154 451 4201 286
521 4153 552 4201 15
570 4152 596 4198 iu
615 4162 757 4198 monstrare
774 4160 798 4197 et
809 4148 1016 4198 demonstrareB
1032 4158 1207 4198 monstramus
1224 4145 1298 4198 aem⁶¹
1314 4149 1519 4201 demonstramus

225 4216 1519 4352 attaetmsatietaticitabatur-‚tattaeus'⁸⁰12saltabat

227 4371 340 4417 auroque
358 4355 377 4403 Β
396 4355 469 4403 diues
487 4368 550 4402 auro
566 4351 756 4418 argentoquec
824 4354 855 4402 ta
867 4351 959 4401 dicitur
970 4367 1017 4402 om.
1027 4348 1067 4399 ΒΟ
1102 4360 1127 4401 et
1138 4350 1474 4402 bonoribusdicitorbeatos
1485 4354 1518 4403 ab

227 4425 312 4471 arrimo
331 4421 481 4487 locupletem
499 4422 555 4486 agri
573 4420 669 4469 iaciunt
687 4416 729 4470 ΒΟ
791 4421 825 4470 20
842 4419 925 4469 dietus
943 4417 964 4466 Β
998 4418 1062 4467 locis
1080 4417 1176 4484 plenus,
1189 4417 1232 4467 ΒΟ
1298 4421 1330 4470 at
1349 4418 1390 4469 bis
1408 4435 1456 4471 ont.
1474 4419 1518 4472 ΒΟ

227 4493 345 4540 erunibus
364 4490 438 4538 bouis
458 4489 548 4554 plenus
567 4499 687 4550 tanquam
699 4484 839 4552 (tamquam
849 4485 878 4549 Ο)
899 4486 1018 4552 operibus
1027 4486 1132 4553 (opibus
1142 4484 1174 4547 Ο)
1192 4487 1247 4536 suia
1260 4487 1374 4537 emineas
1384 4484 1426 4538 ΒΟ
1443 4487 1517 4538 mnes

225 4574 287 4607 atrro
305 4569 476 4621 argentoque,
494 4556 618 4605 honestus
637 4556 750 4604 moribus
767 4554 872 4612 dicitur,
893 4554 1048 4620 pecuniosus
1065 4569 1081 4602 a
1098 4553 1233 4619 pecoribus
1251 4553 1356 4616 dicitm,
1378 4554 1467 4604 beatus
1485 4555 1518 4604 ab

226 4627 321 4684 auimo,
334 4624 450 4689 locuples
463 4625 494 4672 ab
507 4638 537 4673 eo
549 4624 620 4685 quod
632 4624 666 4672 sit
676 4622 740 4672 loeis
750 4622 852 4686 plenus,
861 4620 996 4687 opulentus
1010 4620 1128 4671 omuibus
1137 4621 1178 4671 bis
1190 4621 1280 4687 plenus
1290 4632 1410 4684 tanquam
1424 4623 1517 4687 opibus

226 4695 281 4742 suis
300 4694 414 4741 eminens
428 4692 599 4753 Gotllofredna
611 4707 637 4755 ρ.
647 4693 680 4741 80
748 4691 781 4739 22
794 4688 924 4752 bominum
936 4689 1108 4754 praesentiam
1118 4689 1313 4755 (praesentium,
1326 4705 1396 4742 corr.
1408 4690 1472 4738 -iam
1485 4689 1517 4751 Ο)

227 4759 266 4810 ΒΟ
285 4761 397 4809 omniunt
412 4760 620 4823 praeseutiumn
682 4760 715 4808 23
726 4757 847 4821 accipeb
865 4772 912 4807 om.
922 4755 963 4806 ΒΟ
998 4756 1516 4819 alambomioum-daaideratdotdofr.

224 4847 250 4894 p.
264 4832 304 4881 80.
317 4832 358 4890 01,
371 4827 405 4888 cf.
417 4828 493 4891 Reiff.
506 4845 533 4892 p.
543 4829 594 4876 286
650 4827 684 4875 at
695 4825 762 4874 luter
773 4823 858 4873 album
868 4851 900 4862 -
908 4837 969 4873 cura
980 4771 1041 4874 ducit
1052 4840 1099 4876 ortt.
1109 4825 1142 4888 Α,
1153 4826 1216 4880 odd.
1225 4822 1268 4876 ΒΟ
1279 4832 1305 4876 et
1317 4824 1435 4887 Gotbofrt
1445 4827 1516 4889 1).οΙ
