3382 5476
629 381 679 430 nt:
697 379 834 431 nouam
853 380 1055 435 etttoulssvs,
1427 395 1488 444 XCI

511 638 519 649 ·
648 643 657 660 ἡ
692 634 709 648 η
841 567 986 663 J[Scrgii]
1010 567 1233 648 explanationes
1255 571 1286 630 in
1309 570 1383 630 lion.
1406 568 1488 631 lib.l

302 652 353 694 ’ἢ
376 635 536 696 B⁰m⁰¹¹⁵¹⁵
559 636 625 696 md·
647 632 724 696 20¹³
1020 669 1132 731 codicis
1154 671 1324 731 Lauantini:

242 807 272 866 p.
297 784 368 854 156,
389 784 441 848 28.
463 784 505 849 29
527 788 731 849 coniunctioni
753 792 830 851 acci·
899 808 928 868 p.
945 786 1017 856 515,
1034 785 1205 858 39-516,
1221 787 1243 851 5
1258 790 1489 851 Coniunctiones

196 889 276 949 dunt
289 899 420 968 potestas
434 890 526 967 figura
542 891 626 950 ordo.
649 891 698 966 Cf.
711 910 744 968 p.
761 900 828 966 516,
842 882 846 1017 Ι
858 890 978 968 quidem
1001 890 1111 951 multae
1133 901 1218 959 sunt;
1249 892 1301 951 sed
1329 892 1488 971 conpendii

196 998 238 1050 33
258 993 317 1052 K„-
354 989 486 1052 Diximus
513 992 592 1071 quod
615 995 669 1053 tria
693 993 947 1054 acciduuccausa
963 994 1148 1053 institutores
1170 993 1255 1054 huitts
1278 995 1351 1054 artis
1372 996 1402 1054 in
1421 993 1489 1054 bre·

196 1090 416 1160 coniunctioni,
438 1102 569 1170 potestas
590 1095 683 1172 ligura
706 1094 789 1155 ordo.
859 1112 925 1154 uem
963 1093 1164 1154 definitionem
1201 1093 1385 1173 collegerunt
1417 1115 1488 1157 con·

842 1196 1034 1339 'iunctiones
1088 1196 1161 1257 Nam
1194 1215 1262 1257 curn
1299 1206 1489 1259 enumeratae

843 1299 915 1365 ¹sint
936 1296 1099 1375 plurimae,
1122 1299 1197 1360 adeo
1219 1317 1278 1358 non
1302 1317 1406 1359 omnes
1428 1298 1489 1360 col·

842 1370 950 1467 llectae
977 1409 1061 1467 sunt,
1091 1408 1123 1461 ut
1145 1403 1176 1460 itt
1204 1418 1260 1460 usu
1287 1403 1487 1480 reperiantur,

841 1482 932 1595 {quae
954 1501 985 1559 in
1007 1511 1071 1561 arte
1099 1503 1227 1581 scriptae
1257 1519 1316 1561 non
1343 1513 1427 1572 sunt,
1456 1514 1489 1564 ut

841 1598 902 1673 {cst
924 1600 1063 1662 huiusce:
1086 1604 1256 1663 coniunctio
1279 1614 1336 1670 est,
1359 1606 1488 1683 quaein

841 1682 920 1783 lette
940 1721 1088 1789 nusquam
1111 1714 1155 1764 est
1176 1703 1380 1766 adnumerata.

239 1825 272 1884 p.
288 1802 360 1872 156,
371 1801 421 1866 29.
438 1803 481 1867 30
502 1806 633 1866 Potestas
648 1808 830 1867 coniunctio·
898 1823 927 1883 p.
949 1801 1028 1873 516,
1051 1804 1081 1867 5.
1104 1803 1125 1866 6
1153 1805 1289 1886 Quinque
1317 1815 1388 1867 sunt
1416 1825 1487 1869 con·

197 1910 245 1968 nis
271 1909 424 1987 l'species
446 1905 548 1968 haltet:
572 1918 622 1968 aut
643 1905 830 1987 copulatiuae
856 1906 1041 1967 iunctionum
1057 1908 1301 1986 significationes:
1324 1917 1393 1968 sunt
1408 1909 1487 1969 enim

195 2019 247 2070 aut
272 2009 470 2070 disiunctiuae
503 2018 552 2069 ant
584 2009 750 2089 expletiuae
781 2022 831 2071 aut
857 2006 1042 2087 copulatiuae
1085 2009 1281 2070 disiunctiuae
1323 2009 1488 2088 expletiuae

194 2110 333 2171 causales
355 2120 405 2170 aut
428 2111 593 2171 rationales
857 2111 990 2171 causales
1012 2109 1182 2172 rationales.

238 2232 270 2292 p.
297 2208 369 2279 156,
389 2209 516 2273 31-33
538 2213 728 2292 Copulatiuae
751 2224 829 2282 sunt,
898 2232 926 2292 p.
950 2209 1028 2281 516,
1052 2209 1147 2273 ’1-9
1174 2211 1364 2292 Copulatiuae
1393 2212 1489 2274 dictae

194 2333 274 2394 qnae
302 2324 332 2374 ct
355 2316 449 2374 uerba
477 2323 506 2374 et
532 2333 649 2375 sensnm
680 2315 829 2395 copulant,
857 2323 926 2373 sunt
953 2332 1004 2383 co,
1039 2314 1117 2393 quod
1148 2333 1266 2374 sensuro
1296 2317 1486 2394 coniungant.

195 2425 228 2476 ut
255 2423 327 2495 puta
364 2421 439 2493 ‘ego
468 2426 498 2476 et
525 2423 556 2475 tu
584 2421 713 2477 eamus'.
764 2400 980 2493 Noleuando
1003 2415 1082 2477 dico:
1105 2418 1173 2494 ‘ego
1195 2425 1221 2474 ct
1244 2427 1276 2477 tu
1296 2421 1419 2486 eamus’.
1443 2421 1488 2479 ui·

194 2517 293 2578 solum
317 2516 409 2577 uerba
432 2519 588 2578 coniuncta
611 2528 693 2587 sunt,
727 2518 778 2579 sed
801 2496 925 2586 etldes,
954 2517 1033 2595 quod
1062 2519 1233 2578 coniunctio
1266 2536 1385 2579 sensuro
1417 2538 1487 2579 con-

193 2637 303 2679 sensus
335 2620 529 2696 significatur.
588 2619 717 2680 Dicimus
750 2586 965 2698 entmltungtt:
1003 2629 1160 2697 utrumque
1194 2621 1272 2680 enim
1303 2622 1347 2682 ire
1376 2620 1488 2682 debere

193 2724 265 2799 ‘ego
288 2729 318 2780 et
341 2724 396 2789 tu',
420 2739 480 2781 non
501 2724 568 2798 ‘ego
590 2730 641 2782 aut
663 2725 717 2783 tu’.
841 2698 998 2782 'ostendit

238 2841 269 2901 p.
288 2819 358 2887 156,
374 2819 501 2882 33—36
524 2822 739 2894 Disiunctiuae,
756 2844 830 2905 quae
899 2843 927 2903 p.
949 2820 1021 2890 516,
1044 2820 1149 2884 9-13
1172 2824 1370 2885 Disiunctiuae
1392 2825 1488 2886 dictae

195 2923 290 2985 uerba
314 2924 500 3001 disiungunt,
523 2925 575 2984 sed
598 2944 715 2986 sensnm
739 2908 941 3006 copo-‘suut,
970 2943 1029 2985 non
1051 2925 1131 3005 quod
1155 2925 1350 2987 elocutionem
1374 2926 1485 2988 disiun-

193 3025 273 3093 lant.
298 3035 330 3085 ut
353 3035 400 3086 cst
418 3027 503 3086 ‘aut'.
534 3025 605 3087 Nam
629 3027 747 3107 quando
764 3006 832 3088 dico
856 3036 940 3105 gant,
964 3027 1017 3088 sed
1040 3026 1117 3104 quod
1141 3045 1275 3096 sensnm,
1300 3039 1331 3089 ut
1353 3048 1420 3090 cum
1442 3029 1485 3090 di·

194 3131 259 3188 ‘aut
283 3146 341 3205 ego
364 3136 413 3187 aut
436 3131 489 3194 tu',
516 3127 608 3188 uerba
631 3129 747 3207 quidem
771 3129 829 3189 dis·
857 3132 952 3189 cimus
964 3132 1032 3206 ‘ego
1046 3139 1096 3190 aut
1111 3138 1142 3189 tu
1158 3133 1281 3199 eamus’.
1299 3148 1358 3190 non
1373 3140 1487 3192 utrum·

194 3231 297 3291 iuncta
312 3239 399 3298 sunt,
420 3247 523 3289 sensus
536 3238 635 3291 tomen
658 3234 829 3309 copulatur.
857 3248 929 3307 que,
963 3231 1016 3290 sed
1046 3230 1170 3292 alterum
1202 3234 1312 3292 iturum
1341 3232 1486 3300 ostendit:

195 3332 271 3393 Nam
311 3333 363 3407 qui
402 3330 472 3390 dicit
509 3336 576 3409 ‘ego
605 3342 655 3392 aut
684 3337 739 3400 tu’,
769 3352 829 3394 non
856 3331 984 3393 elocutio
999 3343 1097 3393 tamen
1113 3335 1313 3411 coniungitur.
1349 3334 1486 3395 Ceterum

194 3434 270 3494 dicit
299 3434 431 3510 ‘utrique
462 3435 585 3502 eamus,
619 3433 670 3494 sed
700 3437 791 3495 ‘nnus
813 3455 830 3495 e
855 3436 880 3492 si
903 3433 1102 3494 elocutionem
1131 3453 1249 3514 quoque
1271 3437 1485 3514 disittngerent,

194 3534 338 3594 duobus’.
855 3554 905 3596 res
927 3538 1076 3596 contraria
1098 3537 1261 3605 accideret,
1291 3549 1323 3599 ut
1344 3540 1485 3599 coniunc-

855 3639 928 3697 tioni
950 3637 1108 3698 disiunctio
1130 3638 1312 3699 cohaereret.
1323 3639 1348 3717 ⁸)

235 3758 266 3818 p.
286 3735 356 3805 151,
375 3734 457 3797 1-5
480 3738 631 3816 Expletiua
648 3741 827 3809 coniunctio,
899 3759 927 3819 p.
950 3737 1167 3808 51613-20
1188 3739 1361 3820 Expletiuac
1383 3740 1486 3801 dicuu-

192 3859 271 3919 quae
287 3840 386 3899 addita
402 3849 502 3908 ornat,
526 3839 656 3900 detracta
665 3889 772 3911 ......
797 3852 828 3902 ut
855 3853 903 3902 tur
927 3842 1165 3911 coniunctiones,
1195 3861 1269 3923 qnae
1291 3859 1411 3902 sensum
1435 3862 1485 3901 cx·

194 3943 280 4003 estsi
297 3942 402 4001 dixero
418 3940 466 4000 ‘ad
482 3936 694 4004 domum‘uade
709 3944 828 4004 saltim’:
856 3944 952 4022 pient,
975 3962 1050 4023 quac
1072 3945 1149 4023 apud
1166 3945 1294 4006 Graecos
1309 3943 1485 4022 παραπλη-

193 4044 285 4105 ‘trade
308 4043 345 4103 ad
369 4042 502 4104 domum‘
525 4043 643 4106 ornabit
665 4044 828 4124 eloquutio·
856 4045 1041 4126 ρωματικοί
1059 4045 1208 4107 dicuutur.
1255 4045 1312 4105 Sed
1336 4045 1413 4123 apud
1436 4065 1487 4105 eos

192 4148 241 4207 nis
261 4164 385 4206 sensum
402 4154 432 4204 et
447 4145 585 4222 potttleris
606 4147 717 4226 aliquid
741 4148 828 4207 addet
855 4167 891 4207 er
919 4147 1079 4209 abundanti
1112 4156 1262 4226 ponuntur
1292 4156 1321 4206 et
1349 4158 1485 4207 ornatum

192 4251 328 4322 †minus
356 4249 376 4307 i.
400 4265 435 4306 ac
457 4249 481 4306 si
504 4248 640 4308 dixisset:
670 4253 827 4327 ‘magnum
855 4258 967 4309 tanturn
997 4248 1122 4317 habent,
1152 4250 1228 4328 apud
1257 4266 1311 4307 nos
1338 4259 1367 4309 ct
1395 4254 1486 4309 ratio·

192 4350 315 4410 esttibi
345 4351 433 4409 etiam
463 4348 567 4408 domus
595 4358 642 4409 tua
666 4353 826 4423 †tantunt,
856 4370 932 4411 nent.
972 4353 1022 4410 l'is
1044 4370 1169 4428 arguero
1185 4351 1311 4429 aliquem
1327 4349 1486 4427 neglegen-

193 4487 376 4495 -—----—.
395 4488 429 4492 ..-

261 4570 291 4632 Ἴ
309 4571 362 4620 Hoc
382 4571 438 4619 loco
457 4585 562 4633 prorsus
581 4572 706 4620 contrario
726 4575 871 4638 praecipere
888 4584 967 4619 artem
988 4571 1137 4621 Berneuscnt
1155 4584 1232 4633 atque
1251 4569 1415 4617 lauantiuam
1436 4583 1485 4618 uon

193 4640 319 4702 estquod
338 4653 470 4697 moneam3
488 4638 634 4687 alterutrum
652 4641 732 4704 igitur
748 4638 925 4706 artigraphum
943 4639 1026 4688 Seruii
1044 4640 1230 4704 expositionem
1249 4637 1314 4686 male
1331 4636 1488 4685 intellexisse

192 4720 271 4773 patet.
306 4707 370 4756 Cum
394 4705 536 4755 lauantinu
558 4717 611 4755 arte
634 4707 694 4756 iacit
720 4710 801 4758 Seruii
826 4721 917 4757 comm.
935 4722 962 4771 p.
981 4708 1044 4763 418,
1065 4709 1094 4755 11
1118 4719 1142 4756 et
1164 4707 1259 4755 codicis
1284 4704 1419 4752 Berneusis
1437 4706 1487 4754 123

192 4788 314 4841 excerpta
332 4773 458 4838 Sergiano
475 4773 493 4822 i.
512 4773 572 4834 28¹³,
591 4774 623 4826 ci.
642 4775 721 4840 praei.
741 4778 819 4842 partis
839 4775 870 4824 ltl
889 4789 945 4838 cap.
966 4774 1012 4822 l'l:
1049 4773 1177 4839 ‘Sergium
1195 4772 1326 4821 cuiusdam
1349 4774 1488 4821 commenti

191 4843 337 4911 [tegmenta
353 4844 470 4892 inedita'.
