3382 5476
580 379 727 432 comeus
745 378 950 431 nannenus
968 381 1009 430 aa.
1382 375 1440 439 187
1524 448 1536 463 .
1630 439 1634 447 .

234 568 355 632 Nobiles
377 569 576 629 liontauorum
600 568 685 647 pueri
707 574 738 627 et
752 569 841 629 etiarn
864 563 1077 627 adulescentuli
1101 573 1170 625 tunc
1192 566 1336 645 temporis
1358 573 1442 625 eraut

149 680 181 733 et
202 679 272 732 sunt
292 672 382 731 etiam
406 669 494 730 hodic
511 669 685 737 ‘comatuii’,
705 677 786 729 retro
809 667 1008 729 uidelicet-ab
1031 665 1153 728 auribus
1174 668 1352 745 promissam
1375 665 1442 745 plus

149 774 249 833 minus
270 771 385 832 dimidii
407 789 546 832 mensura
569 769 652 850 pedis
674 768 818 831 habentes
840 787 970 838 comam;
995 769 1064 829 irinc
1086 767 1250 829 adulatorie
1272 767 1320 827 nei
1343 767 1442 846 potius

148 876 287 935 inrisorie
311 866 577 953 ὑποκοριστικῶς
598 871 772 940 ‘comatuii’‚
795 872 878 951 quasi
900 870 1052 949 comptuli.
1082 869 1157 932 itam
1181 876 1211 929 et
1233 867 1442 929 Einhardus

121 978 187 1038 sio
209 977 285 1038 uita
307 974 410 1037 ilarii
434 973 679 1053 imperatoris
702 972 828 1033 eundem
852 971 973 1033 ilarium
995 972 1069 1032 dixit
1091 971 1184 1031 luisse
1207 969 1406 1031 ‘dica'cuium’.

235 1158 436 1256 A‘pumice’
465 1176 590 1237 trerirum
620 1194 677 1236 uon
708 1193 755 1235 me
785 1176 885 1237 recolo
907 1175 1029 1254 legisse,
1059 1181 1155 1234 tamen
1184 1182 1236 1234 aut
1262 1174 1304 1232 sic
1327 1181 1444 1233 estant

150 1282 230 1341 sicut
252 1279 419 1358 ‘galeatus'
444 1287 474 1338 et
495 1278 658 1356 ‘togatus’,
689 1283 740 1339 aut
761 1295 884 1357 asperos
907 1286 939 1338 ut
960 1279 1023 1355 ipse
1045 1284 1132 1356 putas
1154 1278 1334 1355 pumicatos,
1358 1277 1443 1355 quasi

149 1382 265 1443 limatos
287 1389 339 1442 aut
359 1389 440 1440 certe
463 1381 547 1459 quasi
569 1378 676 1457 politos
698 1379 897 1458 carpendique
920 1396 975 1438 usu
997 1380 1092 1439 tritos.

236 1588 258 1643 Α
281 1582 411 1645 ‘calceis’
434 1583 481 1643 uel
504 1582 629 1643 ‘calciis’
653 1585 750 1662 potius
772 1581 917 1643 ‘calceoii'
942 1581 989 1642 uei
1010 1580 1164 1641 ‘calcioli’:
1188 1597 1256 1640 naor
1279 1587 1309 1640 ει
1332 1581 1443 1641 ‘calceo

111 1703 139 1742 ro
152 1685 278 1747 calceas’
301 1694 333 1746 et
353 1684 458 1746 ‘calcio
480 1684 600 1746 caleias'
623 1683 761 1745 tiiuerunt
782 1685 907 1763 antiqui.

237 1870 426 1966 ‘Epithenta'
450 1887 557 1949 dicitur
587 1898 617 1947 et
644 1887 835 1967 emplastrum
858 1905 874 1947 a
897 1885 1128 1966 superponendo
1156 1884 1283 1954 dictum,
1313 1884 1445 1945 undeet

153 1990 225 2051 iilud
249 1991 327 2068 quod
351 1991 391 2049 ait
413 1988 677 2068 Hieronymus:
707 1990 868 2068 ‘sumpto
891 1988 1070 2049 themate'
1094 1995 1214 2066 putatur
1229 1988 1314 2066 quasi
1329 1991 1444 2064 sumpta

153 2091 270 2152 dicendi
298 2092 453 2171 positione.
504 2089 598 2150 Porro
629 2090 699 2151 iilud
728 2092 763 2150 in
793 2090 959 2152 decretis
989 2089 1220 2149 iunocentii:
1258 2087 1447 2147 ‘uenimus

154 2191 195 2253 ad
225 2192 350 2277 Fotini
379 2193 573 2252 maximum
605 2191 744 2252 tirenta’
772 2193 849 2253 aliud
879 2201 937 2262 est,
969 2190 1046 2253 idest
1068 2190 1250 2270 quaestionis
1271 2189 1445 2268 propositio.

117 2293 230 2355 1⁵Galli
251 2293 385 2360 Senones
404 2288 417 2374 {l
439 2292 459 2354 l.
477 2290 562 2376 74¹1!
584 2291 621 2352 ab
644 2292 719 2353 urbe
749 2293 879 2353 iiomaua
913 2300 1101 2353 reuertentes
1130 2290 1329 2354 condiderunt
1360 2307 1447 2351 secus

154 2412 235 2456 mare
257 2396 408 2455 ciuitatem
432 2402 572 2456 uocantes
595 2393 766 2455 Anchonanr
790 2393 870 2455 uelut
893 2395 982 2456 ‘hanc
998 2398 1109 2461 unam’‚
1133 2392 1201 2453 inde
1219 2390 1446 2471 progredientes

154 2504 338 2556 uocauerunt
359 2497 530 2564 Auximum,
554 2505 751 2576 quapropter,
776 2494 826 2555 ubi
849 2504 880 2556 tu
905 2495 1029 2575 posuisti
1051 2494 1239 2574 ‘syntireura',
1257 2494 1282 2554 si
1297 2493 1447 2572 posuisses

153 2597 348 2678 ‘epithema’,
382 2607 516 2678 putasses
550 2604 577 2657 te
602 2598 703 2664 initis
736 2595 961 2677 quaestiouibus
992 2595 1022 2654 id
1054 2594 1182 2673 augendi
1215 2594 1309 2672 gratia
1342 2611 1446 2673 super·

154 2698 310 2760 addidisse.

115 2937 143 2976 20
242 2900 253 2981 ἐξ
275 2898 399 2984 [wil
423 2903 628 2981 agraecius
656 2900 775 2981 qtridenr
799 2901 872 2962 dicit
899 2903 935 2962 iu
965 2897 1253 2978 orthographia:
1285 2899 1447 2959 ‘alsrciurur

156 3004 271 3066 honore
294 3011 324 3064 et
346 3003 500 3064 adlieimur
522 3004 654 3073 iniuria',
677 3003 728 3064 scd
753 3011 850 3064 tauron
874 3021 1020 3083 nusquam
1042 3003 1193 3081 reperitur
1215 3009 1245 3060 et
1266 3001 1374 3062 ‘morte
1397 2999 1448 3060 ad-

155 3106 256 3167 licient
278 3124 313 3165 ex
337 3103 439 3166 uoiris’
463 3104 510 3166 uei
534 3103 731 3165 ‘contumelia
754 3104 887 3167 adiectos
909 3104 1110 3174 occiderunt',
1140 3102 1218 3164 trude
1242 3103 1323 3164 uelut
1345 3121 1448 3182 super·

155 3206 213 3268 liua
237 3206 357 3267 uidetur
381 3205 453 3266 llaec
475 3205 655 3275 differentia,
690 3208 865 3286 praesertim
894 3225 962 3267 curn
985 3205 1189 3266 indifferenter
1212 3212 1243 3264 et
1264 3206 1294 3264 iu
1318 3203 1396 3264 bono
1420 3213 1449 3263 et

154 3310 185 3369 in
209 3309 285 3369 maio
307 3307 420 3369 dicatur
443 3307 590 3368 ‘allectus'
614 3317 643 3368 et
662 3307 816 3368 ‘allectio’.

114 3543 143 3584 25
236 3503 316 3572 ‘tart
339 3510 443 3572 παντί
462 3511 607 3572 Graecum
637 3520 696 3580 est,
725 3510 778 3571 sed
806 3517 939 3588 agrestes
962 3509 1067 3569 Graeci
1090 3507 1255 3570 Latinitatis
1278 3507 1373 3585 ignari
1397 3524 1449 3565 ue·

155 3620 268 3695 queunt
295 3613 405 3673 idioma
433 3611 569 3691 prolerre
598 3611 684 3673 nobis
713 3611 891 3673 huiusmodi.
937 3613 1100 3687 Vtcumque
1129 3617 1228 3669 tamen
1258 3616 1356 3686 potest
1383 3605 1448 3665 ‘uit-

156 3716 265 3776 uiatio'
290 3715 338 3775 uei
360 3713 542 3774 ‘decursus'
564 3713 787 3793 interpraetari‚
816 3732 832 3774 a
855 3711 964 3792 palatio
986 3710 1132 3792 siquidem
1155 3709 1308 3771 lateranis
1331 3710 1451 3770 exeunti

155 3816 252 3896 Papae
275 3835 342 3876 cum
365 3815 460 3884 clero,
490 3816 567 3877 sicot
596 3817 624 3876 in
647 3817 767 3895 gestis
789 3812 1016 3876 Pontificum
1045 3813 1163 3891 iegitur,
1193 3814 1325 3872 occurrit
1346 3820 1376 3872 et
1398 3810 1449 3870 ob-

156 3919 218 3978 uiat
240 3916 368 3997 populus
389 3916 425 3977 ad
449 3926 583 3977 sanctum
606 3917 799 3979 Hadrianum.

114 4050 143 4089 ω
242 4017 365 4096 ‘Nugas'
388 4018 510 4098 pluralis
531 4037 650 4098 semper
672 4020 789 4080 numeri
812 4028 841 4081 et
864 4020 1030 4080 communis
1052 4024 1097 4079 est
1118 4017 1245 4095 generis,
1270 4023 1302 4076 ot
1317 4022 1362 4074 est
1377 4012 1449 4074 iliud

159 4118 390 4199 Hieronymi:
415 4124 556 4181 ‘uerum
579 4120 669 4182 iraec
692 4138 807 4201 nugas
830 4121 1018 4182 terimus'.

226 4464 249 4511 3·
260 4418 421 4526 addiatoriue
489 4458 658 4509 liuriaoriae
676 4453 961 4511 teououtsttcos
1014 4454 1096 4518 quati,
1115 4453 1267 4516 corr.qunsi
1320 4452 1378 4501 diu
1399 4451 1451 4499 uita

153 4523 379 4596 iiiiffeuudem
398 4539 472 4608 ilari]
495 4542 570 4596 Elaia.
588 4559 646 4609 cop.
667 4542 750 4593 XXV
809 4543 974 4608 dapumice
1036 4539 1199 4591 8iiurinatos
1262 4536 1383 4602 aponus
1401 4535 1451 4583 cul-

157 4611 229 4672 eicit,
248 4627 316 4663 corr.
334 4610 396 4660 -eoli
449 4611 479 4659 11
498 4611 672 4676 empiestrum,
689 4627 758 4663 corr.
777 4610 942 4676 emplastrum
996 4611 1027 4658 12
1045 4605 1115 4671 qua·i
1168 4609 1200 4658 15
1212 4604 1276 4664 Gaii,
1293 4619 1361 4654 corr.
1373 4619 1403 4651 ur.
1419 4603 1453 4652 ll

158 4679 223 4731 Galli
275 4678 592 4740 reuerteueus‚eorr.m.1
646 4677 815 4728 lisiotirema
886 4681 916 4728 18
929 4677 1008 4726 teritis
1021 4675 1198 4738 questionibus
1250 4667 1450 4736 iddgroecius]

156 4765 185 4814 p.
197 4749 266 4797 2270
277 4747 314 4796 P:
332 4746 464 4816 udlieimur¹
482 4746 579 4796 irouore
596 4757 621 4796 et
638 4745 871 4795 adiicimuriuiurio
940 4747 973 4795 25
990 4740 1167 4797 ΥΡΟΡΑΝΤΙ
1180 4755 1283 4808 grecum
1335 4738 1368 4789 28
1385 4753 1452 4803 pape

158 4850 193 4900 ιθ
210 4846 322 4914 populos
390 4851 421 4900 31
440 4808 566 4918 lg¹eronimi
