3382 5476
196 393 238 459 68
716 394 784 447 uss
802 394 979 448 suenrus

194 581 345 654 caelestis,
372 591 454 644 terra
481 590 579 644 terrae
606 583 766 644 terrestris.
810 583 874 645 Alia
902 585 932 644 in
957 584 1033 645 icius
1055 584 1211 659 desinunt,
1239 594 1274 645 ut
1295 594 1343 649 est
1363 584 1494 648 aduecti·

194 686 271 756 cius,
295 685 564 757 commentaticius,
587 683 743 755 fabricius,
768 684 959 756 tribunicius,
983 687 1140 765 patricium
1164 684 1220 748 alia
1241 688 1273 748 in
1295 687 1390 749 ldusi
1402 704 1494 769 paen·

195 786 301 849 ultime
327 796 479 867 correpta,
509 796 541 849 ut
562 786 655 848 lterlla
678 785 835 854 lrerlrldus,
858 787 947 849 turbo
969 787 1121 858 turbidus,
1144 790 1215 851 uiuo
1236 788 1371 857 uiuidus,
1393 788 1494 851 rabies

193 888 336 959 rabidus,
358 896 458 949 tumeo
481 888 626 957 tumidus,
650 890 740 949 timeo
763 888 895 959 timidus,
918 888 1040 950 inuideo
1062 890 1198 962 inuidos,
1221 889 1327 952 lerueo
1348 888 1492 961 letoldus,

193 992 288 1069 frigeo
316 990 454 1067 frigidus,
484 990 569 1052 ualeo
598 988 728 1059 ualidus;
759 990 814 1051 alia
843 993 874 1053 in
901 1009 971 1053 osus
998 990 1151 1063 desinunt,
1179 1000 1213 1053 ut
1234 1010 1338 1054 saxum
1360 1008 1515 1071 saxum

192 1110 297 1173 spuma
320 1109 493 1172 spumosus,
522 1100 630 1153 uentus
652 1100 811 1164 uentosns,
834 1092 927 1155 herba
951 1091 1112 1169 herbosus,
1136 1092 1235 1155 scelus
1255 1094 1380 1157 sceleris
1399 1093 1492 1157 seele-

193 1213 295 1264 rosus,
318 1212 460 1256 numerus
484 1212 677 1266 numerosus,
700 1215 777 1257 ontis
798 1212 959 1264 onerosus,
983 1194 1114 1275 pertidus
1129 1194 1322 1275 perfidiosus:
1342 1196 1422 1257 lraee
1440 1214 1493 1257 no·

193 1298 272 1358 mina
301 1317 318 1357 o
346 1296 464 1375 longam
497 1295 608 1359 trahent
635 1298 856 1378 paenultimam.
906 1295 969 1358 Alia
997 1297 1027 1357 in
1056 1295 1084 1357 al
1113 1296 1295 1368 desinentia,
1329 1304 1363 1358 ut
1389 1298 1492 1359 ceruix

192 1398 336 1468 centical,
365 1398 503 1460 tribunus
531 1398 676 1468 tribunai;
704 1398 760 1462 alio
782 1401 813 1461 in
835 1397 870 1469 il,
900 1406 934 1460 ut
954 1398 1047 1477 uigilo
1074 1399 1146 1478 uigil
1175 1398 1286 1479 pugillo
1308 1398 1407 1480 pugil;
1435 1397 1491 1461 elia

191 1503 222 1563 in
250 1499 294 1571 ul,
324 1508 358 1562 ut
385 1499 472 1561 exulo
502 1499 588 1572 exul,
617 1500 756 1581 praesule
779 1501 914 1582 praesul;
944 1499 999 1562 alia
1022 1502 1052 1560 in
1075 1509 1154 1571 tum,
1184 1508 1219 1562 ut
1240 1499 1317 1565 oliuo
1340 1484 1526 1571 succuum

192 1621 259 1664 rosa
287 1609 434 1671 rosctum;
463 1602 518 1664 alia
541 1604 572 1664 in
596 1621 642 1672 er,
674 1612 706 1664 ut
726 1604 836 1665 macies
859 1621 973 1673 macer,
1003 1620 1095 1679 equos
1117 1611 1265 1680 equester.
1308 1601 1372 1663 Atia
1393 1604 1427 1664 in
1448 1622 1491 1672 ar,

193 1715 226 1767 ut
247 1706 328 1767 lacus
350 1704 488 1774 lacunar,
512 1702 574 1764 calx
599 1703 714 1782 calcar,
743 1704 835 1766 caedo
858 1705 980 1774 Caesam
1004 1704 1059 1765 alia
1082 1707 1111 1766 in
1134 1723 1184 1776 or,
1207 1712 1241 1766 ut
1262 1712 1385 1766 senatus
1406 1722 1492 1766 sena·

193 1816 254 1878 tor,
278 1825 345 1867 amo
368 1814 497 1874 amator;
520 1805 576 1866 alia
599 1807 630 1867 in
653 1824 705 1877 ur,
729 1813 761 1867 ut
782 1813 884 1867 saturo
907 1814 1004 1877 satur,
1029 1824 1184 1867 murmuro
1207 1823 1360 1873 murmur;
1383 1803 1440 1867 aila
1461 1805 1491 1865 iu

192 1928 241 1978 as,
272 1918 305 1970 ut
330 1909 445 1987 primus
473 1908 599 1987 primas,
629 1911 760 1987 optimus
788 1910 930 1988 optimas.
960 1909 1034 1969 ciuis
1057 1909 1178 1979 ciuitas,
1207 1905 1321 1988 probus
1341 1904 1491 1985 probitas3

192 2010 249 2070 alia
270 2013 301 2071 iu
325 2028 357 2071 es
379 2016 561 2088 correptam,
590 2017 623 2070 ut
646 2028 698 2089 pes
720 2011 827 2089 podes,
856 2026 950 2086 equus
973 2027 1079 2090 eques,
1109 2018 1176 2088 tego
1199 2018 1298 2089 teges;
1326 2007 1383 2069 alia
1404 2008 1437 2068 in
1458 2023 1527 2068 esre

192 2111 376 2194 productam,
397 2118 431 2171 ut
453 2128 567 2190 pauper
590 2114 757 2193 pauperies,
781 2130 854 2173 acuo
877 2114 966 2181 acies,
991 2113 1092 2191 saepio
1111 2130 1227 2192 saepes,
1250 2120 1350 2173 sterno
1365 2119 1491 2189 strages,

192 2222 275 2276 struo
296 2222 409 2281 strues:
432 2211 488 2274 alie
510 2215 540 2274 in
564 2232 611 2282 na,
634 2222 666 2274 ut
688 2232 740 2275 rex
763 2215 876 2291 regina,
901 2212 947 2273 leo
963 2211 1075 2283 leaena,
1099 2231 1212 2294 coquus
1227 2213 1363 2292 coquina,
1386 2218 1493 2274 cantus

192 2315 355 2385 cantilena:
384 2315 440 2376 alia
462 2316 493 2375 in
517 2313 586 2391 ella,
609 2322 644 2376 ut
665 2323 768 2377 cautus
789 2313 931 2384 centolio,
955 2323 1035 2376 tutus
1057 2315 1175 2384 tutelia;
1204 2313 1260 2377 alia
1282 2315 1312 2374 in
1336 2332 1390 2375 ura
1411 2312 1491 2374 desi·

193 2421 293 2480 nentia
315 2416 461 2499 producta
483 2435 503 2478 ιι
525 2417 719 2498 paenultima,
749 2424 781 2479 ut
802 2417 901 2479 scribo
923 2418 1084 2496 scriptura,
1113 2436 1222 2477 censeo
1245 2433 1386 2483 censura,
1409 2431 1493 2475 ormo

194 2530 358 2589 armatura:
382 2519 437 2581 alia
464 2521 495 2579 in
524 2521 578 2595 tia,
610 2529 642 2580 nt
669 2519 762 2581 durus
790 2518 856 2579 duri
879 2519 1002 2588 duritia,
1034 2520 1146 2581 amicus
1175 2519 1262 2579 amici
1284 2515 1427 2585 amicitia,
1449 2516 1530 2577 sicae

192 2623 348 2705 pudicitia,
372 2620 497 2689 laetitia,
522 2623 685 2690 maestitia,
709 2622 842 2690 tristitia,
865 2623 989 2699 segnitia
1013 2629 1072 2682 tam
1096 2620 1276 2701 paenultima
1299 2636 1389 2699 quam
1409 2626 1494 2680 ante·

193 2723 374 2804 paenultima
390 2724 400 2782 i
416 2721 526 2802 urbique
549 2731 703 2802 correpta;
728 2721 783 2784 alia
805 2723 835 2782 in
858 2724 909 2793 sia,
934 2729 966 2782 ut
988 2740 1154 2784 conuersus
1175 2725 1320 2784 conuersi
1338 2720 1494 2782 conuersis

194 2835 224 2886 ct
249 2834 461 2887 controversus
486 2827 677 2884 controversi
703 2827 919 2886 controuersia.
968 2824 1042 2886 item
1076 2824 1201 2902 ignauus
1235 2822 1337 2901 ignaui
1363 2821 1493 2899 ignauia,

193 2927 317 2988 colonus
352 2924 451 2985 coloni
485 2924 616 2994 colonia,
650 2923 765 2986 Tuscus
792 2926 881 2986 'Fusci
909 2925 1031 2993 Tuscia,
1066 2925 1196 2986 Graecus
1228 2923 1335 2985 Graeci
1357 2921 1492 2992 Graecia,

192 3028 283 3090 italus
312 3025 376 3087 itali
404 3026 501 3100 ltalia,
531 3026 632 3087 Gallus
660 3026 735 3087 Galli
762 3024 869 3095 Gallia,
899 3026 1047 3106 Hispanus
1069 3027 1202 3102 Hispani
1221 3024 1373 3105 Hispania.
1414 3022 1532 3085 imme

193 3130 333 3212 prudenti
355 3126 366 3212 ΙΙ
382 3127 403 3189 l.
420 3123 477 3190 82·
493 3123 506 3209 ΙΙ
527 3126 697 3206 prudentia,
727 3128 854 3207 sapienti
876 3129 1036 3206 sapientia,
1066 3126 1254 3187 misericordi
1276 3124 1492 3195 misericordia,

192 3235 282 3295 inerti
309 3232 433 3299 inertia,
461 3230 543 3308 inopi
571 3230 687 3308 inopia,
715 3229 761 3289 ius
787 3229 862 3289 ioris
888 3228 947 3289 iuri
968 3228 1038 3289 inde
1060 3229 1181 3298 iniuria,
1210 3230 1284 3289 casti
1306 3226 1492 3294 castimonia,

188 3352 264 3395 acer
287 3333 347 3395 acri
370 3331 532 3394 acrimonia
554 3330 564 3388 i
586 3327 766 3409 paenultima
788 3347 907 3410 semper
929 3338 1078 3410 correpta.
1123 3329 1185 3391 utta
1208 3334 1239 3391 in
1262 3331 1303 3392 tlo
1325 3329 1373 3391 uel
1394 3330 1427 3391 in
1449 3330 1494 3390 sio

194 3436 353 3497 diriuatiua
386 3440 457 3495 sunt
488 3430 587 3493 addita
615 3448 633 3489 o
661 3439 799 3513 correpta
831 3433 971 3511 genetiuo
997 3431 1155 3511 singulari,
1191 3434 1248 3493 sic:
1283 3433 1359 3493 orati
1387 3433 1493 3501 oratio,

194 3538 299 3598 rnnnlti
323 3537 465 3603 munitio,
492 3533 561 3594 lecti
582 3533 679 3594 lectio.
725 3535 797 3596 item
821 3534 949 3594 confessi
971 3535 1134 3605 consessio,
1158 3536 1243 3625 missi
1262 3536 1380 3604 missio,
1404 3533 1534 3595 diuisieo

195 3638 316 3706 diuisio,
345 3637 414 3696 nexi
436 3636 540 3709 nexio,
570 3635 580 3694 i
601 3636 782 3712 paenultima
805 3653 925 3715 semper
946 3643 1098 3716 correpta;
1126 3636 1182 3697 alia
1204 3639 1237 3697 iu
1259 3636 1316 3697 edo
1338 3643 1369 3697 et
1389 3638 1422 3698 in
1443 3635 1495 3695 ido

195 3740 270 3800 etin
285 3737 345 3799 udo
359 3736 508 3807 desinunt,
531 3746 564 3796 ut
587 3739 664 3796 acris
685 3736 804 3806 acredo,
828 3736 923 3798 dulcis
946 3736 1079 3809 dulcedo,
1103 3740 1268 3819 intercapio
1289 3736 1494 3817 intercapedo,

196 3850 301 3920 torpeo
323 3838 457 3919 torpedo,
475 3857 492 3899 e
507 3836 688 3917 paenultima
703 3839 856 3915 producta.
902 3839 974 3900 item
997 3842 1027 3899 in
1050 3840 1108 3911 ido,
1131 3840 1259 3902 utlibet
1280 3838 1382 3911 libido,
1405 3840 1495 3918 eupin

194 3942 319 4023 cupido,
343 3943 415 4004 item
439 3939 567 4001 formido
590 3939 733 4002 formidas
756 3941 884 4001 formido
906 3940 1082 4013 lormidinis,
1104 3942 1284 4023 paenultima
1306 3941 1453 4023 producta
1474 3943 1495 4001 i.

195 4046 269 4108 item
291 4046 321 4104 in
344 4043 416 4105 turdo
439 4041 595 4104 diriuatiua
620 4042 738 4102 nomina
762 4045 969 4113 terminantur,
995 4052 1026 4104 nt
1048 4062 1173 4123 magnus
1194 4046 1294 4124 nrogni
1309 4040 1492 4122 magnitudo,
1507 4062 1536 4103 ss

263 4266 356 4314 lilius
372 4264 513 4328 ‹ieeignunt
563 4228 694 4312 atuaticis
712 4238 905 4313 comentat'reius
973 4265 1153 4316 ner-innotuere
1221 4266 1282 4317 311²
1291 4266 1351 4315 erbo
1419 4264 1494 4313 diu-

195 4335 266 4385 nidio
317 4332 399 4381 derisio
416 4330 531 4380 ierbidus
548 4330 645 4396 i'erigeo
714 4333 841 4398 lispumo
892 4333 952 4382 erbe
969 4333 1077 4383 erbosns
1128 4333 1310 4399 8penltimam
1366 4332 1492 4397 dulgilio

229 4400 341 4468 pugillos
402 4400 432 4447 11
451 4398 531 4447 mocls
548 4413 634 4448 macer
650 4400 724 4464 equis
742 4412 860 4463 equester
916 4402 947 4449 12
965 4400 1066 4450 calxeor
1083 4402 1108 4450 iu
1128 4402 1176 4451 edo
1193 4417 1267 4452 cesar
1336 4404 1367 4452 13
1384 4400 1494 4451 amabor

196 4474 229 4521 14
246 4470 357 4519 obsimus
393 4467 502 4515 obtimm
556 4469 587 4517 to
605 4479 721 4532 correpto
751 4483 816 4531 equs
869 4471 900 4518 16
918 4484 979 4517 acus
997 4471 1065 4520 ecles
1083 4471 1157 4535 sopio
1175 4485 1251 4536 sepes
1269 4480 1374 4520 sternax
1392 4474 1493 4533 st¹ages

194 4545 265 4590 st⁸uo
335 4537 367 4584 lt
385 4533 441 4582 lena
492 4547 550 4595 coq;
620 4536 652 4586 18
669 4537 695 4584 in
714 4536 772 4596 ello]
790 4538 817 4585 in
834 4536 891 4587 loeo
942 4548 1032 4587 cantus
1084 4539 1109 4587 iu
1129 4535 1187 4606 ura]
1205 4554 1297 4588 mersa
1354 4539 1386 4587 19
1404 4537 1492 4586 censio

194 4609 229 4658 20
245 4607 326 4657 dorus
344 4603 421 4668 dure,
439 4617 509 4653 corr.
528 4606 592 4653 duro
637 4605 746 4654 durities
797 4606 829 4653 21
849 4605 972 4670 puditicia
990 4606 1068 4656 letitie
1119 4607 1225 4656 mistitio
1271 4608 1376 4672 signius
1420 4616 1494 4654 antc-

195 4674 334 4737 penultima
353 4671 456 4733 ubique,
474 4671 545 4720 omi
596 4673 629 4721 22
647 4674 764 4723 conuersi
783 4688 829 4725 orn.
899 4675 933 4723 23
949 4686 1131 4723 ceretrouersns
1149 4677 1309 4724 controuersl
1326 4690 1373 4727 om,
1391 4682 1493 4723 contro-

196 4743 281 4791 uersio
348 4740 458 4806 iguabus
476 4738 564 4803 ignobi
581 4738 686 4803 iguabia
762 4742 796 4789 24
813 4742 891 4791 tustio
960 4758 1055 4806 greges
1073 4743 1143 4805 greci
1160 4744 1241 4808 gretia
1327 4745 1361 4792 25
1379 4756 1493 4806 espanus

195 4810 303 4874 espanin
369 4808 403 4859 28
420 4806 600 4872 peueultimem
669 4818 810 4873 correptum
880 4812 914 4859 30
931 4808 1009 4858 let-cio
1078 4812 1137 4857 misi
1155 4812 1230 4859 minio
1300 4811 1447 4860 neclectis

195 4878 340 4940 intercepeo
358 4874 516 4941 irrterospido
