3382 5476
552 389 827 441 utuuuuuuuutu
845 387 1055 440 suuuouvu.
1241 455 1247 466 ⁸
1376 386 1437 451 281

232 579 312 640 luter
340 577 445 639 ltoluui
473 586 503 638 ot
531 577 665 638 ltalicutu
694 577 750 637 lioc
778 579 917 645 interest,
952 575 1030 653 quod
1065 575 1155 636 ltolus
1183 574 1286 646 honio,
1322 574 1439 635 ltalious

147 699 234 741 arcus
256 679 373 750 dicitur,
397 681 437 739 ito
459 678 531 738 illud
554 678 589 737 od
614 696 772 757 personam
795 679 938 746 refertur,
962 678 1019 737 lioc
1041 677 1076 738 od
1100 695 1173 738 rom.

185 775 188 779 ’
232 781 312 842 luter
334 782 448 840 iuuiutu
471 789 500 838 et
520 780 641 839 deuiuiu
666 789 695 839 ut
717 781 817 840 ouiuiu
842 787 871 838 ot
892 782 1030 857 peruiuui
1054 778 1109 838 ltou
1129 780 1268 848 interest,
1292 777 1371 854 quod
1394 779 1438 837 iu-

147 884 228 942 uiuiu
257 890 300 942 ost
328 882 392 941 siue
419 881 482 949 uio,
512 877 828 960 uulu1u†secrotuui,
858 879 976 941 deuiuui
1005 888 1138 940 secretus
1165 879 1262 948 loono,
1291 880 1437 958 peruiutu,

120 1000 201 1061 opor
223 982 302 1061 quod
326 991 519 1042 commeatur.

231 1082 311 1143 luter
333 1082 485 1142 dexteram
509 1088 538 1141 ot
561 1082 694 1143 doxtrum
717 1081 773 1142 hoo
802 1082 939 1151 interest,
968 1082 1046 1161 quod
1077 1083 1223 1159 quidam
1252 1090 1437 1162 putaueruut

146 1186 274 1245 litteram
297 1185 362 1245 siue
385 1202 472 1244 causo
495 1181 648 1244 abundare
670 1181 883 1243 cousuetudine
906 1185 1040 1261 antiqua,
1064 1193 1096 1244 ut
1112 1183 1260 1263 reprendo
1283 1191 1314 1242 et
1336 1201 1437 1261 repro·

146 1286 260 1354 heudo,
291 1285 339 1346 uel
368 1302 490 1346 uoluens
519 1293 548 1344 et
577 1285 753 1350 uolieiuous.
789 1287 828 1344 ito
856 1283 909 1344 ‘ad
938 1284 1090 1345 dexteram
1119 1287 1257 1345 uianuui’
1286 1282 1437 1343 ‘dextrum

146 1404 318 1467 prosperam
342 1388 469 1467 parlem'
492 1386 629 1450 dicimus.

110 1505 134 1544 io
232 1487 312 1546 luter
335 1485 416 1566 loges
439 1497 468 1547 et
490 1490 554 1548 iura
578 1487 634 1547 lioo
656 1488 793 1557 interest,
822 1487 900 1566 quod
929 1489 992 1547 iura
1024 1495 1141 1564 reperto
1164 1485 1291 1546 suntab
1315 1486 1437 1545 honesto

146 1588 376 1657 cousuetudine,
410 1586 505 1666 lego&
535 1607 611 1666 quae
640 1589 717 1647 lutor
746 1607 799 1648 uos
827 1589 978 1667 probando
1012 1589 1150 1655 iacimus:
1185 1590 1248 1647 iuro
1282 1588 1319 1648 ab
1353 1588 1439 1647 unius

146 1693 289 1769 cuiusque
311 1691 423 1750 iustitia
447 1689 586 1749 dicuutur
594 1735 686 1751 .....

229 1791 310 1851 lutei·
337 1791 472 1852 iuuiduui
500 1799 529 1851 et
556 1791 734 1851 inuidiosum
763 1791 819 1852 lioc
847 1793 984 1861 interest,
1013 1792 1089 1871 quod
1118 1791 1250 1860 iuuidus,
1278 1792 1330 1871 qui
1351 1789 1436 1851 ultori

145 1892 274 1960 inuidet,
298 1891 476 1960 indidimus,
500 1892 547 1951 cui
569 1890 731 1953 inuidetur.
1418 1954 1422 1962 ,

109 2013 133 2052 u
231 1993 311 2054 lutor
333 1993 469 2072 protinus
491 2000 521 2051 et
542 2002 686 2072 protenus
708 1993 765 2054 hoc
787 1995 925 2064 interest,
956 1993 1034 2074 quod
1063 1996 1199 2074 protinus
1221 1995 1319 2056 statim
1341 1996 1437 2055 couti-

147 2114 205 2155 uuo
228 2094 402 2155 aduerhium
425 2094 569 2172 temporis
591 2102 651 2163 ost,
674 2105 817 2172 protenus
840 2097 923 2176 quasi
946 2115 1037 2174 porro
1061 2106 1156 2156 touus.
1251 2110 1255 2117 ·

230 2195 310 2255 lutor
333 2194 454 2255 demitto
478 2203 507 2254 ot
529 2194 642 2255 dimitto
664 2195 721 2255 ltoo
744 2198 883 2265 interest,
908 2197 986 2273 quod
1009 2196 1136 2258 demittit
1158 2196 1220 2267 lto,
1244 2198 1296 2275 qui
1318 2197 1358 2256 de
1379 2195 1438 2257 alto

147 2295 284 2357 deorsum
306 2297 409 2366 mittit,
433 2296 567 2366 dimittit,
590 2297 640 2375 qui
663 2297 693 2356 iu
718 2297 823 2358 inultas
846 2308 945 2376 portes
969 2300 1068 2358 mittit.

230 2398 310 2459 luter
332 2395 436 2458 altaria
459 2406 488 2457 et
510 2415 576 2458 aras
598 2396 655 2457 hoo
684 2398 823 2469 interest,
853 2397 932 2477 quod
961 2399 1062 2459 altorio
1090 2398 1146 2459 deo
1174 2406 1339 2476 ponuntur,
1368 2416 1438 2460 orae

108 2523 134 2560 zo
147 2503 236 2560 otium
259 2499 417 2562 defunctis·

198 2616 201 2621 ·
230 2600 310 2661 lutor
332 2599 485 2661 dimidium
509 2607 539 2659 ot
560 2598 743 2659 dimidiatum
766 2599 823 2660 hoc
844 2601 983 2671 interest,
1011 2600 1090 2680 quod
1113 2601 1267 2662 dimidium
1291 2619 1351 2662 uou
1374 2611 1437 2680 pot-

146 2713 190 2763 est
212 2704 379 2780 siguificare
401 2709 529 2781 portem,
553 2702 611 2761 uisi
632 2699 784 2761 subiaceat
805 2702 955 2780 integrum
978 2720 1087 2763 nomeu
1103 2704 1166 2764 siue
1181 2701 1367 2765 dimidiatum
1384 2710 1436 2770 ost,

146 2812 178 2863 ut
200 2803 286 2882 pleua
309 2804 382 2864 liora
404 2802 525 2862 dicitur:
548 2799 622 2863 liora
642 2803 792 2881 integrum
815 2820 925 2863 nomen
948 2806 1031 2883 quasi
1055 2812 1162 2875 totutu,
1191 2805 1255 2865 siue
1282 2804 1355 2865 hora
1377 2822 1436 2863 nou

146 2912 244 2983 potest
271 2905 330 2965 dici
359 2903 479 2964 dimidia
508 2921 588 2972 esse;
619 2911 669 2964 aut
696 2903 880 2967 dimidiatum
902 2905 1006 2966 horam
1029 2914 1080 2966 aut
1102 2905 1255 2966 dimidium
1278 2905 1369 2965 horae
1392 2905 1437 2964 di-

108 3004 273 3066 uouendum
297 3014 356 3074 est;
380 3005 564 3066 dimidiatum
588 3013 687 3066 autem
709 3004 853 3066 diminuto
874 3008 981 3086 portio.

230 3106 311 3166 luter
333 3107 468 3169 fiduciam
491 3115 520 3168 ot
542 3106 749 3170 confidentiam
771 3107 828 3168 hoo
849 3109 990 3179 interest,
1013 3109 1092 3188 quod
1114 3110 1290 3170 confidentia
1307 3115 1352 3169 ost
1366 3126 1437 3170 cou-

149 3209 240 3268 uictio
263 3209 450 3279 temeritatis,
475 3207 612 3271 fiduciam
634 3207 739 3279 habet,
762 3210 855 3288 siquis
876 3208 1001 3270 honesta
1023 3211 1206 3273 couscientia
1229 3211 1304 3270 uiuit
1319 3219 1349 3270 ot
1362 3209 1436 3270 ddu-

147 3308 259 3369 cialiter
281 3309 364 3371 uiuit.

215 3564 228 3612 l
248 3566 314 3612 luter
332 3564 427 3612 italiam
480 3562 549 3624 quod
567 3561 652 3611 ludius
671 3561 747 3611 homo
765 3561 864 3611 tuticus
882 3563 914 3610 ud
932 3576 1069 3627 personum
1113 3562 1191 3612 ltuluo
1210 3563 1287 3613 homo
1298 3564 1372 3613 -od
1385 3580 1437 3614 rem

148 3631 320 3695 Gothosreduo
335 3648 362 3695 p.
382 3631 431 3678 104
498 3630 636 3679 tuentum
653 3630 777 3678 secretius
795 3628 865 3679 locus
939 3631 1097 3680 ocomiutur
1148 3630 1247 3681 inuium
1264 3633 1377 3682 estsine
1395 3634 1437 3681 uio

146 3712 283 3761 secretum,
307 3699 398 3748 deuius
420 3698 536 3746 dosenus
558 3696 644 3756 locus,
667 3697 753 3745 ouium
776 3707 849 3745 extu-u
871 3697 952 3756 ulum,
975 3698 1106 3763 peruium,
1133 3714 1178 3777 uer
1195 3700 1265 3761 quod
1282 3712 1438 3750 commeatur

147 3764 702 3829 000101οι0041),104,01”.ΗεὶῙῙ.ρ.210
787 3765 877 3814 tsine
898 3780 976 3814 causo
998 3765 1100 3816 oliuudo
1123 3783 1150 3816 ro
1165 3768 1359 3817 cousuaetudino
1409 3779 1438 3817 ut

146 3833 274 3897 reddendo
291 3844 315 3881 et
333 3831 459 3897 ue1'l1eudo
478 3841 505 3880 ut
523 3845 626 3881 uomens
644 3842 669 3881 et
686 3831 812 3881 uihimeus
878 3833 983 3894 quidam
1019 3846 1154 3884 utauoruut
1170 3833 1268 3885 literam
1286 3836 1342 3885 siue
1359 3849 1437 3885 consa

146 3901 275 3948 ubuudore
292 3899 501 3950 consuetudinem
518 3901 648 3962 antiquum
667 3910 694 3948 ut
711 3901 851 3965 reponendo
870 3911 895 3949 ot
911 3849 1097 3966 repraetoudu
1115 3913 1143 3951 ut
1160 3917 1264 3952 uomens
1276 3928 1309 3939 -
1322 3904 1356 3952 ita
1374 3903 1435 3952 dox-

147 3979 224 4015 teuuu
242 3966 964 4032 manum,dextetam-dicimuodotdofredusp.104
1017 3971 1049 4020 10
1065 3970 1097 4018 ob
1117 3984 1205 4020 onesta
1258 3973 1289 4020 12
1307 3967 1436 4035 dicumur]

147 4036 210 4085 l‘oot
227 4035 290 4084 doec
302 4037 353 4085 olio
364 4037 444 4099 lequm
457 4037 569 4097 delinitio
581 4036 722 4097 intercidit,
736 4051 810 4101 quam
820 4038 934 4085 seruauit
947 4036 1120 4099 Gotdofreduo
1153 4038 1209 4086 iura
1221 4050 1320 4102 reperta
1332 4048 1393 4088 suut
1404 4065 1436 4074 -

145 4104 272 4160 dicuutur,
291 4103 360 4167 leges
378 4103 448 4164 quod
466 4117 520 4151 estu
537 4102 669 4168 elegantur
686 4102 746 4168 (lea.
757 4102 864 4154 liouoete
881 4106 922 4153 uel
932 4104 998 4153 iuste
1011 4103 1138 4168 leguntur)
1153 4105 1325 4168 Gothosredus
1335 4122 1363 4170 p.
1377 4108 1437 4167 104,

146 4171 179 4233 cf.
190 4171 267 4236 lieiff.
276 4188 302 4234 p.
312 4174 362 4220 278
431 4173 463 4220 13
481 4171 572 4219 inuidit
623 4170 936 4220 inuidos-inuidiosum
953 4172 993 4220 oui
1012 4172 1140 4221 inuidetur
1159 4172 1331 4235 Gothosreduo
1347 4174 1437 4237 ρ.104

148 4241 179 4288 15
197 4240 314 4302 protinus
332 4249 371 4286 est
388 4239 471 4285 statim
490 4264 523 4273 -
542 4239 664 4302 temporis
686 4249 809 4303 protenus
827 4264 860 4273 -
878 4250 952 4288 tenus
975 4238 1146 4301 Goldosreduo
1162 4256 1188 4305 p.
1207 4242 1257 4289 104
1343 4242 1374 4291 1t
1392 4241 1437 4302 qui

146 4306 197 4355 olto
253 4307 412 4355 demittit-
430 4306 505 4354 mittit
524 4305 696 4369 Gothosreduo
711 4323 739 4370 p.
760 4308 809 4356 104
912 4308 944 4356 19
961 4306 1050 4356 altatio
1068 4337 1102 4347 -
1119 4305 1245 4358 deluuctio
1264 4307 1436 4372 Gothosredus

145 4390 171 4437 p.
192 4376 242 4423 101
309 4374 341 4422 21
360 4373 502 4421 demediuui
523 4383 547 4421 ot
563 4373 734 4422 demodioturu
759 4373 808 4422 lioo
824 4383 863 4422 est
879 4374 949 4435 quod
966 4373 1109 4423 demodiuni
1194 4377 1228 4425 22
1246 4375 1297 4425 nist
1313 4376 1437 4426 suliieoiot

213 4441 384 4490 demediutum
402 4451 441 4489 est
459 4452 485 4488 ut
503 4439 578 4505 pleno
596 4441 657 4490 boio
675 4442 768 4490 dicitur
786 4439 845 4489 nodi
875 4441 1001 4506 integrum
1020 4439 1079 4490 uorii
1165 4445 1200 4493 24
1216 4443 1300 4493 modio
1318 4458 1376 4493 esse
1393 4453 1437 4491 out

147 4509 232 4558 iuodio
250 4522 300 4557 tum
320 4508 407 4557 horam
426 4520 470 4556 out
487 4507 625 4557 dimedium
644 4507 722 4557 horae
739 4509 877 4558 dimo-dium
895 4521 936 4558 est
952 4509 1117 4559 dimediutum
1129 4509 1178 4560 hoo
1189 4512 1315 4560 diminuto
1359 4510 1437 4560 dimi·

146 4577 216 4624 dium
236 4585 321 4640 potent
338 4574 484 4640 siguificare
506 4586 603 4639 portem
621 4575 671 4623 nisi
689 4576 808 4625 subiiciat
824 4577 951 4640 integrum
969 4590 1075 4640 nomeu,
1094 4579 1151 4628 uiuo
1168 4577 1328 4628 dimidiatum
1346 4589 1386 4628 est
1403 4609 1436 4618 -

147 4658 197 4691 uun
217 4653 301 4706 potest
318 4643 425 4691 dimidio
442 4657 510 4697 eose;
529 4658 590 4707 ergo
609 4653 654 4690 aut
670 4642 801 4691 dimidiato
819 4644 881 4692 horu
899 4654 944 4692 out
960 4644 1093 4694 dimidium
1111 4645 1190 4694 horae
1200 4645 1333 4694 dimidium
1347 4656 1387 4695 est
1402 4671 1436 4682 -

147 4712 229 4775 portio
248 4710 420 4771 Gotdofreduo
437 4711 523 4772 ρ.104
591 4710 725 4758 ‘26lldutiu
764 4711 877 4759 conuitio
895 4712 1038 4762 omeriouis
1056 4712 1171 4762 tldutlum
1239 4714 1437 4764 2'lcoustientiu

182 4778 326 4826 lidutiuliter
377 4777 531 4827 coutidoutio
549 4788 587 4827 ost
604 4791 661 4827 oum
681 4777 742 4828 uitio
761 4779 922 4842 temeritatis,
947 4779 1040 4830 liduoio
1058 4781 1132 4831 liabeo
1150 4807 1180 4817 -
1199 4782 1354 4831 couscientia
1373 4781 1437 4832 uiuit

148 4846 319 4912 Gutdosredue
333 4862 361 4914 p.
381 4847 432 4897 104
