3382 5476
273 371 375 420 ccfflv
438 357 488 409 DE
507 357 721 413 Msxlntttrto
740 357 923 410 PAPERINO
942 356 1160 410 HIERONYMO
1178 354 1395 410 AVGVSTINO.

355 546 375 607 i.
397 542 462 607 27¹2
488 544 740 624 Hieronymus
763 562 841 606 nouo
862 562 973 623 genere
995 544 1113 606 dicendi
1136 545 1190 606 ait:
1220 544 1292 605 item
1316 554 1348 604 ut
1370 552 1472 603 uotum
1494 561 1562 603 seu·

234 725 237 732 Ι
271 666 337 710 sum
360 663 414 729 per
436 649 569 726 ignotum
591 647 735 716 ostendat,
759 656 791 709 ut
814 655 872 708 ost:
896 649 1023 708 ‘nomen
1046 646 1159 708 dictum
1181 654 1226 708 est
1247 647 1331 727 quasi
1353 647 1510 707 notamen’
1533 655 1564 705 et

270 748 397 828 reliqua.

340 934 444 987 lhiero
493 937 594 987 dicendi
612 947 640 987 ut
658 933 679 989 ii
731 937 915 987 iustendatur
965 933 1129 1002 dictumest]
1153 935 1564 998 Videturdedeflniendiuiut·

272 1021 320 1073 que
337 1007 438 1057 ratione
456 1008 512 1070 cpi,
529 1005 564 1067 cf.
584 1021 629 1055 ars
647 1020 772 1072 anonyma
789 1003 870 1056 Bern.
888 1021 915 1069 p.
934 1006 1011 1067 64,6

356 1179 436 1238 Huic
457 1177 635 1251 subinnpcrn
650 1175 725 1237 duos
747 1178 954 1252 Augustini
972 1178 1064 1247 locos,
1088 1190 1215 1250 quorum
1230 1175 1309 1234 alter
1324 1177 1355 1234 in
1370 1176 1475 1233 ecdem
1491 1175 1563 1247 defi-

271 1281 393 1340 nitionis
414 1280 620 1355 explicandae
639 1281 768 1340 materia
790 1284 941 1351 uersatum
963 1277 991 1351 f.
1015 1283 1052 1336 8·
1073 1283 1103 1336 et
1120 1275 1150 1349 s.
1176 1282 1247 1337 14⁰:

356 1379 377 1441 i.
400 1377 440 1441 8·
469 1380 504 1440 Vt
532 1380 765 1459 Augustinus
793 1379 876 1441 dicit:
906 1378 961 1440 vbt
986 1378 1154 1440 inuenimus
1176 1377 1296 1439 ‘diuus’
1321 1375 1368 1439 uel
1390 1377 1492 1439 ‘dicta‘
1515 1376 1564 1439 uel

270 1480 417 1551 ‘dictum',
441 1498 501 1542 non
523 1488 628 1543 namra
654 1481 696 1543 ibi
724 1482 876 1553 delinitur,
903 1482 955 1542 sed
977 1480 1056 1562 quod
1078 1499 1133 1541 usu
1155 1480 1204 1541 uel
1226 1481 1401 1541 auctoritate
1423 1478 1471 1540 uel
1492 1496 1563 1538 con-

271 1583 441 1645 suetudine·
456 1585 504 1652 ut:
534 1582 585 1644 ubi
612 1603 685 1646 uero
712 1584 864 1645 inuenitur
892 1582 1031 1653 uerbum,
1060 1582 1138 1662 qnod
1164 1581 1273 1643 dicitur
1294 1583 1373 1651 ‘est',
1397 1580 1436 1642 ibi
1459 1587 1563 1644 natura

271 1703 377 1747 sensus
399 1683 448 1748 uel
470 1687 554 1747 uocis
574 1684 623 1747 uel
645 1703 749 1747 sensus
771 1693 800 1745 et
822 1687 905 1746 uocis
927 1685 1074 1748 delinitur.

356 1784 453 1850 [15⁸
476 1786 512 1847 Et
533 1789 765 1865 Augustinus
787 1787 870 1849 dicit:
894 1787 1035 1852 Neutrum
1052 1787 1226 1849 dictumest
1249 1805 1283 1847 ex
1301 1787 1477 1846 necessitate
1492 1803 1588 1848 ususs

271 1891 302 1950 in
324 1887 501 1968 quibusdam
525 1889 708 1959 mortalibus,
732 1906 808 1966 quae
831 1906 886 1950 nec
908 1897 1068 1969 potuerunt
1090 1889 1148 1950 dici
1169 1888 1331 1951 masculina
1352 1905 1407 1948 neo
1424 1887 1560 1948 feminina

272 2008 326 2053 nec
349 1978 626 2070 atiqutd'generant
648 2008 704 2050 nec
725 2012 741 2052 a
764 1989 891 2074 quodam
914 1993 1085 2070 gignuntur.
1131 1989 1201 2051 lnde
1224 1990 1421 2051 articulariter
1444 1999 1560 2050 natura·

273 2092 398 2172 litorque
421 2090 597 2153 mortalibus
618 2094 788 2170 iunguntur.

340 2282 353 2329 1
373 2289 399 2328 ut
417 2275 563 2344 agustinus]
582 2279 618 2343 cs.
636 2296 682 2330 nrs
699 2295 825 2345 maugina
842 2279 923 2331 Bern.
939 2298 966 2345 p.
986 2283 1029 2345 64,
1049 2283 1117 2331 2-8
1184 2283 1200 2330 2
1218 2277 1416 2330 iniciuntur
1484 2280 1500 2328 i
1518 2292 1564 2327 uec

272 2345 342 2396 aliud
360 2345 507 2413 signisscnnt

360 2503 450 2563 Vides
475 2505 553 2562 miro
581 2505 661 2562 inter
687 2521 719 2563 sc
744 2511 893 2564 concentu
922 2503 1100 2582 Hieronymi
1124 2512 1154 2563 et
1174 2505 1337 2577 Augustini
1361 2504 1442 2564 locos
1469 2503 1563 2561 conti·

269 2606 348 2682 neri,
370 2605 453 2679 quod
472 2604 559 2664 leuci
578 2621 653 2665 cusu
670 2604 790 2679 suctum
813 2623 877 2666 csse
898 2608 1027 2679 uidetur,
1051 2608 1274 2681 ecquomodo
1295 2607 1329 2665 id
1348 2601 1497 2665 ncddisse
1517 2605 1563 2663 cli·

270 2722 349 2782 cunr,
372 2706 519 2782 expedire
539 2723 600 2766 non
622 2709 718 2768 rrcleo.

361 2808 469 2868 Vltima
491 2810 557 2868 loco
575 2825 746 2885 proponam
768 2817 943 2885 excerptum
966 2812 1004 2869 cle
1022 2812 1279 2887 praepositionum
1301 2806 1478 2871 accusatiuo
1490 2825 1564 2868 casu

269 2908 443 2971 iunctarum
466 2908 635 2986 quantitate
655 2909 812 2972 metricum
834 2919 1001 2972 memoratu
1023 2910 1239 2987 dignissimum,
1263 2914 1294 2971 in
1309 2928 1369 2986 quo
1383 2912 1417 2971 iel
1437 2927 1563 2972 surrem-

265 3027 343 3087 pere
369 3013 554 3087 querentium
581 3020 639 3085 est,
668 3013 750 3088 quod
779 3011 917 3073 auctoris
944 3005 1057 3073 rromeu'
1079 3015 1206 3074 dimsiliu
1234 3030 1275 3073 ex
1289 3021 1383 3090 purte
1399 3013 1564 3089 putredine

269 3111 413 3173 euanuit:

355 3213 376 3274 i.
398 3212 439 3275 3³
466 3214 537 3276 ltem
649 3233 767 3276 nouus
790 3214 873 3276 dicit:
897 3216 1135 3298 Praepositiones
1151 3218 1350 3288 accusatione:
1374 3216 1435 3278 ‘ad’
1452 3215 1562 3285 breuis,

269 3317 363 3395 ‘aput'
386 3316 491 3378 ambae
516 3316 636 3387 breues,
660 3317 763 3379 ‘ante'
787 3317 890 3379 ambae
914 3317 1022 3379 breues
1043 3328 1127 3388 sunt,
1151 3319 1345 3381 ‘aduersum'
1368 3336 1472 3379 omnes
1494 3316 1563 3379 bre·

271 3435 333 3488 ues,
357 3419 425 3480 ‘cis’
447 3419 544 3497 longa.
568 3419 666 3480 ‘citra’
690 3421 716 3481 ci
732 3418 833 3481 breuis
854 3429 897 3481 tra
914 3419 1010 3500 longa,
1035 3421 1173 3483 ‘circum'
1196 3420 1300 3483 ambae
1315 3419 1433 3491 breues,
1458 3420 1564 3480 ‘circa’

269 3524 313 3583 cir
335 3521 435 3582 breuis
466 3540 498 3582 ca
528 3521 629 3600 longa,
660 3523 788 3584 ‘contra'
816 3541 873 3583 con
902 3520 1003 3584 breuis
1026 3532 1069 3583 tra
1092 3521 1195 3602 longa,
1228 3523 1324 3602 ‘erga’
1346 3541 1380 3583 er
1403 3521 1504 3584 breuis
1526 3538 1563 3600 ga

270 3622 368 3703 longa,
392 3624 499 3684 ‘extra’
523 3641 559 3683 ex
581 3622 682 3685 breuis
704 3634 748 3685 tra
770 3624 867 3704 longa,
892 3625 994 3684 ‘inter'
1017 3623 1122 3687 ambae
1146 3624 1260 3695 breues,
1283 3625 1387 3686 ‘intra’
1408 3625 1439 3685 in
1463 3622 1589 3684 breuiss

269 3734 314 3787 tra
337 3723 438 3804 longa,
468 3725 570 3786 ‘inira'
594 3727 623 3786 io
648 3726 748 3788 breuis
769 3727 813 3788 ira
836 3726 940 3804 longa,
968 3728 1077 3787 ‘iuxta'
1099 3729 1181 3808 prior
1203 3727 1304 3788 breuis
1326 3735 1355 3787 ta
1378 3723 1475 3803 ionga,
1498 3723 1563 3785 ‘ob’

271 3827 377 3898 breuis,
401 3829 517 3908 ‘penes’
540 3828 644 3889 ambae
667 3829 789 3899 breues,
813 3831 891 3910 ‘per'
913 3828 1029 3905 breuis.
1052 3831 1183 3909 ‘prope'
1205 3827 1308 3890 ambae
1333 3827 1455 3897 breues,
1480 3830 1563 3907 ‘pro-

268 3934 348 4010 pter'
380 3928 483 3992 ambae
506 3930 629 4001 breues,
660 3934 801 4010 ‘praeter’
824 3929 1006 4010 praelonga
1035 3940 1080 3992 ter
1109 3930 1223 4005 breuis,
1252 3932 1342 4009 ‘post’
1367 3928 1481 3999 breuis,
1510 3930 1563 3988 sed

269 4032 355 4111 longa
378 4034 533 4113 positione.
1421 4020 1423 4024 ὗ

339 4223 352 4270 1
371 4222 572 4287 praepositionis
590 4221 736 4270 arcttsntiue
754 4220 796 4270 adi
815 4221 898 4270 breuis
967 4220 1089 4271 iambus
1113 4219 1243 4284 bremonte
1260 4221 1336 4288 ambe
1353 4220 1443 4268 breues
1462 4229 1501 4268 est
1518 4219 1562 4267 nd-

271 4303 372 4338 uersum
439 4290 511 4339 ‹icir
530 4289 630 4348 breues,
648 4304 716 4339 corr.
736 4289 820 4338 breuis
872 4304 933 4353 ergo
952 4304 992 4338 rer
1009 4288 1094 4337 breuis
1163 4288 1275 4352 lpeues
1294 4288 1427 4337 ambreucs

357 4460 427 4530 Quis
449 4461 499 4519 illc
520 4463 559 4520 sit
581 4468 704 4534 amtor,
729 4458 845 4534 nescio,
868 4461 923 4519 secl
943 4462 982 4519 de
1003 4461 1107 4520 ecdem
1129 4476 1164 4519 re
1185 4465 1395 4521 troclauerunt
1416 4459 1564 4532 [Probus]

269 4562 307 4621 cle
329 4562 440 4622 ultimis
460 4560 585 4637 syllabis
602 4580 636 4637 p.
662 4568 734 4633 253,
761 4568 798 4620 28
824 4568 853 4620 et
874 4560 1002 4621 Seruius
1024 4564 1063 4621 tle
1081 4559 1226 4633 finalibus
1243 4580 1276 4639 p.
1301 4569 1374 4634 454,
1400 4567 1453 4634 27,
1483 4570 1561 4620 uter·

269 4680 327 4737 que
355 4678 430 4722 nero
458 4665 521 4736 itu,
551 4671 584 4723 ut
610 4679 630 4721 c
658 4671 760 4722 nostro
783 4665 896 4738 procul
923 4661 1082 4739 discrepet.
1130 4663 1217 4722 Beda
1240 4681 1357 4738 quoqne
1381 4680 1413 4738 p.
1442 4669 1518 4720 2363
1540 4661 1567 4719 P

167 4822 172 4830 ,
269 4763 347 4822 nillil
366 4765 473 4824 lorum
495 4763 594 4825 simile
610 4767 749 4839 protulit.

803 4900 1027 4907 ——--—-——---
