3382 5476
559 393 598 445 ΙΝ
618 395 704 448 DON.
722 394 848 446 ARTEM
866 395 1048 451 tttrtonmt.
1386 396 1447 462 207

149 589 247 660 perat,
278 598 367 658 quam
391 582 442 658 qui
465 590 555 660 optat.
601 580 694 641 Nemo
718 585 796 642 enim
820 583 877 643 sibi
900 585 956 663 ipsi
978 585 1127 663 imperare
1149 592 1263 664 potcst;
1294 586 1325 644 in
1348 585 1447 663 plura·

149 680 231 743 litate
254 699 328 742 uero
352 681 442 743 babet
463 687 591 761 primam
614 700 780 762 personam,
803 683 856 745 sed
879 685 972 762 magis
993 683 1141 745 bortatiua
1165 694 1218 754 est,
1241 704 1331 766 quam
1354 688 1448 765 impe·

151 784 256 844 ratiua.
305 783 378 844 Nam
407 785 471 862 ipsa
499 802 567 844 cum
596 782 660 844 aliis
682 786 782 846 iuncta
805 804 876 847 suos
898 787 995 846 socios
1016 786 1157 847 admonet
1177 786 1281 848 diceus
1303 787 1448 865 ‘legamus

149 884 280 946 intres’.
327 886 440 946 Dicitur
468 903 540 964 ergo
569 888 763 964 imperatiuus
794 886 832 946 ab
861 885 1050 966 imperando,
1073 884 1085 967 ΙΙ
1108 883 1168 947 119
1189 886 1200 970 ΙΙ
1222 906 1257 948 eo
1285 888 1362 968 quod
1393 907 1447 967 per

123 983 233 1046 sillum
262 988 459 1066 imperamus,
489 988 567 1047 sicut
595 986 743 1064 optatiuus
765 987 803 1049 ab
825 988 970 1067 optando,
999 1006 1053 1067 per
1080 1006 1168 1066 quem
1198 991 1276 1050 enim
1299 999 1445 1069 optamus,

150 1087 229 1168 quod
261 1087 373 1149 habere
406 1090 546 1168 cupimus
574 1096 605 1148 et
631 1091 719 1148 tertio
747 1092 777 1150 in
804 1089 870 1149 loco
897 1092 1032 1169 ponitur,
1067 1092 1136 1168 quia
1166 1090 1357 1170 imperfectus
1387 1101 1445 1157 est:

149 1206 219 1250 uam
247 1187 298 1248 illo
320 1187 464 1249 aduerbio
488 1189 607 1268 optandi
631 1197 711 1267 eget,
736 1190 814 1270 quod
844 1200 890 1252 est
912 1193 1050 1252 ‘utinam’
1073 1199 1103 1252 et
1125 1210 1178 1253 sua
1202 1202 1334 1272 tempora
1357 1191 1447 1253 habet

149 1292 316 1360 coniuncte,
340 1289 479 1351 uidelicet
500 1309 643 1369 praesens
666 1298 695 1351 et
717 1294 910 1371 praeteritum
929 1294 1145 1372 imperfectum,
1169 1294 1361 1373 praeteritum
1377 1311 1445 1371 per-

149 1390 260 1453 fectum
292 1401 322 1453 et
349 1392 682 1473 plusquamperfectum.
728 1393 938 1454 Coniunctiuus
966 1396 1023 1454 iam
1047 1395 1076 1453 in
1100 1402 1207 1474 quarto
1230 1393 1296 1455 loco
1324 1395 1446 1474 ponitur

110 1508 185 1554 roeo
213 1493 293 1573 qood
324 1493 526 1572 imperfectior
554 1501 613 1562 est:
650 1512 708 1554 non
736 1493 830 1555 solum
859 1497 938 1556 enim
968 1495 1026 1556 alio
1054 1494 1148 1557 uerbo
1171 1505 1252 1575 eget,
1275 1496 1327 1556 sed
1357 1498 1444 1557 etiam

149 1593 293 1674 particula
318 1597 348 1654 ·l·
371 1594 515 1656 aduerbio
538 1596 689 1675 temporis,
713 1595 791 1674 quod
815 1604 859 1655 est
881 1598 971 1666 cum’,
988 1605 1035 1658 ut:
1058 1599 1151 1658 ‘curn’
1167 1599 1339 1658 inuocarem
1356 1615 1444 1658 exau-

147 1682 244 1771 diuit’,
267 1697 348 1757 ‘cum
372 1694 530 1756 tribularer
552 1696 701 1757 clamaui’.
739 1697 853 1759 Dicitur
876 1715 948 1776 ergo
970 1700 1178 1760 coniunctiuus
1193 1719 1209 1760 a
1224 1699 1443 1778 coniungendo,

148 1797 284 1877 eoquod
307 1796 366 1858 sibi
388 1799 548 1875 coniungat
571 1797 649 1858 aliud
673 1797 810 1861 uerbum.
848 1798 1015 1860 Infinitiuus
1036 1799 1145 1862 dicitur
1168 1804 1250 1881 quasi
1268 1818 1329 1861 non
1344 1801 1445 1861 linitus

147 1906 178 1958 et
198 1900 319 1977 ponitur
341 1901 373 1958 in
395 1899 497 1978 quinto
520 1897 595 1968 loco,
618 1899 696 1979 quod
719 1899 868 1978 prioribus
891 1893 1094 1982 imperfectior
1116 1912 1168 1963 est
1214 1903 1351 1964 Ostendit
1373 1920 1445 1980 ergo

108 1987 288 2070 ullonatus,
313 1999 363 2060 ubi
386 1998 434 2060 ille
458 2009 502 2062 est
523 2002 665 2071 infinitus,
688 2020 756 2062 cum
779 2001 849 2063 dicit
872 2005 1018 2064 ‘numeris
1040 2012 1069 2064 et
1091 2005 1251 2084 personis’.
1287 2004 1346 2065 lste
1365 2006 1444 2064 enim

147 2102 253 2163 modus
281 2111 394 2162 certum
424 2119 583 2163 numerum
611 2110 641 2163 et
669 2112 780 2163 certam
809 2123 968 2183 personam
997 2104 1108 2167 babere
1136 2124 1194 2167 non
1217 2114 1316 2186 potest
1338 2115 1367 2166 et
1390 2124 1443 2167 sua

146 2211 279 2284 tempora
313 2205 389 2264 sicut
424 2205 572 2283 optatinus
610 2205 790 2265 coniunctim
824 2206 964 2285 possidet
1017 2209 1114 2268 Vtitur
1146 2226 1218 2286 ergo
1252 2208 1444 2268 uoluntatiuis

145 2306 247 2367 uerbis
263 2303 478 2373 tantummodo,
495 2313 528 2365 ut
542 2304 655 2384 ‘legere
672 2304 740 2366 uolo
758 2308 801 2367 uis
818 2306 904 2378 uult’,
922 2308 1035 2387 ‘legere
1052 2308 1192 2370 uolumus
1208 2307 1297 2370 uultis
1312 2308 1440 2369 uolunt'.

145 2407 355 2488 impersonalis
387 2416 503 2469 sextum
535 2406 651 2468 obtinet
681 2407 794 2478 locum,
828 2410 896 2489 quia
929 2410 1202 2490 imperfectissimus
1226 2419 1271 2470 εει
1298 2412 1442 2471 omnium.

106 2530 133 2570 ao
146 2508 261 2571 {licitur
283 2526 356 2588 ergo
378 2509 586 2590 impersonalis
608 2512 693 2590 quasi
716 2528 775 2570 non
799 2510 965 2588 personalis
981 2512 1010 2571 ·i·
1027 2512 1090 2571 sine
1106 2530 1244 2592 persona,
1261 2511 1315 2573 sed
1337 2513 1444 2591 recipit

144 2610 202 2671 sibi
223 2610 463 2690 supplementum
486 2631 502 2672 a
525 2613 660 2690 personis
681 2614 906 2690 pronominum,
936 2618 967 2671 nt
989 2611 1109 2691 ‘legitur
1132 2632 1147 2673 a
1170 2633 1218 2674 me
1241 2631 1256 2673 e
1281 2621 1310 2674 te
1332 2612 1370 2673 ab
1391 2613 1443 2673 illo

145 2711 271 2773 anobis
293 2731 309 2773 a
332 2711 419 2773 uobis
441 2711 479 2773 ab
501 2712 580 2774 illis’.
626 2711 688 2773 lloc
711 2732 829 2794 quoque
852 2714 1005 2775 sciendum
1036 2723 1081 2775 εει
1103 2716 1242 2794 quoniam
1272 2733 1306 2775 ex
1330 2715 1443 2794 passini
1520 2720 1524 2725 ’

144 2814 240 2875 tertiis
261 2815 399 2893 personis
421 2816 518 2874 oritur
540 2814 646 2875 modus
669 2815 875 2893 impersonalis
898 2827 927 2877 ει
941 2815 997 2876 sub
1013 2815 1176 2879 litteratura
1192 2817 1304 2897 passini
1320 2833 1441 2877 sensum

143 2915 233 2976 babet
247 2916 352 2984 actiui,
370 2923 403 2976 ut
416 2914 538 2993 ‘legitur
553 2935 569 2976 a
585 2919 658 2987 me',
683 2919 712 2976 ·i·
729 2934 785 2995 ego
800 2917 876 2997 lego,
899 2917 1020 2996 ‘legitur
1035 2937 1051 2978 a
1068 2922 1119 2989 ιε’,
1144 2919 1173 2978 ·i·
1198 2928 1229 2980 tu
1245 2918 1335 2996 legis,
1359 2915 1443 2996 ‘legl-

104 3026 195 3079 ntur
216 3017 254 3079 ab
275 3017 350 3087 illo'‚
374 3016 450 3078 idest
471 3016 521 3078 ille
543 3018 635 3079 frater
658 3018 739 3098 legit.
777 3020 810 3081 ll.
830 3021 982 3081 Formae
1004 3019 1203 3081 uerborum
1226 3029 1316 3100 quot
1336 3021 1499 3080 suntl³⁵⁹¹
1515 3032 1539 3069 10

144 3119 262 3189 Forma,
279 3137 355 3200 quae
371 3118 484 3179 Graece
499 3115 605 3192 τύπος
621 3129 721 3191 εοιιει,
738 3121 847 3183 ιΙίεἱιιιι
863 3122 900 3183 ab
915 3121 1113 3193 informando,
1131 3141 1166 3183 eo
1183 3121 1260 3201 quod
1278 3139 1333 3183 nos
1347 3123 1440 3183 infor·

145 3227 206 3281 met
222 3222 251 3280 ·i·
267 3228 349 3300 aptet
364 3220 400 3281 ad
415 3238 535 3281 sensum
553 3221 637 3282 uerbi
653 3221 895 3302 intellegendum.
933 3225 969 3285 Et
990 3223 1048 3284 boc
1069 3223 1364 3285 animaduertendum
1388 3231 1441 3293 est,

143 3322 212 3399 quia
235 3323 308 3382 baec
330 3320 388 3383 duo
411 3340 531 3402 semper
553 3324 745 3385 inueniuntur
773 3327 804 3385 in
835 3325 930 3386 uerbo
951 3321 962 3406 ΙΙ
986 3322 1047 3384 120
1067 3321 1079 3405 p
1096 3334 1125 3386 ει
1147 3342 1239 3386 ιιιιιιιιι
1261 3326 1327 3384 εἰιιε
1349 3323 1442 3385 εΙιειο

145 3442 289 3504 nusquam
318 3427 479 3504 reperitur.
525 3424 613 3485 Verbi
635 3428 729 3502 gretia
759 3424 825 3505 lego
852 3426 1033 3487 indicatiuus
1061 3426 1167 3486 modus
1195 3435 1225 3486 et
1250 3426 1345 3486 forma
1373 3442 1441 3504 per·

105 3522 245 3595 etseras
266 3525 392 3586 lecturio
419 3525 600 3587 indicatiuus
627 3534 656 3586 et
683 3527 777 3589 forma
801 3526 980 3589 meditatiua.
1024 3526 1101 3596 Quid
1126 3536 1172 3587 est
1193 3527 1307 3588 formai
1336 3545 1443 3588 seusus

144 3627 229 3688 uerbi
250 3637 281 3689 et
303 3627 415 3689 dicitur
436 3630 609 3708 perfecta
631 3631 737 3698 forma,
762 3620 798 3689 e'o
820 3627 898 3708 quod
921 3628 1084 3708 perfectam
1107 3647 1169 3689 rem
1193 3627 1386 3697 demonstrat,
1410 3638 1443 3689 ut

144 3744 201 3806 ego
222 3728 332 3791 scribo.
375 3729 600 3790 Meditatiua
623 3729 731 3791 dicitur
753 3749 769 3792 a
792 3730 962 3791 meditando
986 3731 1015 3790 ·i·
1032 3749 1049 3791 a
1064 3729 1230 3810 cogitando,
1253 3739 1286 3792 ut
1306 3733 1441 3811 parturio
1454 3760 1499 3806 ιιι,
1515 3762 1537 3798 n

145 3830 177 3889 ·i·
200 3848 307 3910 parere
329 3833 437 3910 cogito.
483 3830 635 3893 Parturire
657 3841 701 3893 est
723 3839 791 3893 ante
813 3839 931 3911 partum
955 3830 1072 3902 dolere,
1101 3850 1209 3912 parere
1233 3850 1306 3893 uero
1329 3834 1440 3894 foetum

144 3933 291 3995 emittere.
313 3933 419 3994 Esurio
434 3933 463 3991 ·i·
488 3952 553 3994 esse
577 3935 690 4012 cogito:
715 3936 765 4014 qui
788 3935 867 3995 enim
890 3936 992 4004 esurit,
1016 3952 1135 4014 semper
1157 3937 1277 4014 cogitat,
1301 3942 1334 3995 ut
1356 3953 1440 3996 man·

104 4052 131 4092 ει
144 4033 241 4095 ducet.
267 4034 566 4113 Frequentatiua
590 4035 697 4096 dicitur
713 4055 728 4096 a
745 4035 961 4117 frequentando
979 4035 1007 4096 ·i·
1025 4054 1040 4096 a
1057 4052 1146 4114 saepe
1162 4036 1278 4114 agendo
1293 4045 1326 4098 ut
1340 4036 1441 4098 lectlto

143 4135 186 4195 ·i·
210 4154 299 4216 saepe
321 4134 396 4212 lego.
442 4136 668 4198 lncbbatiua
691 4138 801 4200 dicitur
823 4138 861 4199 ab
883 4135 1051 4220 inchoando
1074 4138 1115 4197 ·l·
1139 4137 1176 4198 ab
1199 4139 1385 4218 incipiendo,
1408 4146 1441 4200 ut

142 4235 259 4299 calesco
288 4237 318 4297 ·l·
348 4236 446 4299 calere
475 4238 597 4316 incipio.
641 4238 751 4301 lncboo
773 4258 807 4302 as
828 4239 984 4300 inchoatus
1005 4236 1136 4300 inchoati
1159 4238 1256 4300 addita
1280 4258 1317 4300 ua
1340 4241 1372 4300 fit
1394 4241 1440 4299 in·

143 4338 288 4400 choatiua.
335 4338 495 4399 Sciendum
524 4348 585 4415 est,
615 4343 682 4418 quia
711 4341 768 4402 hoc
795 4340 920 4402 uerbum
944 4340 1090 4402 Graecum
1120 4349 1173 4403 est.
1217 4339 1337 4403 Nullum
1360 4342 1440 4402 enim

143 4440 271 4501 uerbum
292 4440 371 4520 apud
394 4440 512 4502 Latinos
535 4441 625 4504 babet
646 4463 665 4504 o
687 4453 755 4503 ante
778 4463 806 4512 ο,
833 4449 863 4503 ει
885 4443 967 4504 uenit
989 4462 1005 4503 a
1028 4445 1149 4504 nomine
1170 4441 1248 4522 quod
1272 4448 1317 4503 est
1338 4443 1439 4504 cbaos.

103 4559 130 4600 so
143 4539 240 4604 Chaos
261 4548 360 4603 autem
383 4551 429 4603 est
450 4542 650 4623 primordialis
672 4546 805 4606 confusio
822 4546 852 4604 ·i·
869 4546 1039 4606 commixtio
1063 4553 1202 4623 quattuor
1223 4543 1439 4607 elementorum

210 4797 227 4846 5
244 4812 291 4863 per
308 4813 383 4861 quem
402 4796 483 4866 enim]
504 4801 600 4850 ‘enim'
618 4801 706 4849 delere
728 4816 778 4850 aon
799 4815 876 4850 auam
897 4815 964 4865 cara,
988 4803 1049 4868 quia
1065 4809 1092 4851 et
1109 4802 1161 4852 atio
1179 4802 1307 4852 neoterice
1325 4801 1395 4851 dicta
1412 4802 1438 4851 ιἰι
1504 4811 1510 4824 ’

141 4863 189 4916 boc
206 4872 319 4915 tractatu
336 4867 512 4918 occumbunt.
581 4869 694 4917 tltercio
780 4870 811 4919 17
830 4868 1004 4918 uoltrntatiuus
1090 4871 1123 4918 26
1141 4885 1215 4934 grece
1284 4869 1317 4920 38
1335 4883 1437 4934 grecum
1523 4941 1527 4948 ι
