<?xml version="1.0" encoding="UTF-8"?>
<!DOCTYPE html PUBLIC "-//W3C//DTD XHTML 1.0 Transitional//EN"
    "http://www.w3.org/TR/xhtml1/DTD/xhtml1-transitional.dtd">
<html xmlns="http://www.w3.org/1999/xhtml" xml:lang="en" lang="en">
 <head>
  <title>
</title>
<meta http-equiv="Content-Type" content="text/html;charset=utf-8" />
  <meta name='ocr-system' content='tesseract 3.04.00' />
  <meta name='ocr-capabilities' content='ocr_page ocr_carea ocr_par ocr_line ocrx_word'/>
</head>
<body>
  <div class='ocr_page' id='page_1' title='image "./grammaticilatin06keilgoog_0496.png"; bbox 0 0 3382 5476; ppageno 0'>
   <div class='ocr_carea' id='block_1_1' title="bbox 545 390 1436 455">
    <p class='ocr_par' dir='ltr' id='par_1_1' title="bbox 545 390 1436 455">
     <span class='ocr_line' id='line_1_1' title="bbox 545 390 1436 455; baseline 0.011 -10"><span class='ocrx_word' id='word_1_1' title='bbox 545 394 585 445; x_wconf 86' lang='lat' dir='ltr'><strong>rn</strong></span> <span class='ocrx_word' id='word_1_2' title='bbox 602 394 687 445; x_wconf 83' lang='lat' dir='ltr'><strong>oon.</strong></span> <span class='ocrx_word' id='word_1_3' title='bbox 706 393 832 445; x_wconf 81' lang='lat' dir='ltr'><strong>aaran</strong></span> <span class='ocrx_word' id='word_1_4' title='bbox 850 391 1029 444; x_wconf 77' lang='lat' dir='ltr'><strong>amusan.</strong></span> <span class='ocrx_word' id='word_1_5' title='bbox 1374 390 1436 455; x_wconf 80' lang='lat'><strong>221</strong></span> 
     </span>
    </p>
   </div>
   <div class='ocr_carea' id='block_1_2' title="bbox 113 578 1438 1473">
    <p class='ocr_par' dir='ltr' id='par_1_2' title="bbox 138 578 1438 964">
     <span class='ocr_line' id='line_1_2' title="bbox 140 578 1436 662; baseline -0.002 -18"><span class='ocrx_word' id='word_1_6' title='bbox 140 582 189 644; x_wconf 93' lang='lat' dir='ltr'><strong>hic</strong></span> <span class='ocrx_word' id='word_1_7' title='bbox 210 581 343 643; x_wconf 84' lang='lat' dir='ltr'><strong>Donatus</strong></span> <span class='ocrx_word' id='word_1_8' title='bbox 371 580 612 662; x_wconf 90' lang='lat' dir='ltr'><strong>comprehendit,</strong></span> <span class='ocrx_word' id='word_1_9' title='bbox 643 580 861 642; x_wconf 78' lang='lat' dir='ltr'><strong>Priscianus</strong></span> <span class='ocrx_word' id='word_1_10' title='bbox 888 583 919 640; x_wconf 94' lang='lat' dir='ltr'><strong>in</strong></span> <span class='ocrx_word' id='word_1_11' title='bbox 947 587 1086 660; x_wconf 89' lang='lat' dir='ltr'><strong>quattuor</strong></span> <span class='ocrx_word' id='word_1_12' title='bbox 1113 578 1219 640; x_wconf 90' lang='lat' dir='ltr'><strong>diuidit</strong></span> <span class='ocrx_word' id='word_1_13' title='bbox 1245 580 1436 649; x_wconf 81' lang='lat' dir='ltr'><strong>differentias,</strong></span> 
     </span>
     <span class='ocr_line' id='line_1_3' title="bbox 139 678 1438 758; baseline -0.005 -12"><span class='ocrx_word' id='word_1_14' title='bbox 139 683 324 746; x_wconf 74' lang='lat' dir='ltr'><strong>articulatam</strong></span> <span class='ocrx_word' id='word_1_15' title='bbox 349 683 488 744; x_wconf 89' lang='lat' dir='ltr'><strong>uidelicet</strong></span> <span class='ocrx_word' id='word_1_16' title='bbox 509 691 539 742; x_wconf 91' lang='lat' dir='ltr'><strong>et</strong></span> <span class='ocrx_word' id='word_1_17' title='bbox 560 682 792 752; x_wconf 78' lang='lat' dir='ltr'><strong>inarticulatam,</strong></span> <span class='ocrx_word' id='word_1_18' title='bbox 815 683 973 744; x_wconf 79' lang='lat' dir='ltr'><strong>litteratam</strong></span> <span class='ocrx_word' id='word_1_19' title='bbox 995 690 1025 742; x_wconf 88' lang='lat' dir='ltr'><strong>et</strong></span> <span class='ocrx_word' id='word_1_20' title='bbox 1039 680 1234 749; x_wconf 89' lang='lat' dir='ltr'><strong>illitteratam,</strong></span> <span class='ocrx_word' id='word_1_21' title='bbox 1258 697 1334 758; x_wconf 90' lang='lat' dir='ltr'><strong>quae</strong></span> <span class='ocrx_word' id='word_1_22' title='bbox 1349 678 1438 741; x_wconf 84' lang='lat' dir='ltr'><strong>binae</strong></span> 
     </span>
     <span class='ocr_line' id='line_1_4' title="bbox 138 782 1436 863; baseline -0.002 -18"><span class='ocrx_word' id='word_1_23' title='bbox 138 786 267 847; x_wconf 89' lang='lat' dir='ltr'><strong>inuicem</strong></span> <span class='ocrx_word' id='word_1_24' title='bbox 296 787 472 845; x_wconf 90' lang='lat' dir='ltr'><strong>coniunctae</strong></span> <span class='ocrx_word' id='word_1_25' title='bbox 499 782 572 844; x_wconf 90' lang='lat' dir='ltr'><strong>alias</strong></span> <span class='ocrx_word' id='word_1_26' title='bbox 599 791 738 863; x_wconf 89' lang='lat' dir='ltr'><strong>quattuor</strong></span> <span class='ocrx_word' id='word_1_27' title='bbox 765 784 802 845; x_wconf 90' lang='lat' dir='ltr'><strong>de</strong></span> <span class='ocrx_word' id='word_1_28' title='bbox 829 802 862 844; x_wconf 89' lang='lat' dir='ltr'><strong>se</strong></span> <span class='ocrx_word' id='word_1_29' title='bbox 890 782 1033 844; x_wconf 90' lang='lat' dir='ltr'><strong>reddunt:</strong></span> <span class='ocrx_word' id='word_1_30' title='bbox 1063 782 1218 843; x_wconf 91' lang='lat' dir='ltr'><strong>articulata</strong></span> <span class='ocrx_word' id='word_1_31' title='bbox 1248 791 1276 842; x_wconf 90' lang='lat' dir='ltr'><strong>et</strong></span> <span class='ocrx_word' id='word_1_32' title='bbox 1298 782 1436 850; x_wconf 85' lang='lat' dir='ltr'><strong>litterata,</strong></span> 
     </span>
     <span class='ocr_line' id='line_1_5' title="bbox 140 881 1436 964; baseline -0.003 -18"><span class='ocrx_word' id='word_1_33' title='bbox 140 895 173 947; x_wconf 91' lang='lat' dir='ltr'><strong>ut</strong></span> <span class='ocrx_word' id='word_1_34' title='bbox 194 895 252 948; x_wconf 89' lang='lat' dir='ltr'><strong>est:</strong></span> <span class='ocrx_word' id='word_1_35' title='bbox 283 903 381 947; x_wconf 89' lang='lat' dir='ltr'><strong>arma</strong></span> <span class='ocrx_word' id='word_1_36' title='bbox 412 887 608 962; x_wconf 91' lang='lat' dir='ltr'><strong>uirumque</strong></span> <span class='ocrx_word' id='word_1_37' title='bbox 630 902 734 952; x_wconf 91' lang='lat' dir='ltr'><strong>cano,</strong></span> <span class='ocrx_word' id='word_1_38' title='bbox 766 903 841 964; x_wconf 91' lang='lat' dir='ltr'><strong>quae</strong></span> <span class='ocrx_word' id='word_1_39' title='bbox 864 883 1019 945; x_wconf 88' lang='lat' dir='ltr'><strong>articulata</strong></span> <span class='ocrx_word' id='word_1_40' title='bbox 1042 892 1167 945; x_wconf 89' lang='lat' dir='ltr'><strong>uocatur</strong></span> <span class='ocrx_word' id='word_1_41' title='bbox 1189 902 1225 943; x_wconf 94' lang='lat' dir='ltr'><strong>eo</strong></span> <span class='ocrx_word' id='word_1_42' title='bbox 1248 882 1327 959; x_wconf 88' lang='lat' dir='ltr'><strong>quod</strong></span> <span class='ocrx_word' id='word_1_43' title='bbox 1350 881 1436 943; x_wconf 91' lang='lat' dir='ltr'><strong>intel·</strong></span> 
     </span>
    </p>

    <p class='ocr_par' dir='ltr' id='par_1_3' title="bbox 113 984 1436 1473">
     <span class='ocr_line' id='line_1_6' title="bbox 113 984 1436 1068; baseline -0.005 -18"><span class='ocrx_word' id='word_1_44' title='bbox 113 988 191 1068; x_wconf 79' lang='lat' dir='ltr'><strong>eligi</strong></span> <span class='ocrx_word' id='word_1_45' title='bbox 213 997 323 1068; x_wconf 89' lang='lat' dir='ltr'><strong>potest,</strong></span> <span class='ocrx_word' id='word_1_46' title='bbox 353 985 480 1046; x_wconf 88' lang='lat' dir='ltr'><strong>litterata</strong></span> <span class='ocrx_word' id='word_1_47' title='bbox 505 1005 577 1047; x_wconf 89' lang='lat' dir='ltr'><strong>ucro</strong></span> <span class='ocrx_word' id='word_1_48' title='bbox 600 1004 635 1045; x_wconf 92' lang='lat' dir='ltr'><strong>eo</strong></span> <span class='ocrx_word' id='word_1_49' title='bbox 657 987 735 1066; x_wconf 86' lang='lat' dir='ltr'><strong>quod</strong></span> <span class='ocrx_word' id='word_1_50' title='bbox 759 986 859 1047; x_wconf 87' lang='lat' dir='ltr'><strong>scribi.</strong></span> <span class='ocrx_word' id='word_1_51' title='bbox 904 985 1062 1048; x_wconf 71' lang='lat' dir='ltr'><strong>articulata</strong></span> <span class='ocrx_word' id='word_1_52' title='bbox 1087 993 1116 1044; x_wconf 93' lang='lat' dir='ltr'><strong>et</strong></span> <span class='ocrx_word' id='word_1_53' title='bbox 1138 984 1302 1050; x_wconf 86' lang='lat' dir='ltr'><strong>illitterata,</strong></span> <span class='ocrx_word' id='word_1_54' title='bbox 1332 993 1363 1044; x_wconf 91' lang='lat' dir='ltr'><strong>ut</strong></span> <span class='ocrx_word' id='word_1_55' title='bbox 1385 1002 1436 1061; x_wconf 86' lang='lat' dir='ltr'><strong>ge-</strong></span> 
     </span>
     <span class='ocr_line' id='line_1_7' title="bbox 140 1086 1435 1155; baseline -0.004 -6"><span class='ocrx_word' id='word_1_56' title='bbox 140 1090 229 1150; x_wconf 89' lang='lat' dir='ltr'><strong>mitus</strong></span> <span class='ocrx_word' id='word_1_57' title='bbox 252 1088 407 1149; x_wconf 90' lang='lat' dir='ltr'><strong>hominum</strong></span> <span class='ocrx_word' id='word_1_58' title='bbox 432 1096 461 1147; x_wconf 93' lang='lat' dir='ltr'><strong>et</strong></span> <span class='ocrx_word' id='word_1_59' title='bbox 483 1087 596 1148; x_wconf 90' lang='lat' dir='ltr'><strong>sibilus.</strong></span> <span class='ocrx_word' id='word_1_60' title='bbox 634 1087 774 1148; x_wconf 89' lang='lat' dir='ltr'><strong>Litterata</strong></span> <span class='ocrx_word' id='word_1_61' title='bbox 797 1096 826 1148; x_wconf 90' lang='lat' dir='ltr'><strong>et</strong></span> <span class='ocrx_word' id='word_1_62' title='bbox 847 1086 1032 1148; x_wconf 88' lang='lat' dir='ltr'><strong>inarticulata</strong></span> <span class='ocrx_word' id='word_1_63' title='bbox 1050 1095 1108 1155; x_wconf 91' lang='lat' dir='ltr'><strong>est,</strong></span> <span class='ocrx_word' id='word_1_64' title='bbox 1131 1087 1207 1147; x_wconf 89' lang='lat' dir='ltr'><strong>sicut</strong></span> <span class='ocrx_word' id='word_1_65' title='bbox 1222 1103 1279 1145; x_wconf 83' lang='lat' dir='ltr'><strong>uox</strong></span> <span class='ocrx_word' id='word_1_66' title='bbox 1295 1101 1435 1145; x_wconf 88' lang='lat' dir='ltr'><strong>ranarum</strong></span> 
     </span>
     <span class='ocr_line' id='line_1_8' title="bbox 138 1184 1434 1266; baseline -0.005 -14"><span class='ocrx_word' id='word_1_67' title='bbox 138 1199 169 1252; x_wconf 92' lang='lat' dir='ltr'><strong>et</strong></span> <span class='ocrx_word' id='word_1_68' title='bbox 191 1208 365 1259; x_wconf 89' lang='lat' dir='ltr'><strong>cornorum,</strong></span> <span class='ocrx_word' id='word_1_69' title='bbox 391 1198 423 1249; x_wconf 90' lang='lat' dir='ltr'><strong>ut</strong></span> <span class='ocrx_word' id='word_1_70' title='bbox 445 1208 517 1249; x_wconf 79' lang='lat' dir='ltr'><strong>coar</strong></span> <span class='ocrx_word' id='word_1_71' title='bbox 540 1207 605 1258; x_wconf 89' lang='lat' dir='ltr'><strong>cra,</strong></span> <span class='ocrx_word' id='word_1_72' title='bbox 630 1206 704 1265; x_wconf 87' lang='lat' dir='ltr'><strong>quae</strong></span> <span class='ocrx_word' id='word_1_73' title='bbox 720 1188 876 1258; x_wconf 87' lang='lat' dir='ltr'><strong>scribitur,</strong></span> <span class='ocrx_word' id='word_1_74' title='bbox 900 1187 953 1249; x_wconf 91' lang='lat' dir='ltr'><strong>sed</strong></span> <span class='ocrx_word' id='word_1_75' title='bbox 975 1206 1034 1248; x_wconf 90' lang='lat' dir='ltr'><strong>non</strong></span> <span class='ocrx_word' id='word_1_76' title='bbox 1049 1187 1236 1266; x_wconf 78' lang='lat' dir='ltr'><strong>intelligitur.</strong></span> <span class='ocrx_word' id='word_1_77' title='bbox 1281 1184 1434 1247; x_wconf 89' lang='lat' dir='ltr'><strong>illitterata</strong></span> 
     </span>
     <span class='ocr_line' id='line_1_9' title="bbox 137 1287 1436 1371; baseline -0.004 -19"><span class='ocrx_word' id='word_1_78' title='bbox 137 1300 167 1352; x_wconf 85' lang='lat' dir='ltr'><strong>et</strong></span> <span class='ocrx_word' id='word_1_79' title='bbox 193 1292 395 1361; x_wconf 85' lang='lat' dir='ltr'><strong>inarticulata,</strong></span> <span class='ocrx_word' id='word_1_80' title='bbox 430 1309 505 1371; x_wconf 89' lang='lat' dir='ltr'><strong>quae</strong></span> <span class='ocrx_word' id='word_1_81' title='bbox 535 1308 590 1350; x_wconf 90' lang='lat' dir='ltr'><strong>nec</strong></span> <span class='ocrx_word' id='word_1_82' title='bbox 618 1288 761 1351; x_wconf 87' lang='lat' dir='ltr'><strong>scribitur</strong></span> <span class='ocrx_word' id='word_1_83' title='bbox 789 1308 844 1351; x_wconf 91' lang='lat' dir='ltr'><strong>uec</strong></span> <span class='ocrx_word' id='word_1_84' title='bbox 871 1288 996 1369; x_wconf 78' lang='lat' dir='ltr'><strong>intelligi</strong></span> <span class='ocrx_word' id='word_1_85' title='bbox 1023 1295 1134 1369; x_wconf 91' lang='lat' dir='ltr'><strong>potest,</strong></span> <span class='ocrx_word' id='word_1_86' title='bbox 1163 1291 1240 1349; x_wconf 90' lang='lat' dir='ltr'><strong>sicut</strong></span> <span class='ocrx_word' id='word_1_87' title='bbox 1268 1287 1436 1349; x_wconf 82' lang='lat' dir='ltr'><strong>collisiones</strong></span> 
     </span>
     <span class='ocr_line' id='line_1_10' title="bbox 138 1392 1001 1473; baseline -0.005 -19"><span class='ocrx_word' id='word_1_88' title='bbox 138 1401 306 1473; x_wconf 89' lang='lat' dir='ltr'><strong>petrarum,</strong></span> <span class='ocrx_word' id='word_1_89' title='bbox 330 1411 436 1454; x_wconf 91' lang='lat' dir='ltr'><strong>cursus</strong></span> <span class='ocrx_word' id='word_1_90' title='bbox 458 1392 629 1460; x_wconf 88' lang='lat' dir='ltr'><strong>fluminum,</strong></span> <span class='ocrx_word' id='word_1_91' title='bbox 653 1393 768 1454; x_wconf 89' lang='lat' dir='ltr'><strong>sonitus</strong></span> <span class='ocrx_word' id='word_1_92' title='bbox 792 1393 1001 1452; x_wconf 89' lang='lat' dir='ltr'><strong>tonitruorum.</strong></span> 
     </span>
    </p>
   </div>
   <div class='ocr_carea' id='block_1_3' title="bbox 102 1577 908 1639">
    <p class='ocr_par' dir='ltr' id='par_1_4' title="bbox 102 1577 908 1639">
     <span class='ocr_line' id='line_1_11' title="bbox 102 1577 908 1639; baseline 0.002 -2"><span class='ocrx_word' id='word_1_93' title='bbox 102 1599 128 1638; x_wconf 87' lang='lat' dir='ltr'><strong>m</strong></span> <span class='ocrx_word' id='word_1_94' title='bbox 663 1578 712 1639; x_wconf 88' lang='lat' dir='ltr'><strong>DE</strong></span> <span class='ocrx_word' id='word_1_95' title='bbox 735 1577 908 1639; x_wconf 80' lang='lat' dir='ltr'><strong>LlTTElid.</strong></span> 
     </span>
    </p>
   </div>
   <div class='ocr_carea' id='block_1_4' title="bbox 99 1694 1513 4419">
    <p class='ocr_par' dir='ltr' id='par_1_5' title="bbox 137 1694 1435 2082">
     <span class='ocr_line' id='line_1_12' title="bbox 226 1694 1435 1776; baseline -0.002 -18"><span class='ocrx_word' id='word_1_96' title='bbox 226 1697 295 1759; x_wconf 88' lang='lat' dir='ltr'><strong>Post</strong></span> <span class='ocrx_word' id='word_1_97' title='bbox 317 1715 436 1766; x_wconf 92' lang='lat' dir='ltr'><strong>uocem,</strong></span> <span class='ocrx_word' id='word_1_98' title='bbox 460 1697 531 1776; x_wconf 80' lang='lat' dir='ltr'><strong>quid</strong></span> <span class='ocrx_word' id='word_1_99' title='bbox 547 1698 587 1757; x_wconf 93' lang='lat' dir='ltr'><strong>sit</strong></span> <span class='ocrx_word' id='word_1_100' title='bbox 601 1696 716 1765; x_wconf 91' lang='lat' dir='ltr'><strong>littera,</strong></span> <span class='ocrx_word' id='word_1_101' title='bbox 740 1696 873 1757; x_wconf 89' lang='lat' dir='ltr'><strong>dehniuit</strong></span> <span class='ocrx_word' id='word_1_102' title='bbox 888 1706 919 1757; x_wconf 90' lang='lat' dir='ltr'><strong>et</strong></span> <span class='ocrx_word' id='word_1_103' title='bbox 934 1695 1010 1758; x_wconf 90' lang='lat' dir='ltr'><strong>bene</strong></span> <span class='ocrx_word' id='word_1_104' title='bbox 1026 1705 1093 1776; x_wconf 89' lang='lat' dir='ltr'><strong>post</strong></span> <span class='ocrx_word' id='word_1_105' title='bbox 1109 1715 1229 1766; x_wconf 89' lang='lat' dir='ltr'><strong>uocem,</strong></span> <span class='ocrx_word' id='word_1_106' title='bbox 1253 1697 1321 1776; x_wconf 91' lang='lat' dir='ltr'><strong>quia</strong></span> <span class='ocrx_word' id='word_1_107' title='bbox 1337 1694 1435 1756; x_wconf 92' lang='lat' dir='ltr'><strong>littera</strong></span> 
     </span>
     <span class='ocr_line' id='line_1_13' title="bbox 139 1799 1434 1877; baseline -0.002 -17"><span class='ocrx_word' id='word_1_108' title='bbox 139 1803 257 1877; x_wconf 92' lang='lat' dir='ltr'><strong>signum</strong></span> <span class='ocrx_word' id='word_1_109' title='bbox 281 1808 328 1860; x_wconf 91' lang='lat' dir='ltr'><strong>est</strong></span> <span class='ocrx_word' id='word_1_110' title='bbox 349 1801 440 1860; x_wconf 90' lang='lat' dir='ltr'><strong>uocis.</strong></span> <span class='ocrx_word' id='word_1_111' title='bbox 485 1799 574 1877; x_wconf 91' lang='lat' dir='ltr'><strong>Signa</strong></span> <span class='ocrx_word' id='word_1_112' title='bbox 597 1807 695 1859; x_wconf 92' lang='lat' dir='ltr'><strong>autem</strong></span> <span class='ocrx_word' id='word_1_113' title='bbox 718 1806 787 1858; x_wconf 91' lang='lat' dir='ltr'><strong>sunt</strong></span> <span class='ocrx_word' id='word_1_114' title='bbox 809 1806 861 1858; x_wconf 93' lang='lat' dir='ltr'><strong>aut</strong></span> <span class='ocrx_word' id='word_1_115' title='bbox 882 1800 965 1876; x_wconf 91' lang='lat' dir='ltr'><strong>signa</strong></span> <span class='ocrx_word' id='word_1_116' title='bbox 981 1816 1081 1859; x_wconf 89' lang='lat' dir='ltr'><strong>rerum</strong></span> <span class='ocrx_word' id='word_1_117' title='bbox 1097 1806 1147 1858; x_wconf 95' lang='lat' dir='ltr'><strong>aut</strong></span> <span class='ocrx_word' id='word_1_118' title='bbox 1162 1801 1246 1876; x_wconf 90' lang='lat' dir='ltr'><strong>signa</strong></span> <span class='ocrx_word' id='word_1_119' title='bbox 1268 1800 1434 1876; x_wconf 90' lang='lat' dir='ltr'><strong>signorum.</strong></span> 
     </span>
     <span class='ocr_line' id='line_1_14' title="bbox 140 1896 1434 1979; baseline -0.003 -18"><span class='ocrx_word' id='word_1_120' title='bbox 140 1900 257 1962; x_wconf 72' lang='lat' dir='ltr'><strong>‘Terra&#39;</strong></span> <span class='ocrx_word' id='word_1_121' title='bbox 281 1902 359 1962; x_wconf 87' lang='lat' dir='ltr'><strong>enim</strong></span> <span class='ocrx_word' id='word_1_122' title='bbox 376 1901 493 1979; x_wconf 91' lang='lat' dir='ltr'><strong>signum</strong></span> <span class='ocrx_word' id='word_1_123' title='bbox 509 1909 553 1960; x_wconf 90' lang='lat' dir='ltr'><strong>est</strong></span> <span class='ocrx_word' id='word_1_124' title='bbox 569 1900 627 1969; x_wconf 90' lang='lat' dir='ltr'><strong>rei,</strong></span> <span class='ocrx_word' id='word_1_125' title='bbox 651 1897 726 1959; x_wconf 90' lang='lat' dir='ltr'><strong>idest</strong></span> <span class='ocrx_word' id='word_1_126' title='bbox 747 1898 939 1969; x_wconf 86' lang='lat' dir='ltr'><strong>substantiae,</strong></span> <span class='ocrx_word' id='word_1_127' title='bbox 962 1898 1077 1960; x_wconf 90' lang='lat' dir='ltr'><strong>litterae</strong></span> <span class='ocrx_word' id='word_1_128' title='bbox 1100 1907 1209 1969; x_wconf 89' lang='lat' dir='ltr'><strong>autem,</strong></span> <span class='ocrx_word' id='word_1_129' title='bbox 1232 1896 1341 1976; x_wconf 85' lang='lat' dir='ltr'><strong>quibus</strong></span> <span class='ocrx_word' id='word_1_130' title='bbox 1362 1897 1434 1958; x_wconf 93' lang='lat' dir='ltr'><strong>illud</strong></span> 
     </span>
     <span class='ocr_line' id='line_1_15' title="bbox 137 1999 1435 2082; baseline -0.004 -18"><span class='ocrx_word' id='word_1_131' title='bbox 137 2020 247 2064; x_wconf 91' lang='lat' dir='ltr'><strong>nomen</strong></span> <span class='ocrx_word' id='word_1_132' title='bbox 263 2002 341 2082; x_wconf 90' lang='lat' dir='ltr'><strong>quod</strong></span> <span class='ocrx_word' id='word_1_133' title='bbox 358 2010 403 2062; x_wconf 88' lang='lat' dir='ltr'><strong>est</strong></span> <span class='ocrx_word' id='word_1_134' title='bbox 419 2005 525 2063; x_wconf 87' lang='lat' dir='ltr'><strong>‘terra’</strong></span> <span class='ocrx_word' id='word_1_135' title='bbox 540 1999 690 2069; x_wconf 85' lang='lat' dir='ltr'><strong>scribitur,</strong></span> <span class='ocrx_word' id='word_1_136' title='bbox 714 2001 799 2079; x_wconf 88' lang='lat' dir='ltr'><strong>signa</strong></span> <span class='ocrx_word' id='word_1_137' title='bbox 820 2008 890 2062; x_wconf 91' lang='lat' dir='ltr'><strong>sunt</strong></span> <span class='ocrx_word' id='word_1_138' title='bbox 912 2003 1004 2080; x_wconf 90' lang='lat' dir='ltr'><strong>signi,</strong></span> <span class='ocrx_word' id='word_1_139' title='bbox 1028 2000 1105 2061; x_wconf 89' lang='lat' dir='ltr'><strong>idest</strong></span> <span class='ocrx_word' id='word_1_140' title='bbox 1120 1999 1248 2061; x_wconf 91' lang='lat' dir='ltr'><strong>nominis</strong></span> <span class='ocrx_word' id='word_1_141' title='bbox 1263 2017 1326 2061; x_wconf 90' lang='lat' dir='ltr'><strong>rem</strong></span> <span class='ocrx_word' id='word_1_142' title='bbox 1342 2000 1435 2079; x_wconf 90' lang='lat' dir='ltr'><strong>signi·</strong></span> 
     </span>
    </p>

    <p class='ocr_par' dir='ltr' id='par_1_6' title="bbox 99 2098 1513 4419">
     <span class='ocr_line' id='line_1_16' title="bbox 101 2098 1433 2183; baseline -0.002 -22"><span class='ocrx_word' id='word_1_143' title='bbox 101 2123 126 2162; x_wconf 81' lang='lat' dir='ltr'><strong>aa</strong></span> <span class='ocrx_word' id='word_1_144' title='bbox 138 2105 264 2165; x_wconf 83' lang='lat' dir='ltr'><strong>licentis.</strong></span> <span class='ocrx_word' id='word_1_145' title='bbox 309 2103 393 2164; x_wconf 92' lang='lat' dir='ltr'><strong>Dicta</strong></span> <span class='ocrx_word' id='word_1_146' title='bbox 418 2098 541 2183; x_wconf 54' lang='lat' dir='ltr'><strong>[1le</strong></span> <span class='ocrx_word' id='word_1_147' title='bbox 566 2111 663 2162; x_wconf 90' lang='lat' dir='ltr'><strong>autem</strong></span> <span class='ocrx_word' id='word_1_148' title='bbox 692 2100 789 2162; x_wconf 85' lang='lat' dir='ltr'><strong>littera</strong></span> <span class='ocrx_word' id='word_1_149' title='bbox 815 2103 864 2164; x_wconf 91' lang='lat' dir='ltr'><strong>uel</strong></span> <span class='ocrx_word' id='word_1_150' title='bbox 894 2121 909 2163; x_wconf 94' lang='lat' dir='ltr'><strong>a</strong></span> <span class='ocrx_word' id='word_1_151' title='bbox 931 2102 1045 2170; x_wconf 88' lang='lat' dir='ltr'><strong>lituris,</strong></span> <span class='ocrx_word' id='word_1_152' title='bbox 1073 2101 1151 2162; x_wconf 89' lang='lat' dir='ltr'><strong>idest</strong></span> <span class='ocrx_word' id='word_1_153' title='bbox 1179 2099 1288 2162; x_wconf 90' lang='lat' dir='ltr'><strong>tabulis</strong></span> <span class='ocrx_word' id='word_1_154' title='bbox 1309 2102 1433 2161; x_wconf 88' lang='lat' dir='ltr'><strong>ceratis:</strong></span> 
     </span>
     <span class='ocr_line' id='line_1_17' title="bbox 139 2203 1435 2284; baseline -0.002 -20"><span class='ocrx_word' id='word_1_155' title='bbox 139 2221 207 2265; x_wconf 90' lang='lat' dir='ltr'><strong>nam</strong></span> <span class='ocrx_word' id='word_1_156' title='bbox 237 2203 342 2265; x_wconf 90' lang='lat' dir='ltr'><strong>liturae</strong></span> <span class='ocrx_word' id='word_1_157' title='bbox 371 2212 440 2264; x_wconf 92' lang='lat' dir='ltr'><strong>sunt</strong></span> <span class='ocrx_word' id='word_1_158' title='bbox 467 2203 585 2264; x_wconf 92' lang='lat' dir='ltr'><strong>tabulae</strong></span> <span class='ocrx_word' id='word_1_159' title='bbox 613 2211 745 2272; x_wconf 87' lang='lat' dir='ltr'><strong>ceratae,</strong></span> <span class='ocrx_word' id='word_1_160' title='bbox 776 2203 939 2284; x_wconf 89' lang='lat' dir='ltr'><strong>inquibus</strong></span> <span class='ocrx_word' id='word_1_161' title='bbox 966 2203 1138 2265; x_wconf 87' lang='lat' dir='ltr'><strong>scribebant</strong></span> <span class='ocrx_word' id='word_1_162' title='bbox 1166 2203 1280 2282; x_wconf 90' lang='lat' dir='ltr'><strong>antiqui</strong></span> <span class='ocrx_word' id='word_1_163' title='bbox 1303 2221 1336 2263; x_wconf 91' lang='lat' dir='ltr'><strong>ea</strong></span> <span class='ocrx_word' id='word_1_164' title='bbox 1359 2220 1435 2282; x_wconf 89' lang='lat' dir='ltr'><strong>quae</strong></span> 
     </span>
     <span class='ocr_line' id='line_1_18' title="bbox 137 2301 1434 2384; baseline -0.002 -17"><span class='ocrx_word' id='word_1_165' title='bbox 137 2304 346 2384; x_wconf 78' lang='lat' dir='ltr'><strong>excogitabant</strong></span> <span class='ocrx_word' id='word_1_166' title='bbox 376 2316 405 2367; x_wconf 92' lang='lat' dir='ltr'><strong>et</strong></span> <span class='ocrx_word' id='word_1_167' title='bbox 433 2308 560 2366; x_wconf 82' lang='lat' dir='ltr'><strong>maxime</strong></span> <span class='ocrx_word' id='word_1_168' title='bbox 587 2307 617 2364; x_wconf 93' lang='lat' dir='ltr'><strong>in</strong></span> <span class='ocrx_word' id='word_1_169' title='bbox 648 2305 800 2375; x_wconf 90' lang='lat' dir='ltr'><strong>noctibus;</strong></span> <span class='ocrx_word' id='word_1_170' title='bbox 833 2305 881 2366; x_wconf 92' lang='lat' dir='ltr'><strong>uel</strong></span> <span class='ocrx_word' id='word_1_171' title='bbox 915 2304 993 2383; x_wconf 90' lang='lat' dir='ltr'><strong>quod</strong></span> <span class='ocrx_word' id='word_1_172' title='bbox 1027 2304 1146 2384; x_wconf 91' lang='lat' dir='ltr'><strong>legendi</strong></span> <span class='ocrx_word' id='word_1_173' title='bbox 1177 2305 1235 2364; x_wconf 86' lang='lat' dir='ltr'><strong>iter</strong></span> <span class='ocrx_word' id='word_1_174' title='bbox 1267 2301 1434 2382; x_wconf 90' lang='lat' dir='ltr'><strong>legentibus</strong></span> 
     </span>
     <span class='ocr_line' id='line_1_19' title="bbox 136 2404 1433 2488; baseline -0.004 -19"><span class='ocrx_word' id='word_1_175' title='bbox 136 2407 294 2488; x_wconf 89' lang='lat' dir='ltr'><strong>praebeat;</strong></span> <span class='ocrx_word' id='word_1_176' title='bbox 322 2408 370 2468; x_wconf 90' lang='lat' dir='ltr'><strong>uel</strong></span> <span class='ocrx_word' id='word_1_177' title='bbox 392 2406 491 2468; x_wconf 88' lang='lat' dir='ltr'><strong>littera</strong></span> <span class='ocrx_word' id='word_1_178' title='bbox 514 2406 623 2468; x_wconf 89' lang='lat' dir='ltr'><strong>dicitur</strong></span> <span class='ocrx_word' id='word_1_179' title='bbox 650 2409 734 2486; x_wconf 92' lang='lat' dir='ltr'><strong>quasi</strong></span> <span class='ocrx_word' id='word_1_180' title='bbox 760 2407 899 2485; x_wconf 89' lang='lat' dir='ltr'><strong>legitera,</strong></span> <span class='ocrx_word' id='word_1_181' title='bbox 929 2425 964 2467; x_wconf 91' lang='lat' dir='ltr'><strong>eo</strong></span> <span class='ocrx_word' id='word_1_182' title='bbox 987 2407 1067 2485; x_wconf 89' lang='lat' dir='ltr'><strong>quod</strong></span> <span class='ocrx_word' id='word_1_183' title='bbox 1094 2407 1123 2465; x_wconf 96' lang='lat' dir='ltr'><strong>in</strong></span> <span class='ocrx_word' id='word_1_184' title='bbox 1148 2423 1238 2466; x_wconf 92' lang='lat' dir='ltr'><strong>uersu</strong></span> <span class='ocrx_word' id='word_1_185' title='bbox 1260 2404 1433 2482; x_wconf 79' lang='lat' dir='ltr'><strong>frequenter</strong></span> 
     </span>
     <span class='ocr_line' id='line_1_20' title="bbox 137 2507 1434 2589; baseline -0.003 -19"><span class='ocrx_word' id='word_1_186' title='bbox 137 2512 272 2572; x_wconf 90' lang='lat' dir='ltr'><strong>iteretur.</strong></span> <span class='ocrx_word' id='word_1_187' title='bbox 324 2508 502 2570; x_wconf 87' lang='lat' dir='ltr'><strong>Litterarum</strong></span> <span class='ocrx_word' id='word_1_188' title='bbox 536 2509 627 2587; x_wconf 89' lang='lat' dir='ltr'><strong>igitur</strong></span> <span class='ocrx_word' id='word_1_189' title='bbox 663 2507 776 2569; x_wconf 89' lang='lat' dir='ltr'><strong>diuersi</strong></span> <span class='ocrx_word' id='word_1_190' title='bbox 807 2516 976 2589; x_wconf 89' lang='lat' dir='ltr'><strong>repertores</strong></span> <span class='ocrx_word' id='word_1_191' title='bbox 1007 2510 1103 2570; x_wconf 88' lang='lat' dir='ltr'><strong>luere.</strong></span> <span class='ocrx_word' id='word_1_192' title='bbox 1160 2507 1276 2568; x_wconf 90' lang='lat' dir='ltr'><strong>Primus</strong></span> <span class='ocrx_word' id='word_1_193' title='bbox 1305 2522 1434 2583; x_wconf 89' lang='lat' dir='ltr'><strong>namque</strong></span> 
     </span>
     <span class='ocr_line' id='line_1_21' title="bbox 100 2606 1433 2690; baseline -0.003 -20"><span class='ocrx_word' id='word_1_194' title='bbox 100 2630 126 2670; x_wconf 83' lang='lat' dir='ltr'><strong>ao</strong></span> <span class='ocrx_word' id='word_1_195' title='bbox 139 2610 241 2672; x_wconf 90' lang='lat' dir='ltr'><strong>Enoch</strong></span> <span class='ocrx_word' id='word_1_196' title='bbox 266 2611 409 2690; x_wconf 89' lang='lat' dir='ltr'><strong>septimus</strong></span> <span class='ocrx_word' id='word_1_197' title='bbox 431 2607 467 2669; x_wconf 92' lang='lat' dir='ltr'><strong>ab</strong></span> <span class='ocrx_word' id='word_1_198' title='bbox 490 2608 583 2669; x_wconf 75' lang='lat' dir='ltr'><strong>Adam</strong></span> <span class='ocrx_word' id='word_1_199' title='bbox 605 2608 718 2671; x_wconf 90' lang='lat' dir='ltr'><strong>litteras</strong></span> <span class='ocrx_word' id='word_1_200' title='bbox 739 2612 909 2690; x_wconf 85' lang='lat' dir='ltr'><strong>repperisse</strong></span> <span class='ocrx_word' id='word_1_201' title='bbox 924 2609 1043 2678; x_wconf 88' lang='lat' dir='ltr'><strong>dicitur,</strong></span> <span class='ocrx_word' id='word_1_202' title='bbox 1061 2607 1138 2670; x_wconf 89' lang='lat' dir='ltr'><strong>unde</strong></span> <span class='ocrx_word' id='word_1_203' title='bbox 1154 2610 1182 2669; x_wconf 92' lang='lat' dir='ltr'><strong>in</strong></span> <span class='ocrx_word' id='word_1_204' title='bbox 1199 2607 1322 2687; x_wconf 89' lang='lat' dir='ltr'><strong>epistola</strong></span> <span class='ocrx_word' id='word_1_205' title='bbox 1344 2606 1433 2668; x_wconf 89' lang='lat' dir='ltr'><strong>ludae</strong></span> 
     </span>
     <span class='ocr_line' id='line_1_22' title="bbox 137 2709 1433 2792; baseline -0.003 -19"><span class='ocrx_word' id='word_1_206' title='bbox 137 2711 263 2792; x_wconf 87' lang='lat' dir='ltr'><strong>legitur:</strong></span> <span class='ocrx_word' id='word_1_207' title='bbox 288 2712 387 2772; x_wconf 89' lang='lat' dir='ltr'><strong>sicut</strong></span> <span class='ocrx_word' id='word_1_208' title='bbox 409 2712 566 2791; x_wconf 88' lang='lat' dir='ltr'><strong>scripsit</strong></span> <span class='ocrx_word' id='word_1_209' title='bbox 588 2714 771 2790; x_wconf 91' lang='lat' dir='ltr'><strong>septimus</strong></span> <span class='ocrx_word' id='word_1_210' title='bbox 793 2711 836 2772; x_wconf 93' lang='lat' dir='ltr'><strong>ab</strong></span> <span class='ocrx_word' id='word_1_211' title='bbox 859 2710 977 2771; x_wconf 78' lang='lat' dir='ltr'><strong>Adam.</strong></span> <span class='ocrx_word' id='word_1_212' title='bbox 1022 2709 1135 2771; x_wconf 91' lang='lat' dir='ltr'><strong>Deinde</strong></span> <span class='ocrx_word' id='word_1_213' title='bbox 1158 2709 1250 2771; x_wconf 88' lang='lat' dir='ltr'><strong>Gham</strong></span> <span class='ocrx_word' id='word_1_214' title='bbox 1272 2710 1348 2770; x_wconf 89' lang='lat' dir='ltr'><strong>lilius</strong></span> <span class='ocrx_word' id='word_1_215' title='bbox 1371 2709 1433 2770; x_wconf 86' lang='lat' dir='ltr'><strong>Noe</strong></span> 
     </span>
     <span class='ocr_line' id='line_1_23' title="bbox 136 2810 1433 2894; baseline -0.003 -19"><span class='ocrx_word' id='word_1_216' title='bbox 136 2831 337 2894; x_wconf 89' lang='lat' dir='ltr'><strong>praenoscens</strong></span> <span class='ocrx_word' id='word_1_217' title='bbox 365 2811 574 2892; x_wconf 76' lang='lat' dir='ltr'><strong>cataclysmum</strong></span> <span class='ocrx_word' id='word_1_218' title='bbox 603 2830 669 2873; x_wconf 90' lang='lat' dir='ltr'><strong>esse</strong></span> <span class='ocrx_word' id='word_1_219' title='bbox 697 2813 829 2874; x_wconf 82' lang='lat' dir='ltr'><strong>futurum</strong></span> <span class='ocrx_word' id='word_1_220' title='bbox 852 2814 923 2874; x_wconf 90' lang='lat' dir='ltr'><strong>lecit</strong></span> <span class='ocrx_word' id='word_1_221' title='bbox 945 2812 1017 2874; x_wconf 92' lang='lat' dir='ltr'><strong>duas</strong></span> <span class='ocrx_word' id='word_1_222' title='bbox 1040 2810 1207 2883; x_wconf 91' lang='lat' dir='ltr'><strong>columnas,</strong></span> <span class='ocrx_word' id='word_1_223' title='bbox 1236 2830 1325 2873; x_wconf 89' lang='lat' dir='ltr'><strong>unam</strong></span> <span class='ocrx_word' id='word_1_224' title='bbox 1354 2828 1433 2872; x_wconf 91' lang='lat' dir='ltr'><strong>mar·</strong></span> 
     </span>
     <span class='ocr_line' id='line_1_24' title="bbox 137 2913 1433 2995; baseline -0.005 -16"><span class='ocrx_word' id='word_1_225' title='bbox 137 2934 271 2978; x_wconf 90' lang='lat' dir='ltr'><strong>moream</strong></span> <span class='ocrx_word' id='word_1_226' title='bbox 301 2932 376 2995; x_wconf 86' lang='lat' dir='ltr'><strong>quae</strong></span> <span class='ocrx_word' id='word_1_227' title='bbox 405 2916 435 2974; x_wconf 92' lang='lat' dir='ltr'><strong>in</strong></span> <span class='ocrx_word' id='word_1_228' title='bbox 463 2932 537 2994; x_wconf 92' lang='lat' dir='ltr'><strong>aqua</strong></span> <span class='ocrx_word' id='word_1_229' title='bbox 565 2922 748 2984; x_wconf 86' lang='lat' dir='ltr'><strong>seruaretur,</strong></span> <span class='ocrx_word' id='word_1_230' title='bbox 778 2922 808 2976; x_wconf 93' lang='lat' dir='ltr'><strong>et</strong></span> <span class='ocrx_word' id='word_1_231' title='bbox 835 2913 958 2976; x_wconf 90' lang='lat' dir='ltr'><strong>alteram</strong></span> <span class='ocrx_word' id='word_1_232' title='bbox 986 2914 1167 2983; x_wconf 87' lang='lat' dir='ltr'><strong>latericiam,</strong></span> <span class='ocrx_word' id='word_1_233' title='bbox 1201 2930 1278 2991; x_wconf 86' lang='lat' dir='ltr'><strong>quae</strong></span> <span class='ocrx_word' id='word_1_234' title='bbox 1306 2915 1336 2972; x_wconf 89' lang='lat' dir='ltr'><strong>in</strong></span> <span class='ocrx_word' id='word_1_235' title='bbox 1364 2913 1433 2991; x_wconf 90' lang='lat' dir='ltr'><strong>igne</strong></span> 
     </span>
     <span class='ocr_line' id='line_1_25' title="bbox 138 3013 1433 3097; baseline -0.004 -18"><span class='ocrx_word' id='word_1_236' title='bbox 138 3018 273 3087; x_wconf 89' lang='lat' dir='ltr'><strong>duraret,</strong></span> <span class='ocrx_word' id='word_1_237' title='bbox 298 3015 405 3095; x_wconf 88' lang='lat' dir='ltr'><strong>quibus</strong></span> <span class='ocrx_word' id='word_1_238' title='bbox 428 3025 542 3094; x_wconf 89' lang='lat' dir='ltr'><strong>septem</strong></span> <span class='ocrx_word' id='word_1_239' title='bbox 564 3023 645 3077; x_wconf 90' lang='lat' dir='ltr'><strong>artes</strong></span> <span class='ocrx_word' id='word_1_240' title='bbox 667 3014 805 3078; x_wconf 89' lang='lat' dir='ltr'><strong>liberales</strong></span> <span class='ocrx_word' id='word_1_241' title='bbox 827 3016 949 3078; x_wconf 88' lang='lat' dir='ltr'><strong>tradidit</strong></span> <span class='ocrx_word' id='word_1_242' title='bbox 970 3024 1002 3077; x_wconf 88' lang='lat' dir='ltr'><strong>ut</strong></span> <span class='ocrx_word' id='word_1_243' title='bbox 1024 3023 1092 3097; x_wconf 88' lang='lat' dir='ltr'><strong>post</strong></span> <span class='ocrx_word' id='word_1_244' title='bbox 1117 3015 1260 3076; x_wconf 91' lang='lat' dir='ltr'><strong>diluuium</strong></span> <span class='ocrx_word' id='word_1_245' title='bbox 1289 3013 1433 3076; x_wconf 88' lang='lat' dir='ltr'><strong>stoliditas</strong></span> 
     </span>
     <span class='ocr_line' id='line_1_26' title="bbox 99 3115 1434 3199; baseline -0.003 -19"><span class='ocrx_word' id='word_1_246' title='bbox 99 3138 125 3180; x_wconf 81' lang='lat' dir='ltr'><strong>aa</strong></span> <span class='ocrx_word' id='word_1_247' title='bbox 138 3119 292 3182; x_wconf 92' lang='lat' dir='ltr'><strong>hominum</strong></span> <span class='ocrx_word' id='word_1_248' title='bbox 320 3115 480 3199; x_wconf 90' lang='lat' dir='ltr'><strong>pelleretur</strong></span> <span class='ocrx_word' id='word_1_249' title='bbox 503 3125 533 3178; x_wconf 90' lang='lat' dir='ltr'><strong>et</strong></span> <span class='ocrx_word' id='word_1_250' title='bbox 554 3135 679 3178; x_wconf 86' lang='lat' dir='ltr'><strong>acumen</strong></span> <span class='ocrx_word' id='word_1_251' title='bbox 706 3119 818 3197; x_wconf 89' lang='lat' dir='ltr'><strong>ingenii</strong></span> <span class='ocrx_word' id='word_1_252' title='bbox 846 3127 1045 3180; x_wconf 86' lang='lat' dir='ltr'><strong>exerceretur.</strong></span> <span class='ocrx_word' id='word_1_253' title='bbox 1090 3117 1196 3179; x_wconf 91' lang='lat' dir='ltr'><strong>Postea</strong></span> <span class='ocrx_word' id='word_1_254' title='bbox 1218 3117 1335 3196; x_wconf 89' lang='lat' dir='ltr'><strong>lloyses</strong></span> <span class='ocrx_word' id='word_1_255' title='bbox 1362 3117 1434 3178; x_wconf 89' lang='lat' dir='ltr'><strong>alias</strong></span> 
     </span>
     <span class='ocr_line' id='line_1_27' title="bbox 137 3218 1433 3303; baseline -0.003 -20"><span class='ocrx_word' id='word_1_256' title='bbox 137 3223 271 3303; x_wconf 88' lang='lat' dir='ltr'><strong>repperit</strong></span> <span class='ocrx_word' id='word_1_257' title='bbox 297 3221 410 3282; x_wconf 88' lang='lat' dir='ltr'><strong>litteras</strong></span> <span class='ocrx_word' id='word_1_258' title='bbox 432 3222 463 3280; x_wconf 92' lang='lat' dir='ltr'><strong>in</strong></span> <span class='ocrx_word' id='word_1_259' title='bbox 487 3229 587 3281; x_wconf 91' lang='lat' dir='ltr'><strong>monte</strong></span> <span class='ocrx_word' id='word_1_260' title='bbox 610 3221 691 3281; x_wconf 92' lang='lat' dir='ltr'><strong>Sinai</strong></span> <span class='ocrx_word' id='word_1_261' title='bbox 715 3219 807 3298; x_wconf 84' lang='lat' dir='ltr'><strong>digito</strong></span> <span class='ocrx_word' id='word_1_262' title='bbox 835 3221 882 3282; x_wconf 89' lang='lat' dir='ltr'><strong>dei</strong></span> <span class='ocrx_word' id='word_1_263' title='bbox 911 3221 1050 3301; x_wconf 86' lang='lat' dir='ltr'><strong>scriptas,</strong></span> <span class='ocrx_word' id='word_1_264' title='bbox 1078 3239 1153 3300; x_wconf 89' lang='lat' dir='ltr'><strong>quae</strong></span> <span class='ocrx_word' id='word_1_265' title='bbox 1182 3218 1335 3298; x_wconf 89' lang='lat' dir='ltr'><strong>usquead</strong></span> <span class='ocrx_word' id='word_1_266' title='bbox 1358 3227 1433 3279; x_wconf 89' lang='lat' dir='ltr'><strong>tem·</strong></span> 
     </span>
     <span class='ocr_line' id='line_1_28' title="bbox 138 3319 1432 3402; baseline -0.002 -18"><span class='ocrx_word' id='word_1_267' title='bbox 138 3340 210 3402; x_wconf 89' lang='lat' dir='ltr'><strong>pora</strong></span> <span class='ocrx_word' id='word_1_268' title='bbox 232 3322 588 3392; x_wconf 75' lang='lat' dir='ltr'><strong>llesdraedurauerunt,</strong></span> <span class='ocrx_word' id='word_1_269' title='bbox 616 3320 724 3402; x_wconf 90' lang='lat' dir='ltr'><strong>quibus</strong></span> <span class='ocrx_word' id='word_1_270' title='bbox 752 3341 830 3383; x_wconf 91' lang='lat' dir='ltr'><strong>nunc</strong></span> <span class='ocrx_word' id='word_1_271' title='bbox 853 3323 1018 3383; x_wconf 88' lang='lat' dir='ltr'><strong>Samaritae</strong></span> <span class='ocrx_word' id='word_1_272' title='bbox 1046 3329 1178 3383; x_wconf 89' lang='lat' dir='ltr'><strong>utuntur.</strong></span> <span class='ocrx_word' id='word_1_273' title='bbox 1222 3319 1336 3381; x_wconf 87' lang='lat' dir='ltr'><strong>Deinde</strong></span> <span class='ocrx_word' id='word_1_274' title='bbox 1358 3319 1432 3381; x_wconf 85' lang='lat' dir='ltr'><strong>iles·</strong></span> 
     </span>
     <span class='ocr_line' id='line_1_29' title="bbox 138 3421 1431 3504; baseline -0.002 -19"><span class='ocrx_word' id='word_1_275' title='bbox 138 3423 206 3485; x_wconf 89' lang='lat' dir='ltr'><strong>dras</strong></span> <span class='ocrx_word' id='word_1_276' title='bbox 228 3425 344 3485; x_wconf 91' lang='lat' dir='ltr'><strong>inuenit</strong></span> <span class='ocrx_word' id='word_1_277' title='bbox 365 3421 438 3485; x_wconf 91' lang='lat' dir='ltr'><strong>alias</strong></span> <span class='ocrx_word' id='word_1_278' title='bbox 460 3423 590 3485; x_wconf 91' lang='lat' dir='ltr'><strong>leniores</strong></span> <span class='ocrx_word' id='word_1_279' title='bbox 605 3433 635 3486; x_wconf 91' lang='lat' dir='ltr'><strong>et</strong></span> <span class='ocrx_word' id='word_1_280' title='bbox 650 3423 799 3485; x_wconf 90' lang='lat' dir='ltr'><strong>laciliores</strong></span> <span class='ocrx_word' id='word_1_281' title='bbox 814 3423 850 3484; x_wconf 93' lang='lat' dir='ltr'><strong>ad</strong></span> <span class='ocrx_word' id='word_1_282' title='bbox 865 3422 1071 3493; x_wconf 89' lang='lat' dir='ltr'><strong>scribendum,</strong></span> <span class='ocrx_word' id='word_1_283' title='bbox 1095 3421 1203 3504; x_wconf 91' lang='lat' dir='ltr'><strong>quibus</strong></span> <span class='ocrx_word' id='word_1_284' title='bbox 1218 3423 1320 3484; x_wconf 90' lang='lat' dir='ltr'><strong>ludaei</strong></span> <span class='ocrx_word' id='word_1_285' title='bbox 1342 3429 1431 3483; x_wconf 89' lang='lat' dir='ltr'><strong>utun·</strong></span> 
     </span>
     <span class='ocr_line' id='line_1_30' title="bbox 138 3523 1431 3607; baseline -0.002 -20"><span class='ocrx_word' id='word_1_286' title='bbox 138 3533 195 3587; x_wconf 88' lang='lat' dir='ltr'><strong>tur.</strong></span> <span class='ocrx_word' id='word_1_287' title='bbox 227 3525 411 3587; x_wconf 87' lang='lat' dir='ltr'><strong>Graecorum</strong></span> <span class='ocrx_word' id='word_1_288' title='bbox 428 3543 500 3585; x_wconf 89' lang='lat' dir='ltr'><strong>uero</strong></span> <span class='ocrx_word' id='word_1_289' title='bbox 523 3527 636 3587; x_wconf 89' lang='lat' dir='ltr'><strong>litteras</strong></span> <span class='ocrx_word' id='word_1_290' title='bbox 652 3525 815 3587; x_wconf 84' lang='lat' dir='ltr'><strong>Phoenices</strong></span> <span class='ocrx_word' id='word_1_291' title='bbox 837 3534 1044 3607; x_wconf 88' lang='lat' dir='ltr'><strong>reppererunt,</strong></span> <span class='ocrx_word' id='word_1_292' title='bbox 1069 3526 1148 3587; x_wconf 91' lang='lat' dir='ltr'><strong>unde</strong></span> <span class='ocrx_word' id='word_1_293' title='bbox 1170 3527 1201 3585; x_wconf 91' lang='lat' dir='ltr'><strong>in</strong></span> <span class='ocrx_word' id='word_1_294' title='bbox 1224 3525 1317 3586; x_wconf 91' lang='lat' dir='ltr'><strong>initiis</strong></span> <span class='ocrx_word' id='word_1_295' title='bbox 1340 3523 1431 3585; x_wconf 92' lang='lat' dir='ltr'><strong>libro·</strong></span> 
     </span>
     <span class='ocr_line' id='line_1_31' title="bbox 100 3625 1432 3706; baseline 0.001 -21"><span class='ocrx_word' id='word_1_296' title='bbox 100 3645 204 3689; x_wconf 84' lang='lat' dir='ltr'><strong>aarum</strong></span> <span class='ocrx_word' id='word_1_297' title='bbox 228 3625 397 3688; x_wconf 83' lang='lat' dir='ltr'><strong>Phoenicen</strong></span> <span class='ocrx_word' id='word_1_298' title='bbox 419 3626 520 3688; x_wconf 90' lang='lat' dir='ltr'><strong>colore</strong></span> <span class='ocrx_word' id='word_1_299' title='bbox 543 3628 620 3690; x_wconf 86' lang='lat' dir='ltr'><strong>idest</strong></span> <span class='ocrx_word' id='word_1_300' title='bbox 642 3629 733 3689; x_wconf 91' lang='lat' dir='ltr'><strong>minio</strong></span> <span class='ocrx_word' id='word_1_301' title='bbox 755 3627 927 3690; x_wconf 86' lang='lat' dir='ltr'><strong>scribuntur</strong></span> <span class='ocrx_word' id='word_1_302' title='bbox 949 3628 1077 3690; x_wconf 86' lang='lat' dir='ltr'><strong>litterae.</strong></span> <span class='ocrx_word' id='word_1_303' title='bbox 1120 3626 1290 3687; x_wconf 86' lang='lat' dir='ltr'><strong>Latinorum</strong></span> <span class='ocrx_word' id='word_1_304' title='bbox 1314 3643 1432 3706; x_wconf 89' lang='lat' dir='ltr'><strong>quoque</strong></span> 
     </span>
     <span class='ocr_line' id='line_1_32' title="bbox 138 3727 1431 3807; baseline -0.002 -17"><span class='ocrx_word' id='word_1_305' title='bbox 138 3728 250 3791; x_wconf 88' lang='lat' dir='ltr'><strong>litteras</strong></span> <span class='ocrx_word' id='word_1_306' title='bbox 277 3728 441 3790; x_wconf 84' lang='lat' dir='ltr'><strong>Carmentis</strong></span> <span class='ocrx_word' id='word_1_307' title='bbox 469 3729 597 3807; x_wconf 81' lang='lat' dir='ltr'><strong>nympha</strong></span> <span class='ocrx_word' id='word_1_308' title='bbox 625 3728 790 3791; x_wconf 88' lang='lat' dir='ltr'><strong>Nicostrata</strong></span> <span class='ocrx_word' id='word_1_309' title='bbox 819 3739 914 3792; x_wconf 90' lang='lat' dir='ltr'><strong>mater</strong></span> <span class='ocrx_word' id='word_1_310' title='bbox 937 3730 1066 3791; x_wconf 85' lang='lat' dir='ltr'><strong>Euandri</strong></span> <span class='ocrx_word' id='word_1_311' title='bbox 1094 3730 1218 3792; x_wconf 85' lang='lat' dir='ltr'><strong>inuenit.</strong></span> <span class='ocrx_word' id='word_1_312' title='bbox 1262 3727 1431 3789; x_wconf 83' lang='lat' dir='ltr'><strong>Carmentis</strong></span> 
     </span>
     <span class='ocr_line' id='line_1_33' title="bbox 137 3828 1430 3912; baseline 0.001 -22"><span class='ocrx_word' id='word_1_313' title='bbox 137 3837 235 3891; x_wconf 89' lang='lat' dir='ltr'><strong>autem</strong></span> <span class='ocrx_word' id='word_1_314' title='bbox 257 3831 346 3900; x_wconf 93' lang='lat' dir='ltr'><strong>dicta,</strong></span> <span class='ocrx_word' id='word_1_315' title='bbox 369 3849 405 3891; x_wconf 90' lang='lat' dir='ltr'><strong>eo</strong></span> <span class='ocrx_word' id='word_1_316' title='bbox 427 3830 504 3908; x_wconf 90' lang='lat' dir='ltr'><strong>quod</strong></span> <span class='ocrx_word' id='word_1_317' title='bbox 534 3831 632 3892; x_wconf 89' lang='lat' dir='ltr'><strong>lutura</strong></span> <span class='ocrx_word' id='word_1_318' title='bbox 659 3831 842 3893; x_wconf 87' lang='lat' dir='ltr'><strong>carminibus</strong></span> <span class='ocrx_word' id='word_1_319' title='bbox 871 3831 1011 3901; x_wconf 81' lang='lat' dir='ltr'><strong>canebat:</strong></span> <span class='ocrx_word' id='word_1_320' title='bbox 1045 3831 1174 3912; x_wconf 82' lang='lat' dir='ltr'><strong>nympha</strong></span> <span class='ocrx_word' id='word_1_321' title='bbox 1207 3828 1314 3891; x_wconf 91' lang='lat' dir='ltr'><strong>dicitur</strong></span> <span class='ocrx_word' id='word_1_322' title='bbox 1346 3832 1430 3909; x_wconf 90' lang='lat' dir='ltr'><strong>quasi</strong></span> 
     </span>
     <span class='ocr_line' id='line_1_34' title="bbox 137 3924 1513 4015; baseline 0 -24"><span class='ocrx_word' id='word_1_323' title='bbox 137 3929 270 4012; x_wconf 86' lang='lat' dir='ltr'><strong>lympha,</strong></span> <span class='ocrx_word' id='word_1_324' title='bbox 292 3932 373 3993; x_wconf 90' lang='lat' dir='ltr'><strong>idest</strong></span> <span class='ocrx_word' id='word_1_325' title='bbox 393 3949 483 4009; x_wconf 89' lang='lat' dir='ltr'><strong>aqua,</strong></span> <span class='ocrx_word' id='word_1_326' title='bbox 507 3934 574 4012; x_wconf 92' lang='lat' dir='ltr'><strong>quia</strong></span> <span class='ocrx_word' id='word_1_327' title='bbox 598 3934 674 3995; x_wconf 90' lang='lat' dir='ltr'><strong>sicut</strong></span> <span class='ocrx_word' id='word_1_328' title='bbox 696 3953 771 4014; x_wconf 91' lang='lat' dir='ltr'><strong>aqua</strong></span> <span class='ocrx_word' id='word_1_329' title='bbox 794 3935 937 4015; x_wconf 91' lang='lat' dir='ltr'><strong>sapientia</strong></span> <span class='ocrx_word' id='word_1_330' title='bbox 961 3935 1124 3997; x_wconf 88' lang='lat' dir='ltr'><strong>dillluebat.</strong></span> <span class='ocrx_word' id='word_1_331' title='bbox 1168 3931 1334 3992; x_wconf 88' lang='lat' dir='ltr'><strong>Nicostrata</strong></span> <span class='ocrx_word' id='word_1_332' title='bbox 1358 3950 1431 3992; x_wconf 89' lang='lat' dir='ltr'><strong>uero</strong></span> <span class='ocrx_word' id='word_1_333' title='bbox 1506 3924 1513 3931; x_wconf 75' lang='grc'><strong>”</strong></span> 
     </span>
     <span class='ocr_line' id='line_1_35' title="bbox 138 4030 1430 4118; baseline -0.001 -25"><span class='ocrx_word' id='word_1_334' title='bbox 138 4030 215 4095; x_wconf 88' lang='lat' dir='ltr'><strong>idest</strong></span> <span class='ocrx_word' id='word_1_335' title='bbox 233 4034 402 4098; x_wconf 88' lang='lat' dir='ltr'><strong>uictoriosa.</strong></span> <span class='ocrx_word' id='word_1_336' title='bbox 447 4031 537 4114; x_wconf 83' lang='grc' dir='ltr'><strong><em>Νίκη</em></strong></span> <span class='ocrx_word' id='word_1_337' title='bbox 560 4037 639 4096; x_wconf 85' lang='lat' dir='ltr'><strong>enim</strong></span> <span class='ocrx_word' id='word_1_338' title='bbox 655 4036 769 4097; x_wconf 86' lang='lat' dir='ltr'><strong>Graece</strong></span> <span class='ocrx_word' id='word_1_339' title='bbox 792 4037 916 4097; x_wconf 91' lang='lat' dir='ltr'><strong>uictoria</strong></span> <span class='ocrx_word' id='word_1_340' title='bbox 942 4036 954 4116; x_wconf 79' lang='lat' dir='ltr'><strong>ll</strong></span> <span class='ocrx_word' id='word_1_341' title='bbox 973 4033 1065 4118; x_wconf 50' lang='lat'>1431!</span> <span class='ocrx_word' id='word_1_342' title='bbox 1088 4036 1206 4103; x_wconf 89' lang='lat' dir='ltr'><strong>Latine,</strong></span> <span class='ocrx_word' id='word_1_343' title='bbox 1230 4034 1277 4095; x_wconf 93' lang='lat' dir='ltr'><strong>uel</strong></span> <span class='ocrx_word' id='word_1_344' title='bbox 1293 4031 1430 4112; x_wconf 83' lang='lat' dir='ltr'><strong>gladiato,</strong></span> 
     </span>
     <span class='ocr_line' id='line_1_36' title="bbox 100 4135 1431 4217; baseline 0.004 -26"><span class='ocrx_word' id='word_1_345' title='bbox 100 4150 174 4195; x_wconf 76' lang='lat' dir='ltr'><strong>meo</strong></span> <span class='ocrx_word' id='word_1_346' title='bbox 195 4135 275 4215; x_wconf 91' lang='lat' dir='ltr'><strong>quod</strong></span> <span class='ocrx_word' id='word_1_347' title='bbox 304 4138 417 4214; x_wconf 88' lang='lat' dir='ltr'><strong>ingenii</strong></span> <span class='ocrx_word' id='word_1_348' title='bbox 449 4138 586 4199; x_wconf 85' lang='lat' dir='ltr'><strong>acumine</strong></span> <span class='ocrx_word' id='word_1_349' title='bbox 619 4137 747 4216; x_wconf 88' lang='lat' dir='ltr'><strong>uigebat.</strong></span> <span class='ocrx_word' id='word_1_350' title='bbox 791 4140 920 4199; x_wconf 78' lang='lat' dir='ltr'><strong>Aliarum</strong></span> <span class='ocrx_word' id='word_1_351' title='bbox 953 4157 1071 4217; x_wconf 89' lang='lat' dir='ltr'><strong>quoque</strong></span> <span class='ocrx_word' id='word_1_352' title='bbox 1102 4136 1219 4197; x_wconf 90' lang='lat' dir='ltr'><strong>litterae</strong></span> <span class='ocrx_word' id='word_1_353' title='bbox 1250 4136 1384 4213; x_wconf 88' lang='lat' dir='ltr'><strong>gentium</strong></span> <span class='ocrx_word' id='word_1_354' title='bbox 1414 4154 1431 4196; x_wconf 90' lang='lat' dir='ltr'><strong>a</strong></span> 
     </span>
     <span class='ocr_line' id='line_1_37' title="bbox 138 4234 1431 4319; baseline 0 -23"><span class='ocrx_word' id='word_1_355' title='bbox 138 4234 265 4298; x_wconf 88' lang='lat' dir='ltr'><strong>diuersis</strong></span> <span class='ocrx_word' id='word_1_356' title='bbox 287 4237 459 4299; x_wconf 89' lang='lat' dir='ltr'><strong>auctoribus</strong></span> <span class='ocrx_word' id='word_1_357' title='bbox 474 4248 611 4319; x_wconf 91' lang='lat' dir='ltr'><strong>repertae</strong></span> <span class='ocrx_word' id='word_1_358' title='bbox 626 4247 711 4308; x_wconf 90' lang='lat' dir='ltr'><strong>sunt,</strong></span> <span class='ocrx_word' id='word_1_359' title='bbox 734 4241 811 4301; x_wconf 94' lang='lat' dir='ltr'><strong>sicut</strong></span> <span class='ocrx_word' id='word_1_360' title='bbox 826 4240 989 4302; x_wconf 86' lang='lat' dir='ltr'><strong>Gothorum</strong></span> <span class='ocrx_word' id='word_1_361' title='bbox 1005 4241 1120 4301; x_wconf 89' lang='lat' dir='ltr'><strong>litteras</strong></span> <span class='ocrx_word' id='word_1_362' title='bbox 1135 4234 1258 4298; x_wconf 87' lang='lat' dir='ltr'><strong>Goldlus</strong></span> <span class='ocrx_word' id='word_1_363' title='bbox 1273 4237 1431 4317; x_wconf 90' lang='lat' dir='ltr'><strong>episcopus</strong></span> 
     </span>
     <span class='ocr_line' id='line_1_38' title="bbox 139 4337 1431 4419; baseline 0.001 -21"><span class='ocrx_word' id='word_1_364' title='bbox 139 4340 279 4419; x_wconf 77' lang='lat' dir='ltr'><strong>repperit</strong></span> <span class='ocrx_word' id='word_1_365' title='bbox 323 4342 438 4401; x_wconf 87' lang='lat' dir='ltr'><strong>Genera</strong></span> <span class='ocrx_word' id='word_1_366' title='bbox 462 4343 548 4401; x_wconf 88' lang='lat' dir='ltr'><strong>etiam</strong></span> <span class='ocrx_word' id='word_1_367' title='bbox 571 4340 737 4402; x_wconf 91' lang='lat' dir='ltr'><strong>litterarum</strong></span> <span class='ocrx_word' id='word_1_368' title='bbox 760 4342 879 4405; x_wconf 90' lang='lat' dir='ltr'><strong>diuersa</strong></span> <span class='ocrx_word' id='word_1_369' title='bbox 901 4348 978 4403; x_wconf 86' lang='lat' dir='ltr'><strong>suut</strong></span> <span class='ocrx_word' id='word_1_370' title='bbox 1023 4339 1174 4413; x_wconf 83' lang='lat' dir='ltr'><strong>Quaedam</strong></span> <span class='ocrx_word' id='word_1_371' title='bbox 1198 4341 1276 4401; x_wconf 91' lang='lat' dir='ltr'><strong>enim</strong></span> <span class='ocrx_word' id='word_1_372' title='bbox 1298 4337 1431 4400; x_wconf 88' lang='lat' dir='ltr'><strong>unciales</strong></span> 
     </span>
    </p>
   </div>
   <div class='ocr_carea' id='block_1_5' title="bbox 137 4590 1470 4932">
    <p class='ocr_par' dir='ltr' id='par_1_7' title="bbox 137 4590 1470 4917">
     <span class='ocr_line' id='line_1_39' title="bbox 205 4590 1430 4664; baseline 0 -22"><span class='ocrx_word' id='word_1_373' title='bbox 205 4598 218 4643; x_wconf 91' lang='lat'>1</span> <span class='ocrx_word' id='word_1_374' title='bbox 238 4590 395 4657; x_wconf 87' lang='lat' dir='ltr'><strong>Priscianus]</strong></span> <span class='ocrx_word' id='word_1_375' title='bbox 416 4593 432 4643; x_wconf 93' lang='grc'><em>1</em></span> <span class='ocrx_word' id='word_1_376' title='bbox 448 4612 475 4659; x_wconf 87' lang='lat' dir='ltr'><strong>p.</strong></span> <span class='ocrx_word' id='word_1_377' title='bbox 494 4599 522 4657; x_wconf 83' lang='lat'><strong>5,</strong></span> <span class='ocrx_word' id='word_1_378' title='bbox 540 4600 556 4645; x_wconf 83' lang='lat'><em>5</em></span> <span class='ocrx_word' id='word_1_379' title='bbox 575 4596 610 4644; x_wconf 91' lang='lat' dir='ltr'><strong>H.</strong></span> <span class='ocrx_word' id='word_1_380' title='bbox 679 4597 847 4646; x_wconf 71' lang='lat' dir='ltr'><strong>Plitteratam</strong></span> <span class='ocrx_word' id='word_1_381' title='bbox 866 4597 1009 4646; x_wconf 84' lang='lat' dir='ltr'><strong>illiteratum</strong></span> <span class='ocrx_word' id='word_1_382' title='bbox 1081 4592 1254 4664; x_wconf 80' lang='lat' dir='ltr'><strong>81p¹literatu</strong></span> <span class='ocrx_word' id='word_1_383' title='bbox 1272 4592 1430 4645; x_wconf 77' lang='lat' dir='ltr'><strong>irruaticulata</strong></span> 
     </span>
     <span class='ocr_line' id='line_1_40' title="bbox 138 4659 1470 4730; baseline 0.001 -20"><span class='ocrx_word' id='word_1_384' title='bbox 138 4659 354 4730; x_wconf 74' lang='lat' dir='ltr'><strong>litg‘onitruorum</strong></span> <span class='ocrx_word' id='word_1_385' title='bbox 442 4666 471 4712; x_wconf 91' lang='lat' dir='ltr'><strong>ll</strong></span> <span class='ocrx_word' id='word_1_386' title='bbox 490 4662 626 4723; x_wconf 70' lang='lat' dir='ltr'><strong>diluuium,</strong></span> <span class='ocrx_word' id='word_1_387' title='bbox 644 4665 682 4712; x_wconf 86' lang='lat' dir='ltr'><strong>aic</strong></span> <span class='ocrx_word' id='word_1_388' title='bbox 698 4680 798 4729; x_wconf 78' lang='lat' dir='ltr'><strong>seraper</strong></span> <span class='ocrx_word' id='word_1_389' title='bbox 866 4667 899 4714; x_wconf 74' lang='grc'><strong>22</strong></span> <span class='ocrx_word' id='word_1_390' title='bbox 917 4665 1093 4715; x_wconf 83' lang='lat' dir='ltr'><strong>cataclismum</strong></span> <span class='ocrx_word' id='word_1_391' title='bbox 1178 4667 1211 4715; x_wconf 78' lang='lat'><strong>25</strong></span> <span class='ocrx_word' id='word_1_392' title='bbox 1229 4678 1332 4726; x_wconf 85' lang='lat' dir='ltr'><strong>moyses</strong></span> <span class='ocrx_word' id='word_1_393' title='bbox 1349 4678 1470 4729; x_wconf 84' lang='lat' dir='ltr'><strong>aupru¹</strong></span> 
     </span>
     <span class='ocr_line' id='line_1_41' title="bbox 137 4730 1430 4799; baseline -0.001 -20"><span class='ocrx_word' id='word_1_394' title='bbox 137 4730 227 4780; x_wconf 72' lang='lat' dir='ltr'><strong>liorem</strong></span> <span class='ocrx_word' id='word_1_395' title='bbox 311 4731 344 4779; x_wconf 80' lang='lat' dir='ltr'><strong>ao</strong></span> <span class='ocrx_word' id='word_1_396' title='bbox 363 4731 468 4795; x_wconf 69' lang='lat' dir='ltr'><strong>replerit</strong></span> <span class='ocrx_word' id='word_1_397' title='bbox 551 4733 585 4781; x_wconf 80' lang='lat'><strong>29</strong></span> <span class='ocrx_word' id='word_1_398' title='bbox 602 4745 735 4796; x_wconf 87' lang='lat' dir='ltr'><strong>grecorum</strong></span> <span class='ocrx_word' id='word_1_399' title='bbox 806 4733 937 4796; x_wconf 86' lang='lat' dir='ltr'><strong>ph⁰enices</strong></span> <span class='ocrx_word' id='word_1_400' title='bbox 1006 4740 1168 4799; x_wconf 75' lang='lat' dir='ltr'><strong>replererunt</strong></span> <span class='ocrx_word' id='word_1_401' title='bbox 1243 4734 1276 4782; x_wconf 82' lang='lat'><strong>30</strong></span> <span class='ocrx_word' id='word_1_402' title='bbox 1294 4732 1430 4796; x_wconf 86' lang='lat' dir='ltr'><strong>ph⁰eniceo</strong></span> 
     </span>
     <span class='ocr_line' id='line_1_42' title="bbox 138 4797 1432 4917; baseline 0.002 -70"><span class='ocrx_word' id='word_1_403' title='bbox 138 4798 170 4917; x_wconf 48' lang='lat' dir='ltr'><strong>{ll</strong></span> <span class='ocrx_word' id='word_1_404' title='bbox 187 4797 305 4863; x_wconf 83' lang='lat' dir='ltr'><strong>nimphe,</strong></span> <span class='ocrx_word' id='word_1_405' title='bbox 322 4798 358 4860; x_wconf 75' lang='lat' dir='ltr'><strong>cs.</strong></span> <span class='ocrx_word' id='word_1_406' title='bbox 377 4798 474 4849; x_wconf 75' lang='lat' dir='ltr'><strong>Isidor.</strong></span> <span class='ocrx_word' id='word_1_407' title='bbox 489 4799 557 4864; x_wconf 66' lang='grc' dir='ltr'><strong>θήρ.</strong></span> <span class='ocrx_word' id='word_1_408' title='bbox 576 4800 594 4848; x_wconf 97' lang='lat' dir='ltr'><em>I</em></span> <span class='ocrx_word' id='word_1_409' title='bbox 611 4802 664 4859; x_wconf 76' lang='grc'><strong>4,1</strong></span> <span class='ocrx_word' id='word_1_410' title='bbox 732 4802 766 4850; x_wconf 75' lang='lat'><strong>32</strong></span> <span class='ocrx_word' id='word_1_411' title='bbox 784 4801 890 4867; x_wconf 85' lang='lat' dir='ltr'><strong>nimphe</strong></span> <span class='ocrx_word' id='word_1_412' title='bbox 959 4805 992 4854; x_wconf 80' lang='lat'><strong>83</strong></span> <span class='ocrx_word' id='word_1_413' title='bbox 1010 4802 1108 4870; x_wconf 82' lang='lat' dir='ltr'><strong>limpha</strong></span> <span class='ocrx_word' id='word_1_414' title='bbox 1175 4803 1208 4851; x_wconf 81' lang='lat'><strong>34</strong></span> <span class='ocrx_word' id='word_1_415' title='bbox 1225 4797 1305 4849; x_wconf 86' lang='lat' dir='ltr'><strong>Niche</strong></span> <span class='ocrx_word' id='word_1_416' title='bbox 1356 4813 1432 4867; x_wconf 85' lang='lat' dir='ltr'><strong>grece</strong></span> 
     </span>
    </p>

    <p class='ocr_par' dir='ltr' id='par_1_8' title="bbox 186 4866 295 4932">
     <span class='ocr_line' id='line_1_43' title="bbox 186 4866 295 4932; baseline 0 -18"><span class='ocrx_word' id='word_1_417' title='bbox 186 4866 295 4932; x_wconf 77' lang='lat' dir='ltr'><strong>replerit</strong></span> 
     </span>
    </p>
   </div>
   <div class='ocr_carea' id='block_1_6' title="bbox 0 0 1696 5476">
    <p class='ocr_par' dir='ltr' id='par_1_9' title="bbox 0 0 1696 5476">
     <span class='ocr_line' id='line_1_44' title="bbox 0 0 1696 5476; baseline 0 1"><span class='ocrx_word' id='word_1_418' title='bbox 0 0 1696 5476; x_wconf 95' lang='lat' dir='ltr'><strong> </strong></span> 
     </span>
    </p>
   </div>
  </div>
 </body>
</html>
