3382 5476
636 365 720 419 COD.
740 367 847 418 BERN.
865 369 923 420 207.
1363 385 1425 430 XXI

210 564 356 638 Sequar
374 564 403 638 s.
430 563 577 637 17⁰-s.
603 561 670 623 18⁸:
706 562 732 628 ιῐ
758 557 799 629 δε
825 576 988 649 quernos
1017 579 1211 629 onesimus
1241 581 1284 629 no
1315 581 1429 632 necue

119 664 320 732 collectum
351 682 418 726 ars
452 667 637 742 quaedam
671 682 889 740 anortqma
922 665 1022 726 crassi
1051 669 1099 738 fiii
1124 684 1284 742 rerumque
1311 671 1429 728 omnino

119 779 366 850 tritissimarum,
391 779 436 836 ita
464 785 653 852 conparata,
682 784 716 835 ut
737 778 970 850 uniuscuiusque
997 778 1145 836 orationis
1166 779 1271 852 partis
1291 781 1429 853 eaanpio

114 881 281 956 proposito
308 879 424 953 aliquot
451 880 639 952 quaestiones
666 878 710 936 ad
734 880 870 952 singulas
892 887 1001 953 partes
1017 881 1205 953 pertinentes
1223 887 1426 954 peraqantur,

119 984 210 1042 carius
229 982 290 1041 ltoc
309 987 354 1040 est
372 982 539 1055 specimen:

211 1101 302 1158 Codex
324 1118 394 1175 quae
416 1119 482 1176 pars
504 1100 637 1157 orationis
662 1102 723 1156 est?
756 1101 856 1156 Nomen
873 1110 924 1157 est.
960 1101 1033 1156 Vnde
1050 1097 1078 1174 (l.
1095 1093 1164 1173 17⁵)
1187 1101 1240 1158 boc
1254 1102 1326 1158 scis?
1359 1102 1425 1170 Quia

125 1204 172 1243 res
195 1195 263 1243 nota
285 1195 328 1242 est
350 1194 378 1242 et
399 1203 451 1261 per
472 1202 553 1242 casus
576 1180 736 1243 inflectitur.
768 1187 851 1241 Cuius
867 1185 1006 1260 qualitatis
1029 1202 1126 1243 nomen
1150 1186 1210 1241 est?
1238 1185 1426 1260 Appellatiuae

122 1281 177 1329 etc.
216 1269 376 1339 Quomodo?
413 1271 480 1340 Quia
503 1271 581 1327 multi
605 1271 714 1328 codices
737 1278 810 1326 sunt.
848 1270 1004 1344 Corporalis
1028 1271 1145 1345 qualitas
1169 1280 1210 1328 est
1231 1280 1279 1327 aut
1302 1272 1428 1347 incorpo-

123 1357 209 1413 ralis?
247 1356 415 1429 Corporalis.
459 1356 619 1425 Quomodo?
663 1355 731 1424 Quia
755 1355 864 1411 uidetur
886 1364 913 1410 et
937 1357 1067 1428 tangitur.
1112 1355 1241 1411 Generale
1264 1373 1362 1412 nomen
1385 1366 1428 1413 est

122 1450 171 1497 aut
194 1440 333 1516 speciale?
377 1440 509 1514 Speciale.
552 1439 705 1514 Principale
734 1448 780 1494 aut
809 1457 841 1495 cr
870 1448 928 1495 arte
957 1440 1140 1496 descendens?
1183 1440 1335 1514 Principale
1363 1444 1425 1515 qnia

122 1526 234 1582 aliunde
257 1541 311 1582 uon
336 1525 418 1581 trahit
442 1526 576 1598 originem
599 1532 629 1580 ut
652 1541 730 1580 mons
754 1525 824 1580 lons.
869 1525 1005 1580 lliriuatur
1026 1535 1072 1580 aut
1095 1525 1272 1581 diminuitur?
1308 1525 1341 1581 Et
1363 1526 1425 1581 diri·

124 1621 208 1666 natur
230 1619 258 1666 et
280 1609 455 1666 diminuitur:
481 1612 522 1665 sic
543 1609 645 1666 dicitur
666 1607 855 1665 codicellarius
878 1617 905 1664 et
927 1608 1084 1665 codicellus.
1129 1609 1232 1683 Recipit
1254 1613 1426 1684 conparatio·

122 1697 206 1752 nem?
228 1693 309 1776 Nom
341 1695 449 1764 Quare?
477 1694 543 1762 Quia
566 1710 618 1750 uec
639 1693 797 1768 qualitatem
821 1695 901 1749 animi
926 1708 975 1749 nec
998 1695 1178 1767 quantitatem
1201 1695 1326 1768 corporis
1350 1693 1425 1751 illum

123 1780 226 1836 nabere
249 1775 398 1853 (suppleas
419 1781 488 1851 diri,
511 1779 668 1836 adsimile
690 1778 779 1849 quid).
823 1777 906 1832 Cuius
928 1778 1036 1851 generis
1060 1795 1158 1834 nomen
1183 1779 1242 1834 cst?
1277 1777 1424 1835 llasculini.

121 1865 174 1933 Qui
197 1864 347 1920 numerus?
384 1864 544 1938 Singularis.
589 1861 749 1929 Quomodo?
780 1860 846 1928 Quia
869 1880 952 1918 unum
975 1864 1094 1919 codicem
1118 1863 1180 1918 dixi.
1225 1863 1299 1931 Quae
1322 1862 1426 1937 ligura?

122 1949 255 2023 Simplex.
299 1948 459 2015 Quomodo?
495 1951 533 2004 Co
555 1948 622 2003 nihil
645 1957 702 2015 est,
730 1947 779 2002 der
803 1946 936 2005 similiter.
981 1947 1031 2015 Qui
1053 1948 1151 2003 casus?
1187 1948 1376 2004 Nominatiuus
1399 1957 1426 2003 et

123 2036 278 2090 uocatiuus.
325 2033 432 2090 llcclina
456 2033 536 2108 ipsud
559 2050 666 2089 nomen.
699 2031 871 2087 Nominatiuo
894 2032 937 2087 liic
959 2033 1044 2087 codex
1067 2033 1197 2104 genetiuo
1221 2032 1301 2088 liuius
1324 2032 1426 2089 codicis

122 2128 176 2176 etc
198 2149 242 2161 -
264 2119 297 2175 alr
321 2119 373 2174 hoc
395 2119 497 2175 codice.
541 2116 646 2185 Quotae
673 2116 865 2173 declinationis
893 2132 990 2171 nomen
1020 2118 1080 2172 est?
1117 2117 1231 2172 Tertiae.
1277 2116 1351 2172 Vnde
1373 2117 1426 2172 hoc

122 2203 196 2262 scis?
219 2203 287 2270 Quia
303 2202 372 2278 (qui)
395 2205 535 2275 genitinus
558 2203 705 2274 singularis
728 2204 752 2257 is
777 2202 947 2257 terminatur.
991 2200 1152 2274 Correptum
1176 2210 1222 2256 aut
1245 2201 1425 2274 productum?

122 2289 297 2362 Correptum.
329 2287 473 2352 Ablatiuus
495 2285 642 2359 singularis
664 2304 717 2361 qua
740 2286 831 2342 littera
856 2287 1033 2341 terminatur?
1056 2285 1085 2341 Ε.
1109 2286 1269 2358 Correptum
1293 2295 1339 2342 aut
1362 2304 1425 2360 pro·

121 2374 256 2430 ductum?
277 2373 448 2447 Correptum.
494 2370 653 2438 Quomodo?
681 2371 747 2439 Quia
771 2371 908 2443 genitiuus
932 2370 1079 2442 singularis
1102 2373 1125 2425 is
1149 2372 1311 2426 terminatur
1333 2380 1361 2426 et
1383 2380 1423 2426 est

123 2459 223 2514 tertiae
250 2456 440 2514 declinationis
469 2473 584 2526 nomen,
615 2456 676 2512 ideo
699 2455 836 2512 ablatiuus
858 2455 1006 2528 singularis
1028 2472 1043 2511 e
1067 2458 1229 2511 terminetur
1256 2464 1424 2528 correptum.

123 2542 232 2609 Quotae
255 2544 358 2599 lormac
382 2558 478 2598 nomeu
502 2541 560 2597 est?
603 2532 782 2614 Pentaptotae
804 2539 994 2614 (pontabtote).
1039 2539 1199 2606 Quomodo?
1235 2540 1425 2594 Nonrinatiuus

123 2637 152 2683 et
175 2629 320 2685 uocatiuus
343 2627 446 2683 iaciunt
469 2642 549 2682 unam
572 2625 686 2682 lormam
710 2634 737 2680 et
759 2625 803 2680 alii
827 2624 928 2696 singuli
952 2621 1083 2696 singulas.
1120 2622 1169 2690 Qui
1186 2639 1233 2697 pes
1250 2625 1308 2678 est?
1338 2624 1424 2696 Spon·

123 2713 202 2768 deos.
239 2710 400 2778 Quomodo?
436 2710 473 2767 lla
496 2710 602 2766 duabus
624 2710 726 2782 longis:
757 2727 789 2766 co
812 2710 976 2765 auctoritate
1005 2709 1116 2783 longum
1139 2717 1197 2778 est,
1226 2707 1275 2763 dcx
1304 2708 1423 2764 finalium

124 2797 233 2853 ratione
254 2794 366 2870 longum
389 2804 441 2852 est.
477 2794 570 2863 Qualis
584 2795 729 2851 accentus?
758 2797 867 2850 acutus.
904 2793 950 2848 vui
974 2793 1054 2849 halet
1072 2794 1231 2850 accentum?
1254 2791 1423 2849 paenultima

124 2882 203 2949 loco,
231 2883 271 2938 sic
299 2891 328 2936 et
355 2889 445 2937 cetera
474 2880 583 2936 uomina
613 2895 662 2952 per
688 2879 866 2953 proprietatis
895 2895 1025 2952 generum
1055 2877 1183 2952 querebis
1211 2887 1238 2933 et
1266 2877 1424 2935 declinabis.

125 2967 165 3022 ltli
189 2964 391 3024 tuouotttttt.
433 2965 492 3039 Ego
515 2981 584 3038 quae
607 2981 672 3037 pars
695 2965 827 3021 orationls
849 2973 891 3019 est
914 2972 965 3019 etc.

210 3083 322 3142 &dem
339 3080 412 3154 fere
431 3082 522 3141 modo
542 3087 663 3141 ceterae
683 3096 799 3154 quoque
814 3087 923 3154 partes
941 3088 1190 3155 pertractantem
1210 3071 1425 3155 proponuntur

124 3185 291 3245 uocabula:
327 3185 395 3257 ieqo
419 3183 503 3254 foris
528 3183 632 3256 tepens
658 3198 752 3257 porro
773 3189 864 3239 extra
885 3213 929 3224 -
944 3199 980 3256 p.
1007 3179 1058 3239 ti*
1081 3182 1124 3240 sic
1147 3188 1177 3239 ct
1199 3187 1314 3240 ceteras
1336 3199 1424 3258 prae·

123 3287 285 3365 positiones
304 3282 493 3361 perquirebis
515 3284 601 3343 cuius
622 3301 708 3342 casus
730 3283 803 3349 siut,
827 3283 852 3341 si
868 3284 1044 3351 accusatinl,
1067 3284 1091 3340 si
1109 3280 1247 3350 allelmi,
1272 3282 1295 3341 si
1312 3284 1423 3341 utrius-

123 3405 191 3465 que.
237 3386 342 3446 detera
364 3388 481 3446 desunt.

79 3554 88 3579 ι
209 3488 353 3563 Sequitur
375 3486 405 3558 f.
431 3483 483 3545 18ι
527 3484 715 3547 lNGlPlVNT
749 3484 895 3547 PARTES
927 3484 1091 3547 lllellES
1125 3483 1276 3544 llQNATl.
1320 3482 1423 3543 Partes

123 3590 270 3650 orationis
292 3595 365 3666 quot
385 3589 471 3650 suut?
516 3586 599 3654 Octo.
644 3586 744 3656 Quae?
780 3586 894 3647 Nomen
918 3605 1082 3664 prorromen
1107 3594 1163 3646 etc.
1187 3618 1230 3630 —
1248 3585 1276 3657 f.
1303 3591 1358 3643 77⁰
1380 3584 1422 3645 Ex

122 3689 222 3752 tribus
250 3697 279 3750 et
306 3689 421 3752 dnobus
448 3689 566 3750 ionicis.
611 3688 652 3749 lla
682 3690 748 3748 eius
776 3687 956 3766 exemplum.
1002 3688 1083 3749 Bona
1113 3688 1200 3747 iustis
1227 3705 1280 3746 sua
1303 3703 1423 3764 semper

124 3793 199 3853 deus
229 3789 283 3872 lli.
308 3789 404 3873 ttbq
434 3792 528 3853 allcrt.
578 3791 652 3852 ltem
681 3789 758 3850 hona
787 3792 872 3850 iustis
899 3790 973 3851 deus
1001 3791 1086 3850 affert
1118 3796 1357 3850 continentum
1386 3792 1422 3848 in

124 3896 268 3957 Donati
299 3903 417 3954 artem
449 3896 643 3966 minorem,
678 3894 722 3952 de
748 3895 893 3952 titteris
919 3900 988 3965 otc„
1028 3892 1071 3950 de
1103 3893 1343 3950 bardarismo
1364 3897 1420 3949 etc.

123 3999 275 4059 Iuliani
297 3995 492 4063 Toletani,
521 4002 560 4055 ut
581 3996 745 4070 uidetur,
766 3996 1014 4069 qrammatici
1032 3995 1116 4053 siue
1138 3995 1247 4051 iltius
1268 3992 1421 4051 similti-

122 4103 184 4172 mi,
209 4102 248 4159 de
269 4115 329 4174 quo
350 4097 439 4169 infra
460 4099 584 4158 seorsim
607 4112 700 4170 apem
721 4098 841 4157 institui.
1325 4075 1329 4081 ’

209 4202 297 4260 Haec
316 4198 480 4275 excipits.
507 4195 614 4256 77⁶-
633 4195 688 4257 80⁶
719 4198 850 4260 Seruii
879 4201 1158 4269 centimetrum,
1193 4198 1245 4255 cui
1270 4197 1295 4254 is
1320 4195 1424 4252 titulus

120 4312 333 4387 praescriptus
346 4314 406 4366 est:
429 4302 520 4394 tates)
539 4323 656 4393 mantis
679 4305 754 4367 eruli
773 4307 942 4386 grimatici,
966 4322 1025 4379 qno
1040 4307 1135 4364 deleto
1149 4322 1258 4364 mtttttts
1272 4304 1421 4362 recentior

123 4419 335 4481 centimetrum
358 4416 457 4476 Seruii
484 4416 624 4477 honorati
650 4415 805 4494 grimatici
827 4417 1049 4493 superscripsit.
1094 4415 1204 4472 Martis
1225 4415 1312 4472 istius
1335 4411 1426 4470 Eruli

123 4537 233 4582 nomen
254 4536 367 4579 neurim
389 4536 464 4579 sane
486 4528 577 4594 atque
598 4521 784 4592 inauditam,
809 4518 889 4591 qarod
910 4521 983 4577 etin
999 4518 1071 4575 timi
1092 4520 1231 4589 catatoqo
1250 4513 1278 4585 f.
1299 4510 1328 4570 tb
1349 4515 1420 4583 teqi-

122 4632 182 4700 tur‚
210 4623 283 4682 iude
310 4623 450 4696 effectum
478 4629 539 4699 est,
569 4623 651 4696 quod
671 4622 770 4682 Marii
789 4620 893 4679 Seruii
918 4635 1024 4678 rromeu
1046 4619 1154 4676 litteris
1175 4615 1348 4675 rumusculis
1370 4630 1421 4672 ne·

120 4728 279 4800 eleganter
305 4723 449 4798 scriptun
476 4731 544 4783 erat
570 4723 651 4783 lunc
674 4722 746 4794 fere
772 4723 804 4780 in
825 4721 961 4781 madum:
1005 4714 1332 4796 ttnttttSjEtttJtL
1361 4731 1421 4790 quo

120 4826 208 4898 lacto
229 4843 293 4887 tion
316 4827 424 4885 mirum
444 4834 502 4899 est,
527 4825 604 4884 iilud
1008 4818 1159 4880 ttnttTts
1182 4815 1315 4878 ERULl
