3382 5476
589 392 638 443 DE
656 390 952 444 ouuuoaunrffla.
1285 403 1420 452 CXXXIX

124 583 240 644 muniri
261 580 401 643 arbitrari
424 582 594 643 adnuntiari
616 579 713 641 uideri
737 583 833 660 aptari
848 578 995 641 celebrari
1010 579 1122 660 placari
1139 588 1169 640 at
1183 586 1281 639 cetera
1302 579 1419 648 similia,

125 687 153 745 si
174 685 310 745 inlinitus
331 682 436 744 modus
458 685 563 753 luerit,
587 686 597 744 i
621 679 720 744 littera
743 685 933 743 terminatur.

214 785 349 848 Celebrat
371 793 506 847 ceterum
529 788 641 846 cecitas
662 803 748 845 cesus
771 783 881 845 cecidit
896 783 1029 846 cerulum
1052 793 1082 844 et
1103 790 1201 844 cetera
1225 782 1334 844 similia
1356 785 1420 843 sinc

125 908 144 950 a
167 890 201 948 iu
223 889 320 967 eapite
342 886 533 948 scribendum
556 895 610 948 est.
1145 951 1149 956 ,

215 988 335 1051 Caelum
364 987 504 1050 caelestia
534 996 564 1049 et
592 997 692 1049 cetera
720 987 757 1049 ad
785 988 898 1049 caelum
928 990 1108 1067 pertinentia
1137 1006 1192 1067 per
1220 1007 1235 1048 a
1263 986 1420 1047 scribenda

50 1138 57 1149 .
124 1098 209 1152 suut.
255 1089 413 1151 Sciendum
435 1108 522 1160 sane,
546 1093 615 1171 quia
639 1089 750 1150 nullum
773 1108 807 1149 cc
830 1107 884 1168 per
906 1108 922 1150 a
944 1088 1152 1158 scribendum,
1177 1091 1233 1150 nisi
1256 1087 1370 1149 caebrm
1393 1095 1423 1148 et

125 1201 229 1254 cetera
252 1192 288 1253 ad
312 1211 379 1253 eum
401 1190 627 1275 pertinentia.*)

216 1294 300 1365 0666
331 1302 425 1354 restat
457 1301 567 1368 quarto
600 1296 667 1355 loca
696 1297 796 1369 posita
828 1294 1108 1369 ortbapropltia
1143 1295 1418 1365 Eiusidlensis‚

126 1414 195 1457 eam
212 1394 380 1456 carcerandi
395 1397 497 1456 Patris
512 1397 594 1456 Galli
609 1393 731 1455 Marelii
752 1394 888 1456 amicitia
910 1404 1055 1457 accurate
1076 1394 1260 1471 descriptam
1282 1412 1299 1454 e
1319 1396 1424 1455 codiee

129 1506 187 1558 251
213 1516 293 1559 saec.
315 1499 367 1558 ΙΧ
393 1495 468 1558 milti
495 1495 706 1558 liberalissime
738 1498 886 1557 edendam
915 1500 1090 1558 transmisit.
1143 1498 1307 1573 Multiplea
1335 1497 1424 1558 buires

126 1602 201 1661 libri
227 1617 266 1660 aa
293 1602 412 1660 uarium
440 1606 648 1674 6666666666
675 1597 836 1659 enarrauit
859 1601 963 1659 Gallus
984 1600 1132 1660 Moretius
1158 1603 1223 1675 r'pse
1244 1597 1277 1658 in
1304 1601 1421 1674 supple-

127 1709 243 1776 mento,
268 1720 327 1777 qua
350 1702 453 1761 Caroli
466 1700 580 1759 Ilalmir'
598 1703 777 1775 scriptoram
798 1699 1067 1761 acclamasticarum
1089 1699 1123 1761 in
1139 1701 1296 1760 Heluetiae
1316 1701 1422 1760 biblio-

128 1805 224 1866 tltect’s
256 1805 487 1864 adseruatorian
520 1804 691 1877 6616166666
721 1804 852 1863 adauxit
880 1819 909 1862 a.
942 1809 1017 1862 rso7
1047 1799 1337 1876 (Sitrunasbericltte
1368 1801 1423 1861 der

122 1904 332 1982 abitas-trist.
362 1905 463 1966 Classe
490 1906 546 1964 der
572 1905 649 1964 lars.
673 1904 839 1965 Alademie
868 1907 923 1965 der
948 1904 1203 1977 Wisseuscbasten
1226 1910 1291 1963 tom.
1314 1902 1372 1964 IV
1388 1921 1422 1979 p.

132 2005 324 2085 213-261),
349 2025 383 2082 p.
408 2013 475 2065 266.
502 2013 571 2080 261,
596 2006 640 2079 cs.
659 2025 692 2081 p.
720 2013 788 2065 215.
814 2014 883 2066 216.
909 2014 967 2065 217
989 2025 1010 2067 s.
1033 2025 1063 2067 6.
1088 2009 1286 2081 Anamares,
1303 2023 1338 2081 p.
1363 2012 1423 2064 2ro

127 2128 155 2171 s.
178 2128 208 2168 a.
232 2110 428 2181 Benedictus,
446 2126 481 2184 p.
507 2115 564 2167 216
586 2127 609 2167 s.
633 2126 663 2168 a.
687 2107 864 2187 Caesarius,
886 2125 917 2184 p.
944 2115 1000 2166 251
1020 2126 1043 2170 s.
1066 2127 1095 2169 a.
1120 2109 1200 2182 Elio,
1219 2126 1254 2184 p.
1274 2114 1332 2166 252
1352 2124 1376 2167 s.
1393 2125 1422 2166 6.

129 2212 321 2284 Gennadius,
341 2228 374 2286 p.
401 2218 457 2269 253
477 2229 502 2271 s.
525 2228 555 2269 6.
579 2211 771 2285 Halitaarins
791 2218 822 2269 et
843 2212 1020 2284 Heraclius,
1039 2229 1074 2287 p.
1100 2218 1157 2270 255
1179 2229 1202 2269 s.
1226 2226 1255 2269 u.
1279 2211 1422 2284 Prosper.

128 2314 241 2388 116666
267 2313 324 2373 ltoc
351 2312 488 2386 sufficiat
515 2315 675 2388 monuisse,
705 2313 957 2388 ortbaprapbiam
984 2313 1084 2372 media
1112 2315 1192 2372 inter
1218 2308 1423 2372 ecclesiastica

130 2416 216 2475 nullo
242 2412 423 2489 interposito
449 2412 550 2490 spatio
577 2411 724 2475 insertam
751 2431 814 2474 esse
835 2416 898 2474 eius
918 2416 991 2474 libri
1003 2432 1039 2490 p.
1063 2420 1102 2472 53
1122 2430 1214 2474 manu
1235 2430 1313 2473 saec.
1344 2412 1425 2472 VIII

131 2519 180 2577 uel
202 2516 255 2576 111
272 2519 433 2594 scriptam,
452 2519 620 2591 praemisso
643 2501 899 2594 oarbocaurpu
928 2521 1059 2595 incipis
1085 2519 1177 2576 61616.

692 2805 775 2867 Oua.
797 2803 858 2868 ΙΙΙ.

158 2937 219 3002 Du
242 2936 467 3003 LEMMATIS
490 2936 875 3004 ORTHOGRAPHIOIS
897 2938 925 3002 Ε
947 2938 1150 3005 DIVERSIS
1173 2936 1402 3019 GODIGIBVS

492 3037 798 3105 BERNENSIBVS
821 3040 1061 3107 contuitus
1184 3051 1188 3059 '

217 3199 346 3258 Praeter
372 3197 510 3274 intrares
537 3215 638 3257 rerum
661 3199 968 3274 ortlroqraplticarum
989 3201 1188 3267 collectiones,
1217 3201 1345 3275 quasin
1367 3200 1425 3259 boc

47 3354 53 3363 .
128 3300 207 3361 libro
234 3298 333 3374 edidi,
362 3298 501 3375 simonias
528 3317 645 3375 666666
666 3302 884 3376 explicationes
904 3299 933 3361 si
953 3300 1092 3362 inuenire
1116 3318 1232 3378 possem
1254 3304 1370 3378 passim
1392 3303 1423 3361 in

128 3400 219 3463 libris
245 3405 457 3478 manuscriptis
484 3403 636 3478 dispersas
665 3419 788 3477 operam
811 3404 888 3462 daris
906 3401 1067 3477 alassariis
1089 3401 1209 3465 Latinis
1225 3410 1423 3479 perscrutan-

131 3505 179 3564 dis
201 3511 329 3579 excepta
350 3505 416 3563 cod.
443 3511 495 3576 16,
520 3505 558 3563 de
579 3520 636 3580 666
657 3522 753 3580 supra
775 3506 856 3579 dixi,
880 3507 957 3565 nibil
979 3505 1111 3582 profeci.
1160 3505 1271 3565 Tamen
1300 3506 1331 3564 in
1354 3505 1423 3565 aad.

133 3612 193 3665 258
215 3621 293 3665 saec.
316 3606 367 3664 IX
385 3613 475 3681 parte
496 3623 549 3682 eo,
572 3625 633 3681 666
655 3611 763 3668 ueteris
784 3624 822 3666 ac
843 3609 918 3667 ataui
937 3611 1108 3668 testamenti
1125 3610 1244 3682 aiassae
1265 3607 1421 3673 habentur,

127 3708 156 3801 s.
183 3713 240 3764 17⁰
260 3709 317 3768 col.
339 3709 357 3768 I
379 3708 598 3769 Cassiodari
617 3711 727 3768 mentio
748 3711 859 3768 iniecta
880 3717 924 3768 est
943 3712 1128 3784 sinautarem
1151 3712 1182 3769 in
1204 3709 1339 3769 aradum:

129 3879 358 3889 --————

179 3992 230 4076 ·*)
258 3993 358 4046 Codicis
382 3995 611 4061 sangermanensis
635 3999 701 4047 4029
720 4014 744 4063 p.
765 3999 814 4047 520
836 4016 850 4047 a
872 3999 985 4048 Tluuoto
1009 3999 1114 4048 exhibiti
1143 3998 1191 4047 ltac
1218 4008 1278 4048 silut
1304 3998 1424 4048 lectiones

129 4080 233 4115 uariae:

201 4148 227 4197 p.
245 4133 304 4194 299,
322 4135 353 4181 31
373 4148 418 4197 per
435 4148 462 4181 ss
478 4135 482 4198 Ι
498 4136 530 4184 32
549 4149 593 4197 pei·
612 4150 643 4182 rin
661 4133 713 4196 133
730 4134 902 4185 accunialatus
922 4150 967 4201 per
984 4114 1105 4198 661000,
1126 4137 1139 4184 l
1158 4144 1281 4200 aggestus
1300 4150 1345 4199 per
1363 4149 1399 4199 gg
1418 4136 1423 4195 Ι
1511 4115 1517 4128 ’

127 4205 146 4252 4
164 4212 206 4250 est
223 4214 270 4250 om.
286 4198 291 4263 Ι
306 4200 419 4249 sillabam
435 4199 439 4264 Ι
455 4204 471 4251 9
488 4201 603 4250 sillubam
618 4200 623 4266 Ι
640 4205 671 4251 10
688 4202 837 4267 complexus
855 4204 1027 4269 compendeus
1043 4201 1048 4266 Ι
1065 4205 1093 4251 11
1114 4203 1225 4252 imitator
1246 4200 1251 4266 Ι
1270 4204 1301 4252 15
1319 4201 1399 4251 littera
1412 4198 1424 4263 Ι

131 4272 164 4319 l'l
183 4278 289 4318 saumas
306 4284 352 4317 orn.
368 4269 372 4328 Ι
388 4278 471 4317 sartos
489 4268 539 4333 Ι19
557 4282 661 4320 actenus
677 4268 729 4333 120
747 4271 859 4333 (adnot.)
879 4287 952 4321 renes
970 4286 1041 4320 meos
1060 4287 1074 4320 e
1093 4285 1143 4320 non
1162 4273 1170 4320 i
1185 4269 1189 4334 Ι
1205 4272 1237 4320 22
1256 4271 1368 4335 preteriti
1386 4282 1425 4319 ast

128 4334 257 4401 temporis
272 4333 277 4399 Ι
291 4337 324 4386 23
342 4337 463 4400 temporis
482 4348 520 4385 est
537 4337 613 4387 luituri
630 4339 682 4398 127
700 4338 799 4387 dormet
813 4338 817 4403 Ι
833 4339 915 4389 littera
930 4339 935 4403 Ι
951 4338 984 4389 28
1000 4354 1105 4404 ymnum
1121 4336 1126 4403 Ι
1145 4341 1208 4396 301,
1227 4340 1243 4387 2
1261 4338 1400 4403 penitentia
1418 4337 1423 4399 Ι

129 4403 257 4471 patientia
278 4405 391 4467 potentia
415 4404 419 4468 Ι
443 4405 604 4469 prouidentia
626 4407 769 4455 constantia
791 4406 935 4469 eloquentia
958 4409 1125 4474 temperantia
1147 4406 1273 4456 coibeutia
1299 4407 1424 4470 sapientia

127 4473 209 4523 fortia
227 4471 388 4536 inprudentia
406 4488 452 4537 pcc
465 4474 483 4521 ti
495 4472 592 4535 syllaba
609 4474 726 4522 scribitur
741 4472 746 4537 Ι
761 4476 882 4540 iscripsi
897 4475 902 4537 Ι
919 4475 1093 4526 luuxiliatrix
1111 4475 1221 4524 adiutrix
1236 4472 1241 4537 Ι
1256 4474 1403 4523 distructrix
1419 4476 1423 4531 Ι

127 4543 146 4593 8
165 4536 313 4605 confertim]
332 4539 430 4589 caulert
447 4537 594 4606 (Titurnius,
610 4544 653 4606 qul
669 4557 714 4606 per
732 4542 740 4589 i
759 4552 783 4591 et
800 4557 817 4590 x
836 4544 966 4597 scribitur:
985 4545 1017 4594 ad
1036 4545 1204 4593 nouissimam
1222 4542 1344 4606 syllabam
1363 4555 1424 4590 cou-

127 4607 294 4670 terremotu,
318 4610 431 4657 lacunam
448 4609 549 4658 subesse
567 4617 639 4659 ratus
657 4612 706 4673 est)
730 4610 735 4669 Ι
759 4611 838 4675 9per
854 4628 881 4660 rr
902 4610 907 4676 Ι
930 4619 989 4676 part
1008 4615 1041 4664 10
1059 4616 1117 4678 ‘per
1135 4616 1162 4661 0’
1180 4612 1244 4661 baec
1259 4611 1350 4660 addita
1366 4616 1426 4658 sunt

127 4678 227 4728 omissa
243 4677 269 4724 in
286 4676 342 4724 eod.
360 4674 489 4726 Berneasi
504 4683 530 4727 et
547 4676 760 4742 Sanpermanenst'
778 4681 862 4729 1313:
891 4680 1024 4729 lanuarias
1048 4679 1188 4730 februarius
1212 4679 1316 4727 martius
1335 4675 1424 4742 aprilis

128 4744 215 4794 maius
235 4743 320 4791 iunins
338 4742 414 4792 iulius
432 4756 540 4808 agustus
558 4747 702 4811 september
719 4747 857 4796 nouember
873 4747 1006 4797 december
1018 4750 1054 4797 sic
1067 4747 1227 4797 scribendum
1241 4757 1279 4795 est
1294 4744 1299 4806 Ι
1316 4746 1347 4794 12
1360 4744 1425 4795 6116·

126 4811 186 4873 latl
203 4812 236 4860 la
253 4809 380 4859 dilectatio
399 4827 446 4861 am.
461 4811 466 4872 1
481 4812 584 4877 diligam
600 4814 605 4877 Ι
620 4815 704 4879 diligit
719 4813 724 4879 Ι
739 4813 839 4863 dilectat
856 4815 971 4880 dilegens
990 4833 1036 4869 om.
1061 4816 1067 4881 Ι
1091 4818 1122 4864 14
1139 4831 1185 4879 per
1202 4815 1210 4862 i
1229 4813 1348 4862 scribitur
1367 4812 1371 4879 Ι
1393 4817 1425 4866 15

128 4895 178 4946 per
196 4894 221 4938 e,
239 4892 286 4927 orn
304 4887 328 4926 et
346 4879 353 4926 i
371 4879 531 4927 scribendum
550 4892 595 4933 est.
