3382 5476
276 363 430 410 CLXXXVI
670 351 719 401 Du
737 350 889 402 POMPEII
909 351 955 400 ET
973 350 1169 402 consuunt

276 555 352 617 quae
378 538 402 599 si
431 540 617 600 remanserit.
646 537 723 618 apud
752 541 879 601 Graecos
907 540 977 601 iicet
1003 538 1090 600 nohis
1119 551 1149 600 et
1176 539 1377 620 apostrophon
1405 539 1505 601 iacere
1536 547 1569 601 et

275 640 375 702 dicere
403 640 523 721 pienum
546 639 687 709 uerbum;
718 641 795 721 apud
826 640 944 702 Latinos
972 659 1041 702 non.
1070 639 1197 703 ceruical
1218 642 1362 712 Graecus,
1391 640 1509 722 quando
1535 643 1568 703 in

276 749 373 803 metro
395 741 534 823 loquitur,
564 745 606 805 sic
630 743 713 813 dicit,
743 742 991 827 quemadmodum
1022 745 1208 805 remanserit.
1238 762 1297 804 non
1325 745 1417 813 enim,
1446 743 1568 823 quando

275 842 369 905 soluta
391 846 485 906 oratio
509 853 568 915 est,
592 845 662 906 dicit
676 845 814 914 ceruicai‚
837 844 889 906 sed
905 845 975 906 dicit
996 844 1081 925 plena
1098 844 1198 907 uerha.
1220 844 1297 923 aprrd
1313 845 1431 906 Latinos
1446 845 1568 924 quando

275 946 469 1027 apostrophos
491 949 531 1016 tit,
554 950 580 1007 si
602 965 686 1027 passa
709 948 815 1016 tuerit.
838 966 924 1028 passa
948 957 993 1008 est
1020 949 1154 1027 penitus,
1182 949 1247 1008 siue
1273 948 1304 1007 in
1332 956 1427 1008 metro
1448 948 1512 1009 siue
1533 948 1568 1008 in

274 1047 368 1110 soluta
391 1051 533 1110 oratione.
556 1051 626 1110 item
655 1051 685 1111 in
708 1049 965 1111 coniunctionibus
992 1057 1113 1110 seruant
1134 1048 1229 1127 legem
1253 1049 1405 1110 Graecam.
1429 1066 1497 1110 nam
1520 1047 1569 1130 [tn

275 1149 548 1232 coniunctionibus]
575 1152 606 1212 in
629 1161 724 1212 metro
747 1150 904 1223 deficiunt,
928 1153 958 1213 in
981 1151 1074 1214 soluta
1103 1152 1235 1213 oratioue
1257 1159 1387 1212 seruant.
1410 1159 1480 1228 puta
1502 1159 1569 1212 tan·

274 1253 335 1313 ton’
357 1271 423 1324 me,
450 1255 476 1313 si
498 1252 593 1314 soluta
617 1262 694 1314 esset
717 1255 825 1323 oratio,
856 1253 977 1335 plenum
1001 1253 1113 1314 diceret
1135 1255 1273 1315 ‘tantone
1295 1272 1342 1314 me
1369 1253 1494 1314 crimine
1522 1252 1569 1313 di·

278 1357 393 1432 gnum’.
419 1353 496 1416 men’
520 1355 658 1425 dicimus;
681 1354 777 1417 soluta
799 1357 893 1416 oratio
916 1358 941 1417 si
964 1364 1054 1425 esset,
1085 1373 1171 1417 mene
1193 1355 1314 1418 diceret.
1337 1370 1409 1432 ergo
1430 1361 1572 1416 seruatur

274 1454 323 1518 iila
346 1454 394 1517 lex
416 1458 527 1520 Graeca
550 1460 580 1518 in
603 1456 874 1527 coniunctionibus;
902 1460 933 1519 in
956 1460 1063 1521 ceteris
1090 1456 1225 1536 partibus
1252 1457 1393 1518 orationis
1415 1474 1490 1537 opus
1512 1465 1569 1528 est.

275 1566 307 1619 ut
328 1557 419 1620 semei
442 1558 614 1639 pertulerit;
637 1562 661 1621 si
683 1558 774 1622 semel
797 1559 966 1639 pertulerit,
990 1562 1046 1621 iam
1068 1562 1162 1640 ipsam
1186 1567 1294 1620 seruat.
1429 1568 1432 1573 “

358 1663 421 1722 Pro
433 1660 484 1727 his
505 1666 596 1723 multo
617 1661 745 1724 meliora
766 1661 907 1739 quamuis
918 1681 957 1723 ue
970 1664 1047 1724 duee
1061 1661 1181 1738 quidem
1198 1660 1332 1724 omnibus
1347 1660 1480 1723 uetueris
1501 1677 1570 1724 cor-

273 1772 358 1826 recta
380 1765 457 1825 hoec
477 1773 546 1826 suut
567 1764 600 1825 iu
621 1768 689 1826 cod.
716 1773 771 1825 123
788 1765 817 1839 s.
842 1763 892 1825 5⁶:

360 1866 414 1928 Est
436 1866 521 1926 etiam
545 1863 750 1946 apostrophum
774 1866 850 1946 apud
872 1864 951 1926 latin'
976 1884 1034 1926 non
1057 1865 1143 1928 iaciie
1165 1868 1194 1926 in
1216 1865 1386 1927 nominibus
1406 1865 1570 1935 inuenitur,

278 1969 336 2028 nisi
359 1985 445 2046 quem
468 1966 627 2029 admodum
651 1970 828 2029 remanserit
855 1970 885 2028 in
914 1966 1051 2029 omnihus
1079 1967 1135 2028 hoc
1157 1969 1234 2048 apud
1257 1968 1373 2029 latinos.
1396 1974 1465 2029 sunt
1487 1969 1569 2029 enim

276 2069 448 2150 apostrophi
471 2088 487 2129 a
510 2069 587 2148 apud
611 2089 715 2148 grecos
737 2088 795 2149 que
817 2077 990 2131 remaneant
1011 2071 1086 2150 apud
1115 2068 1196 2131 iatin’
1225 2068 1293 2131 licet
1319 2069 1404 2131 nohis
1432 2077 1569 2147 apostro-

275 2170 366 2250 phum
389 2156 488 2233 iacere
510 2178 540 2232 et
560 2190 620 2232 non
644 2170 743 2232 dicere
766 2170 887 2250 plenum
911 2170 1036 2232 nerlurm
1060 2172 1137 2253 apud
1161 2171 1267 2233 latinos
1295 2182 1328 2234 ut
1356 2181 1400 2232 est
1427 2171 1569 2233 ceruicai.

274 2290 381 2351 grecus
403 2272 521 2354 quando
544 2272 673 2353 loquitur
696 2274 726 2334 in
748 2281 857 2343 metro,
881 2275 923 2335 sic
939 2273 1010 2334 dicit
1024 2273 1273 2354 quemadmodum
1296 2274 1504 2335 remanserit.
1528 2321 1536 2334 .
1562 2324 1570 2338 .

274 2419 461 2436 ........
485 2374 556 2436 dicit
576 2375 704 2438 cernical
727 2375 781 2437 sed
803 2374 875 2436 dicit
895 2374 982 2457 piena
1003 2375 1094 2437 uerha
1117 2376 1194 2455 apud
1215 2374 1219 2458 i
1239 2377 1259 2436 i.
1275 2374 1311 2438 6·
1330 2375 1335 2457 Ι
1354 2373 1434 2437 iatin'
1449 2377 1570 2457 quando

276 2476 474 2557 apostrophos
496 2479 534 2537 sit
555 2480 580 2537 si
602 2495 686 2556 passa
710 2478 799 2539 inerit
819 2497 904 2558 passa
928 2489 973 2540 est
1000 2480 1118 2558 penitus
1145 2481 1208 2539 siue
1235 2481 1266 2542 in
1295 2479 1418 2540 metrica
1446 2481 1510 2539 siue
1538 2480 1569 2540 in

273 2579 370 2641 soiuta
394 2581 537 2641 oratione.
566 2582 637 2640 item
666 2581 924 2643 coniunctionibus
946 2582 1043 2657 grecis
1065 2589 1186 2643 seruant
1208 2579 1302 2658 legem
1330 2596 1449 2657 grecam
1473 2589 1506 2641 ut
1533 2582 1566 2643 in

273 2680 529 2743 coniunctionibus
550 2683 579 2742 in
604 2689 699 2741 metro
722 2683 863 2743 deficiunt
884 2684 912 2742 in
929 2681 1023 2743 soluta
1040 2685 1173 2743 oratione
1194 2689 1314 2743 seruant
1335 2690 1369 2743 ut
1390 2690 1461 2761 puta
1483 2690 1568 2744 tanto

273 2802 320 2845 me
343 2780 429 2845 eidi
450 2802 505 2864 pro
528 2782 595 2845 dice
618 2783 664 2843 iac
685 2802 741 2864 pro
763 2784 826 2846 iace
849 2787 874 2845 si
895 2784 989 2846 soluta
1014 2793 1091 2845 essct
1113 2786 1207 2846 oratio
1230 2782 1351 2864 plenum
1368 2782 1481 2847 diceret
1502 2793 1569 2846 tan·

272 2894 341 2947 tone
364 2904 412 2945 me
434 2886 565 2947 cremine
587 2884 692 2945 duxisti
715 2885 793 2947 idest
814 2885 950 2948 iudicasti
978 2885 1071 2948 soluta
1101 2888 1195 2948 oratio
1224 2894 1269 2947 est
1296 2904 1364 2947 cum
1393 2904 1430 2947 ne
1452 2886 1569 2950 diceret

273 3006 328 3066 ego
349 2987 464 3048 solutur
487 3007 521 3049 ex
545 3004 632 3065 greca
656 2985 751 3064 legem
770 2990 801 3048 in
817 2987 1073 3049 coniunctionibus
1088 2991 1119 3049 in
1134 2989 1259 3066 integris
1274 2987 1408 3068 partibus
1424 2990 1569 3051 orationis

273 3108 347 3169 opus
369 3097 414 3151 est
437 3097 469 3150 nt
491 3091 515 3150 si
537 3088 628 3151 semei
651 3088 819 3168 protullerit
841 3093 899 3152 iam
922 3091 1015 3171 ipsam
1038 3099 1139 3153 seruat
1160 3125 1202 3135 -

355 3194 413 3254 hoc
433 3200 493 3252 cst:

357 3294 409 3356 Est
430 3296 518 3356 etiam
542 3295 750 3374 apostrophus:
781 3293 858 3374 apud
881 3294 1001 3355 Latinos
1023 3313 1082 3355 non
1111 3295 1197 3356 tacite
1224 3297 1254 3356 in
1283 3294 1453 3357 nominihus
1481 3297 1567 3357 inne·

273 3398 363 3467 nitur,
393 3399 449 3458 nisi
479 3395 725 3478 quemadmodum
754 3397 941 3458 remanserit.
986 3396 1018 3457 ln
1047 3396 1217 3458 nominihus
1244 3398 1301 3458 hoc
1329 3396 1406 3476 apud
1436 3396 1566 3458 Latinos.

273 3499 350 3561 Sunt
377 3501 455 3561 enim
484 3499 655 3581 apostrophi
682 3498 760 3578 apud
789 3500 927 3569 Graecos,
957 3500 1007 3579 qui
1035 3508 1208 3559 remaneant
1235 3499 1312 3578 apud
1335 3499 1467 3561 Latinos:
1498 3497 1568 3561 iicet

273 3601 358 3663 nohis
380 3601 590 3681 apostrophum
614 3600 712 3664 iacere
734 3610 764 3661 et
785 3619 845 3662 non
868 3600 967 3663 dicere
988 3599 1109 3680 pienum
1132 3600 1258 3662 uerhnm
1282 3600 1360 3683 apud
1383 3600 1511 3672 Latinos,
1534 3611 1569 3664 ut

273 3712 319 3765 est
340 3701 477 3764 ceruicai.
522 3704 653 3764 Graecus
676 3703 794 3784 quando
817 3702 947 3782 loquitur
969 3704 999 3763 in
1022 3712 1128 3773 metro,
1152 3704 1195 3764 sic
1215 3703 1295 3773 dicit,
1318 3702 1566 3783 quemadmodum

271 3806 463 3867 remanserit:
487 3823 546 3865 non
570 3813 677 3888 autem,
701 3804 819 3886 quando
842 3804 936 3866 soluta
959 3806 1054 3865 oratio
1077 3815 1130 3874 est,
1155 3806 1225 3866 dicit
1241 3803 1402 3874 ‘ceruical’‚
1426 3804 1477 3865 sed
1494 3804 1565 3867 dicit

271 3904 358 3986 piena
382 3905 482 3968 uerba.
527 3906 611 3986 Apud
634 3907 753 3969 Latinos
769 3906 886 3985 quando
902 3906 1114 3987 apostrophum
1129 3906 1239 3986 syllaba
1255 3925 1341 3986 passa
1356 3907 1454 3976 tuerit,
1478 3926 1565 3987 passa

272 4016 316 4068 est
336 4010 464 4088 penitus,
488 4011 552 4071 siue
573 4012 603 4070 in
627 4012 751 4072 metrica
773 4011 837 4069 siue
859 4009 888 4068 in
911 4006 1005 4069 soluta
1021 4010 1163 4070 oratione.
1201 4009 1274 4070 item
1298 4011 1327 4068 in
1351 4009 1566 4070 coniunctioni·

272 4109 327 4172 hus
357 4109 453 4172 Latini
481 4121 601 4172 seruant
628 4111 724 4190 legem
747 4111 904 4171 Graecam:
934 4129 1002 4170 nam
1032 4108 1076 4190 [in
1104 4109 1378 4191 coniunctionibus]
1407 4111 1438 4171 in
1467 4094 1565 4171 metro

272 4212 428 4281 deficiunt,
458 4215 489 4273 in
511 4211 606 4274 solnta
631 4216 764 4274 oratione
787 4221 923 4280 seruant,
953 4220 1096 4290 utputa:
1125 4214 1238 4273 ‘tanton
1261 4215 1319 4274 me'
1346 4210 1390 4292 [et
1412 4212 1483 4272 ‘dic'
1507 4230 1565 4293 pro

272 4314 352 4385 dice,
377 4315 445 4375 ‘iac'
469 4334 524 4393 pro
547 4315 642 4398 iace]:
671 4317 696 4375 si
720 4313 814 4375 soluta
837 4323 916 4375 esset
938 4315 1041 4384 oratio,
1065 4313 1185 4393 pienum
1209 4314 1336 4374 diceret:
1362 4319 1494 4374 ‘tantone
1517 4332 1566 4375 me

271 4416 395 4478 crimine
418 4414 537 4478 duxisti'
562 4415 655 4497 [idest
681 4415 850 4496 iudicasti]:
880 4415 976 4476 soluta
1004 4417 1098 4476 oratio
1126 4417 1151 4475 si
1180 4427 1272 4485 esset,
1302 4418 1411 4476 ‘mene’
1443 4413 1565 4476 diceret.

271 4519 349 4597 Ergo
372 4528 492 4579 seruant
514 4518 609 4579 Latini
625 4521 766 4581 Graecam
790 4517 885 4598 tegam
908 4520 938 4578 in
954 4517 1224 4579 coniunctionibus:
1248 4518 1277 4577 in
1300 4519 1408 4578 ceteris
1429 4515 1565 4597 partibus

271 4621 413 4681 orationis
435 4638 510 4700 opus
532 4628 585 4688 est,
609 4626 640 4681 ut
662 4623 688 4680 si
710 4621 801 4682 semel
825 4617 990 4698 pertuterit,
1014 4621 1071 4679 iam
1095 4621 1187 4697 ipsam
1210 4630 1319 4681 seruet.

355 4723 417 4784 Sed
437 4726 497 4783 ium
524 4724 605 4784 dunc
628 4723 763 4800 Pompeii
787 4725 897 4784 librum
923 4720 1207 4798 interpolationibus
1233 4731 1261 4783 ct
1281 4725 1389 4796 piossis
1416 4721 1563 4795 infectum

271 4825 364 4885 uides.
412 4826 629 4888 Percurremus
649 4834 759 4887 cetero.
1190 4838 1194 4850 ·
