3382 5476
195 341 237 406 83
709 340 778 392 aas
796 339 973 392 anonim

193 549 279 610 quem
309 549 464 599 coeamus,
497 537 529 590 nt
557 549 574 589 o
604 530 756 608 magister.
801 529 843 590 lie
873 530 1010 589 uocatiuo
1042 547 1112 591 casu
1142 529 1372 592 Consentius
1398 528 1490 593 dixit:

192 633 293 693 Hunc
309 651 430 693 casum
447 630 513 692 alii
529 637 684 700 rectum,
702 630 767 691 alii
789 632 889 690 recti
905 630 1065 692 similem
1081 631 1220 693 dicunt.
1251 629 1489 695 Ablatiuusideo

193 733 309 803 dicitur,
333 735 401 810 quia
424 752 478 814 per
501 752 568 795 eum
592 752 647 793 nos
669 733 788 794 arilerre
810 731 919 811 aliquid
943 734 1080 811 cuiquam
1105 734 1322 812 significamus,
1345 740 1378 794 ut
1392 733 1491 797 ‘auter

192 855 207 897 a
231 837 395 915 magistro’.
440 835 512 896 item
536 835 711 896 intuendum
735 842 793 905 est,
824 855 876 896 cur
899 837 1101 896 nominatiuus
1128 835 1236 896 dicitur
1260 843 1290 896 et
1312 854 1371 897 non
1394 837 1490 897 nomi·

193 945 279 999 nator
310 946 359 997 aut
389 939 571 1007 nominatus,
602 936 680 1017 quod
709 939 751 997 ita
773 935 949 998 soluendum
973 944 1027 998 est.
1072 938 1247 999 Nominator
1269 937 1348 998 enim
1370 937 1516 1007 diciturne

193 1040 242 1119 qni
270 1040 404 1099 nominat
436 1037 560 1118 aliquid,
594 1039 763 1099 nominatus
791 1056 864 1098 uero
893 1040 958 1119 ipse
987 1046 1047 1107 est,
1081 1041 1133 1120 qui
1161 1037 1197 1099 ab
1225 1037 1283 1099 alio
1311 1040 1489 1100 nominatur.

193 1141 398 1201 Nominatiuus
428 1146 526 1200 autem
555 1139 677 1209 dicitur,
706 1158 760 1219 per
790 1157 877 1218 quoru
907 1141 1090 1201 nominatur:
1120 1141 1163 1200 sic
1189 1140 1346 1218 genetibus
1373 1139 1492 1205 dutinus

193 1243 379 1304 accusatiuus
407 1242 561 1303 uocatiuus
589 1239 750 1311 ablaticus,
781 1259 840 1302 uon
870 1244 987 1320 genitor
1015 1241 1063 1302 uel
1091 1243 1223 1320 genitus,
1252 1259 1311 1304 nou
1334 1241 1420 1304 dator
1441 1242 1490 1305 uel

193 1343 295 1412 datus,
319 1361 378 1404 nou
401 1352 554 1404 accusator
577 1343 625 1405 uel
648 1351 820 1413 accusatus,
844 1361 904 1404 non
927 1350 1050 1404 uocatur
1066 1344 1115 1404 nel
1131 1349 1267 1414 uocatus,
1291 1361 1350 1405 non
1373 1343 1491 1407 ablator

195 1443 243 1506 nel
266 1442 381 1506 ablatus
404 1444 521 1506 dicendi
543 1454 622 1507 sunt.
665 1446 702 1506 Et
724 1446 797 1507 baec
819 1446 918 1506 omnia
938 1447 1057 1506 nomina
1074 1443 1111 1506 ab
1126 1445 1274 1507 infinitiuo
1294 1447 1396 1508 tuturo
1418 1445 1490 1509 diri·
1503 1463 1529 1504 ro

194 1554 301 1608 uantur
324 1548 431 1608 borum
454 1546 630 1616 uerborum,
661 1564 737 1624 quae
759 1553 829 1608 sunt
849 1547 903 1606 ita:
940 1548 1060 1607 nomino
1083 1548 1268 1608 nominatum
1288 1548 1334 1609 ire
1355 1549 1491 1610 nomina·

195 1651 274 1711 tinus
304 1656 414 1710 mutata
442 1657 505 1709 tuni
533 1647 644 1728 syllaba
671 1649 702 1708 iu
725 1645 902 1717 clausulam,
933 1656 1075 1727 quaeest
1102 1651 1194 1718 tiuns;
1224 1652 1266 1710 sic
1292 1651 1490 1728 genetiuusa

194 1754 284 1830 gigno
313 1750 360 1812 nol
388 1749 494 1811 melius
521 1768 613 1828 geilo,
644 1749 724 1829 quod
752 1751 863 1831 antiqui
891 1751 921 1810 iu
946 1769 1000 1811 usu
1024 1748 1204 1826 babuerunt,
1232 1751 1370 1831 quodque
1392 1753 1490 1814 infini-

196 1855 289 1915 tiuum
320 1853 453 1914 laturum
481 1850 570 1911 babet
596 1859 736 1928 genetum
759 1853 819 1922 ire,
850 1858 879 1911 et
906 1851 975 1913 inde
1002 1853 1035 1912 lit
1063 1855 1233 1931 genetiuns;
1262 1854 1305 1914 sic
1327 1852 1365 1913 do
1389 1852 1491 1915 datum

195 1957 239 2014 irc
263 1954 395 2021 datiuus;
419 1972 525 2015 accuso
548 1960 716 2014 accusatum
747 1955 790 2013 ire
817 1955 1017 2023 accersiturum
1051 1973 1127 2016 uoco
1150 1963 1287 2016 uocatum
1309 1957 1355 2016 ire
1378 1957 1490 2017 uocati-
1504 1964 1532 2014 'ra

196 2075 267 2124 uus;
292 2056 394 2116 antero
417 2054 546 2115 ablatum
571 2056 614 2114 ire
636 2051 792 2115 ablaticus.
831 2055 904 2116 ltem
927 2055 1005 2115 aliud
1028 2055 1324 2118 animaduertendum
1341 2066 1394 2128 est,
1417 2077 1492 2138 quo·

197 2147 290 2218 modo'
307 2159 338 2217 in
361 2158 544 2218 norniuatiuo
567 2154 723 2217 scribenda
745 2165 813 2217 suut
836 2158 910 2218 llaec
937 2159 1072 2227 nomina,
1102 2158 1180 2219 idest
1201 2166 1298 2232 utrum
1321 2177 1376 2238 per
1399 2178 1493 2221 unum

198 2280 216 2321 u
239 2263 292 2320 ita:
317 2259 504 2327 nominatius,
528 2277 565 2319 an
588 2277 642 2337 per
664 2258 722 2319 duo
738 2279 756 2319 u
773 2260 826 2319 ita:
851 2261 1064 2328 nominatiuus;
1089 2263 1133 2321 sic
1156 2268 1185 2321 ot
1206 2262 1237 2321 in
1259 2261 1366 2322 ceteris
1387 2261 1490 2323 uiden·

101 2443 102 2446 Ἴ
196 2362 265 2422 dum
289 2368 347 2436 est,
377 2369 475 2421 utrum
504 2362 641 2439 genelius
664 2379 699 2419 an
723 2363 880 2439 genetiuus
903 2361 1068 2440 etreliqua
1091 2362 1237 2423 dicautur.
1282 2362 1344 2423 lloc
1366 2365 1411 2423 itu
1433 2361 1493 2423 sol·

197 2463 328 2525 nendum
357 2470 413 2534 est,
445 2461 522 2542 qood
547 2462 681 2541 perduc
704 2481 723 2523 u
745 2462 836 2523 scribi
865 2457 989 2524 debent:
1021 2466 1047 2524 si
1070 2466 1149 2526 enim
1171 2466 1202 2525 in
1224 2464 1271 2524 ius
1293 2464 1534 2526 nominatiuusao

197 2569 306 2637 exiret,
330 2567 387 2627 duo
411 2567 421 2625 i
445 2567 474 2625 in
497 2567 637 2643 genetiuo
661 2573 775 2634 essent,
808 2564 885 2625 idest
907 2567 1086 2626 nominatius
1108 2566 1278 2636 nominatii,
1302 2567 1371 2644 quia
1393 2567 1493 2627 omnia

196 2671 315 2730 nomina
344 2669 374 2727 in
403 2668 449 2727 ius
477 2666 524 2727 uel
555 2669 585 2726 in
613 2669 675 2727 inm
704 2667 867 2728 desinentia
890 2669 899 2726 i
923 2666 1070 2746 duplicem
1093 2669 1124 2727 in
1147 2669 1285 2746 genetiuo
1307 2665 1433 2737 habent,
1463 2673 1496 2728 ul

197 2770 353 2832 Cornelius
381 2765 525 2835 Cornelii;
555 2786 623 2828 cum
652 2787 724 2829 uero
752 2770 781 2829 ui
810 2769 985 2830 terminatur
1012 2770 1167 2846 genetiuus
1196 2777 1225 2830 et
1253 2787 1312 2830 non
1336 2767 1451 2830 duobus
1474 2769 1493 2839 i,

197 2879 338 2951 apparet,
362 2869 441 2948 quod
464 2870 664 2931 nominatiuus
687 2889 744 2930 uus
766 2868 877 2949 syllaba
893 2871 1069 2931 terminatur
1085 2879 1114 2932 et
1128 2889 1188 2931 non
1205 2872 1257 2932 ius.
1303 2872 1378 2932 ltem
1400 2874 1495 2932 inter·

197 2970 363 3050 rogandum
386 2978 445 3039 est,
470 2978 543 3050 quot
565 2978 632 3031 sunt
655 2971 768 3031 lormae
791 2970 932 3032 casuales.
978 2971 1058 3032 idest
1080 2990 1141 3033 sex.
1186 2971 1248 3033 aliia
1271 2974 1350 3032 enim
1374 2972 1494 3033 nomina
1508 2995 1537 3036 es

198 3081 268 3133 sunt
290 3078 476 3150 monoptota,
501 3070 557 3131 alia
581 3070 706 3151 diptota,
731 3071 785 3132 alia
810 3074 945 3152 triptota,
969 3072 1024 3133 alia
1042 3081 1214 3153 tetraptota,
1239 3073 1295 3135 alia
1310 3081 1496 3152 pentaptota,

200 3174 256 3235 alia
281 3172 448 3252 hexaptota.
493 3172 565 3234 lude
588 3173 756 3234 Isidorus
778 3173 864 3234 dicit:
894 3175 1108 3254 blonoptota
1136 3177 1283 3236 nomina
1312 3173 1495 3245 dictaeo,

199 3275 295 3356 quod
320 3294 390 3335 uno
413 3283 554 3336 tantum
578 3294 663 3336 casu
686 3283 857 3347 utuntur,
882 3285 914 3338 ut
937 3285 1043 3356 sponte
1066 3275 1134 3337 tabo
1157 3278 1235 3355 lrugi
1259 3275 1343 3337 uibili
1365 3295 1496 3357 nequam

199 3379 242 3439 las
270 3380 354 3439 netas
382 3395 491 3456 nugas,
522 3385 551 3437 et
577 3378 695 3438 nomina
726 3365 891 3439 litterarum
921 3387 950 3440 et
978 3381 1095 3440 numeri
1123 3399 1139 3441 a
1168 3387 1306 3459 quattuor
1335 3397 1429 3457 usquc
1458 3378 1496 3447 ad

200 3489 328 3542 centum.
375 3480 537 3540 bonatus
564 3479 649 3540 dicit:
686 3483 817 3560 Aptata
848 3482 997 3542 nomina
1025 3489 1125 3551 sunt,
1160 3499 1251 3560 quae
1280 3497 1403 3560 neque
1431 3499 1539 3560 perso

200 3601 307 3643 casus
336 3598 456 3657 noque
483 3600 549 3660 per
572 3601 744 3643 numeros
773 3581 1025 3644 declinantur.
1072 3583 1129 3643 Sed
1151 3584 1181 3643 in
1205 3583 1252 3644 bis
1274 3584 1403 3644 uarietas
1425 3600 1497 3661 qua·

199 3682 293 3745 litatis
321 3701 378 3744 una
407 3682 571 3744 litteratura
599 3684 842 3763 deprehenditur,
872 3693 903 3744 ut
931 3684 979 3745 bic
1002 3683 1127 3745 ethaeo
1150 3693 1179 3746 et
1201 3684 1257 3746 hoe
1279 3702 1373 3763 nugas
1395 3691 1425 3744 et
1447 3702 1498 3746 ce·

199 3797 273 3848 tera.
320 3786 437 3863 biptota
467 3787 586 3846 nomina
616 3785 754 3847 dicuntur
785 3805 832 3857 eo,
863 3787 941 3863 quod
965 3789 993 3846 in
1017 3785 1133 3847 duobus
1156 3785 1273 3848 casibus
1295 3787 1497 3865 reperiuntur,

201 3897 233 3948 ut
254 3889 304 3949 bic
326 3886 458 3966 luppiter
480 3884 491 3968 ΙΙ
513 3887 532 3946 l.
549 3883 611 3948 92¹>
628 3886 639 3970 ΙΙ
661 3908 678 3948 o
700 3888 843 3968 Iuppiter,
872 3888 920 3948 liic
944 3888 1088 3968 Diespiter
1111 3907 1128 3947 o
1152 3888 1306 3968 Diespiter,
1336 3886 1387 3948 sed
1411 3885 1498 3949 aliter

201 3989 396 4052 declinantur.
427 3990 469 4050 llo
484 3990 532 4051 his
548 3988 651 4052 lormis
666 3989 835 4051 casualibus
850 3988 1067 4050 Priscianus
1090 3991 1227 4050 tractauit
1242 3989 1358 4050 dicens:
1382 3988 1496 4060 Quae·
1510 4015 1539 4055 aa

203 4129 267 4137 u-——
273 4127 414 4134 -—--.—-·-

270 4214 282 4261 1
303 4210 468 4276 consensius]
490 4228 518 4276 p.
540 4211 696 4273 351,61ιέ
726 4219 832 4274 excepto
857 4208 988 4266 uocatiuo,
1016 4224 1090 4269 quem
1110 4221 1134 4259 et
1152 4210 1236 4275 ipsum
1256 4209 1370 4274 plerique
1394 4223 1498 4271 rectum,

200 4280 243 4328 alii
262 4282 322 4329 recti
341 4280 448 4330 similem
469 4290 687 4343 rruucupuuerum.
739 4290 840 4326 cassum
893 4275 1073 4341 centaurus]
1093 4278 1128 4340 rs.
1147 4277 1245 4331 Isidor.
1264 4280 1281 4327 i.
1300 4281 1316 4333 ἱ.
1369 4281 1428 4328 let
1447 4293 1498 4328 non

201 4349 312 4397 minatur
380 4345 550 4411 bqui1quia
612 4347 820 4404 dnomwinatiuus
840 4358 899 4392 uero
968 4345 1104 4410 iigenitur
1172 4349 1341 4396 baccusatur
1394 4357 1499 4396 crocatur

201 4416 241 4464 uel
262 4426 365 4465 uocatur
418 4417 449 4464 12
467 4423 588 4462 motatum
607 4411 704 4475 spilabu
774 4415 805 4463 13
823 4409 902 4476 geno]
922 4413 956 4475 cs.
974 4430 1000 4475 p.
1018 4415 1094 4472 829
1164 4416 1195 4464 14
1213 4415 1359 4478 genetiuum
1378 4416 1415 4463 ire
1467 4417 1500 4466 lb

201 4493 348 4533 accusatum
367 4498 394 4530 re
473 4483 504 4530 17
523 4479 590 4529 idem
609 4490 692 4529 utrum
762 4481 793 4530 18
812 4480 984 4529 nominatiuus
1054 4484 1085 4532 19
1102 4482 1236 4547 gocelinus
1255 4497 1271 4531 a
1288 4482 1422 4546 genetiuus
1475 4495 1501 4532 et

93 4559 98 4568 “
202 4552 278 4614 rique
296 4551 359 4599 haee
377 4546 528 4599 soluendum
597 4549 628 4597 21
647 4548 699 4597 duo
718 4549 743 4596 in
804 4549 863 4597 item
883 4548 1037 4598 nominatius
1056 4551 1187 4599 nominato
1272 4551 1304 4599 22
1323 4551 1348 4599 iu
1368 4552 1438 4599 i=um
1491 4552 1499 4599 i

203 4619 332 4685 duplicent
416 4618 449 4667 23
467 4615 587 4666 cornilius
606 4616 703 4665 comitii
780 4618 813 4667 24
831 4617 997 4666 terminantur
1064 4621 1097 4669 21)
1114 4617 1194 4668 lormo
1211 4618 1323 4668 cassales
1392 4621 1425 4668 26
1443 4632 1500 4666 uro-

203 4699 308 4751 noptam
371 4686 403 4733 27
422 4692 544 4748 exaptota
595 4682 728 4749 Isidorus]
741 4685 776 4748 cf.
795 4685 861 4749 arip.
880 4684 899 4733 I
915 4688 939 4747 6,
958 4687 1002 4739 43.
1020 4685 1063 4735 ubi
1078 4686 1125 4737 boc
1141 4688 1218 4738 acirim
1236 4687 1343 4749 lepitur:
1361 4686 1429 4748 quod
1448 4701 1499 4737 uuo

203 4769 263 4802 casu
279 4765 374 4803 tantum
388 4762 500 4812 inuritur,
514 4760 542 4800 ut
554 4751 636 4817 frugi,
655 4755 689 4814 cf.
702 4754 789 4817 praes.
842 4754 875 4803 29
893 4749 921 4801 ad
972 4757 1006 4804 30
1024 4751 1150 4817 Donatus]
1171 4770 1195 4817 p.
1207 4757 1268 4815 377,
1279 4757 1312 4803 2⁵
1348 4764 1499 4818 monoptota

203 4819 502 4886 34bicom.iopiter,bis
535 4819 720 4885 decapitentur
764 4820 934 4874 sementibus
970 4818 1349 4888 Pr·tseianus]1p.rsr,eseq.
1385 4822 1501 4884 queritur
