3382 5476
205 387 267 454 130
718 389 785 443 aas
803 387 980 442 auonrun

202 586 273 660 aput
299 579 419 641 Latinos
447 575 505 650 doe
533 580 564 639 in
592 576 638 639 dis
666 585 846 638 conuertunt
868 586 897 637 et
920 578 1025 639 tertiae
1053 574 1258 638 declinationis
1280 584 1364 647 sunt,
1387 582 1422 638 ut
1443 572 1506 639 Ol·

202 676 323 752 δίπους
353 680 416 740 rori
451 675 631 751 Οἰδίποδος
659 678 707 738 bic
735 678 867 758 Oedipus
895 677 983 739 buius
1011 678 1186 758 Oedipodis,
1215 680 1259 739 sic
1287 672 1505 756 Μελάμπους

201 779 264 841 τοῦ
286 777 516 860 Μελάμποδος
538 779 585 842 laic
607 780 771 859 Melampus
794 778 882 841 buius
903 778 1108 859 Melampodis.

286 883 447 961 Hucusque
473 882 695 943 Priscianus
728 882 765 942 dc
798 888 902 961 quarta
930 880 1128 942 declinatione
1157 882 1212 942 ista
1240 879 1385 943 disseruit
1410 888 1441 943 et
1466 883 1501 945 ln

200 984 302 1063 regula
332 993 455 1064 quartae
484 981 688 1044 declinationis
717 984 805 1044 etiam
828 981 877 1043 illa
902 983 1020 1044 nomina
1042 983 1072 1043 in
1095 1001 1131 1044 us
1153 982 1332 1057 desinentia,
1360 998 1439 1060 quae
1461 982 1526 1044 ado

199 1085 361 1146 secundam
391 1085 439 1146 rrel
467 1085 502 1146 ad
531 1086 648 1145 tertiam
676 1082 903 1144 declinationem
927 1085 1077 1162 pertinere
1100 1083 1223 1155 debent,
1251 1083 1391 1147 ostendit„
1435 1083 1500 1146 lloc

201 1196 299 1248 aritem
322 1187 463 1248 adnotare
485 1184 643 1256 debemus,
673 1184 751 1267 quod
774 1184 887 1247 nullum
912 1203 1019 1246 nomen
1041 1194 1163 1266 quartae
1186 1185 1393 1248 declinatlonis
1415 1202 1499 1247 oom-

200 1308 290 1350 munc
319 1289 446 1350 duorum
474 1286 522 1348 uel
549 1289 638 1349 trium
661 1305 804 1367 generum
828 1293 879 1347 aut
901 1288 1102 1366 promiscuum
1124 1285 1174 1349 uel
1195 1287 1342 1348 incertum
1364 1288 1499 1349 inueniri

198 1399 309 1471 potest,
340 1409 395 1452 nec
424 1398 561 1451 neutrum
590 1387 683 1451 ullum
713 1407 821 1450 nomen
851 1389 880 1448 in
910 1406 945 1448 us
972 1397 1093 1466 quartae
1116 1387 1336 1458 declinationis,
1364 1387 1424 1450 nisl
1452 1405 1496 1459 ea,

199 1496 326 1573 quaein
351 1512 368 1553 u
392 1493 599 1557 terminantur,
630 1509 685 1550 nec
713 1489 833 1551 mobilia
862 1493 942 1551 inter
971 1487 1028 1550 dno
1056 1498 1107 1550 aut
1129 1491 1182 1550 tria
1206 1507 1316 1569 genera
1338 1491 1369 1550 in
1392 1498 1497 1568 quarta
1511 1506 1535 1545 ro

199 1594 400 1656 declinatione
423 1594 554 1654 inueniri
576 1600 716 1671 possunt,
742 1594 798 1652 uisi
822 1593 940 1652 nomina
963 1593 1128 1672 participiis
1151 1589 1273 1658 similia,
1297 1608 1374 1669 quae
1396 1600 1497 1652 tamen

198 1698 253 1756 lixa
283 1705 313 1756 et
340 1697 425 1756 lortia
456 1703 537 1764 sunt,
567 1694 684 1771 quando
713 1700 836 1770 quartae
865 1691 1072 1753 declinationis
1100 1694 1224 1763 luerint,
1255 1692 1373 1772 quando
1396 1701 1496 1754 antem

197 1799 355 1877 participia
386 1794 504 1857 mobilia
533 1804 616 1863 sunt,
651 1796 715 1854 sine
744 1792 834 1855 dubio
862 1794 1011 1855 secundae
1042 1794 1251 1855 declinationis
1287 1794 1370 1854 fiunt.
1420 1794 1496 1855 llem

197 1901 274 1959 scire
297 1896 402 1958 debes:
426 1899 456 1956 in
480 1895 649 1956 nominibus
665 1905 787 1972 quartae
809 1894 1015 1957 declinationis
1037 1905 1087 1956 aut
1109 1895 1222 1956 nullum
1245 1903 1296 1956 aut
1317 1912 1387 1956 raro
1409 1896 1495 1957 iuue-

197 2001 262 2059 nies
285 2016 393 2060 nomen
417 1995 594 2057 aduerbium
617 2015 633 2056 a
655 2015 687 2057 se
710 1996 829 2057 iaciens.
1508 2009 1532 2051 ιε

282 2134 408 2204 Quintae
431 2131 637 2193 declinationis
661 2133 779 2192 nomina
802 2141 872 2211 quot
900 2152 1009 2211 genera
1032 2132 1141 2194 babent
1163 2143 1193 2194 et
1215 2141 1287 2211 quot
1309 2133 1495 2196 terminatio·

197 2255 250 2297 uos
273 2244 302 2295 et
324 2244 395 2314 quot
417 2232 587 2294 terminales
608 2232 741 2295 litteras?
768 2234 873 2294 Omnia
898 2235 1015 2295 nomina
1038 2236 1159 2314 quintae
1182 2232 1388 2296 declinationis
1404 2253 1494 2297 unam

196 2339 436 2398 terminationem
460 2335 571 2395 babere
594 2335 743 2403 uidentur,
768 2335 824 2396 lroc
848 2344 891 2396 est
914 2355 959 2404 es,
990 2344 1019 2396 et
1041 2355 1128 2397 unam
1152 2335 1282 2396 litteram
1304 2335 1493 2398 terminalem

195 2459 223 2508 s,
248 2447 277 2499 et
300 2457 390 2499 unum
414 2456 522 2516 gertus,
547 2436 603 2497 hoc
627 2445 672 2497 cst
693 2424 878 2497 femininum,
924 2437 1029 2497 Omnia
1053 2439 1130 2498 euim
1154 2439 1273 2498 nomina
1296 2438 1420 2515 quintae
1442 2439 1494 2501 de·

195 2540 360 2602 clinationis
383 2540 524 2599 lerniniua
548 2539 669 2599 suntin
693 2557 724 2598 cs
745 2539 920 2618 productam
943 2537 1121 2607 desinentia,
1146 2551 1270 2618 excepto
1285 2557 1345 2600 uno
1362 2541 1492 2616 nomine,
1506 2549 1531 2592 ω

200 2641 278 2722 quod
301 2643 407 2702 incerti
431 2643 551 2719 generis
574 2658 638 2701 esse
661 2639 776 2710 dicitur,
801 2648 834 2701 ut
855 2640 903 2700 bic
926 2647 955 2701 et
977 2639 1050 2699 baec
1073 2639 1150 2710 dies,
1179 2639 1231 2700 sed
1254 2640 1285 2701 in
1306 2639 1415 2719 plurali
1439 2660 1493 2703 nn·

198 2763 281 2805 mero
304 2742 461 2803 masculini
485 2743 617 2818 generis,
647 2742 684 2802 de
707 2760 766 2820 qno
790 2742 908 2801 nonriue
930 2748 1031 2820 postea
1055 2740 1189 2802 dicemus
1212 2751 1241 2802 et
1263 2759 1299 2802 ex
1321 2759 1357 2802 eo
1379 2759 1492 2823 conpo-

195 2846 284 2905 situm
306 2862 397 2904 unum
422 2842 630 2911 masculinum,
661 2850 693 2902 ut
722 2843 768 2902 lric
792 2842 930 2902 meridies
954 2842 1041 2903 buius
1064 2843 1207 2904 meridiei.
1252 2843 1294 2903 lle
1317 2842 1372 2904 lrac
1394 2851 1492 2907 autem

195 2947 297 3026 quinta
320 2944 515 3005 declinatione
539 2942 716 3004 Claudius
743 2946 782 3004 ita
806 2946 991 3021 pronuntiat:
1030 2943 1187 3014 Quintae
1217 2943 1492 3007 declinationis

196 3047 342 3107 nomina
371 3054 473 3113 sunt,
503 3062 654 3124 quorum
684 3046 885 3123 genetiuus
914 3044 1122 3124 singularis
1149 3048 1185 3106 in
1210 3046 1244 3105 ei
1267 3044 1424 3115 desinit,
1454 3055 1529 3109 ut*

195 3148 285 3209 haec
318 3148 466 3228 species
497 3146 606 3206 liuius
640 3147 800 3224 speciei:
836 3146 948 3209 buius
984 3148 1241 3209 nominatiuus
1276 3146 1494 3210 huiusmodi

195 3269 343 3330 semper
379 3247 606 3328 producitur
643 3249 677 3307 in
714 3247 843 3309 ultima
875 3247 1031 3330 syllaba,
1062 3259 1100 3310 ut
1134 3249 1224 3309 liaeo
1251 3250 1352 3311 acies
1381 3248 1493 3313 buius

195 3353 301 3414 aciei.
346 3350 429 3412 llanc
456 3348 590 3410 nonnulli
615 3351 761 3427 quintam,
792 3349 925 3410 nonnulli
949 3351 1167 3412 circumflexam
1190 3351 1355 3412 nominant.
1400 3349 1493 3412 Nobis

195 3464 293 3514 tamen
316 3455 417 3533 quinta
441 3450 632 3531 adprobanda
656 3459 700 3513 est
722 3460 845 3532 propter
868 3450 1002 3512 ordinem
1020 3459 1049 3513 et
1064 3469 1221 3519 numerum
1235 3450 1394 3521 uocalium,
1415 3472 1493 3533 quac

195 3564 264 3615 sum
285 3555 432 3633 quinque,
462 3571 477 3613 a
501 3552 609 3631 quibus
631 3552 765 3613 ordinem
789 3562 969 3633 acceperunt
993 3555 1123 3633 quinque
1147 3551 1371 3615 declinationes.
1415 3552 1529 3617 ltemt⁰

195 3655 414 3715 Priscianus
447 3653 532 3714 dicit:
566 3654 681 3731 ‘quinta
711 3653 867 3717 declinatio
896 3653 985 3716 habet
1013 3673 1100 3716 unam
1129 3655 1370 3716 terminationem
1397 3656 1431 3716 in
1458 3674 1492 3717 es

194 3755 383 3835 productam,
408 3755 491 3815 cuius
513 3756 669 3832 genetibus
691 3758 721 3815 in
746 3759 773 3816 ei
796 3757 905 3817 diuisas
928 3755 1055 3835 syllabas
1077 3755 1200 3831 desinit,
1222 3765 1256 3818 ut
1277 3755 1326 3818 blo
1347 3755 1492 3818 meridies

195 3857 283 3918 liuius
305 3855 470 3916 meridiei’.
512 3855 639 3926 Quintae
662 3856 867 3919 declinationis
889 3876 965 3938 quae
988 3867 1032 3919 est
1054 3858 1183 3936 agnitio?
1216 3857 1296 3919 llaec
1319 3865 1377 3918 est:
1406 3859 1493 3919 cuius

194 3959 394 4021 nominatione
417 3967 445 4017 et
469 3958 623 4018 uocatiuus
645 3958 802 4037 singularis
824 3967 854 4019 et
876 3960 1074 4020 nominatiuus
1090 3968 1119 4020 et
1134 3961 1328 4022 nonnullum
1349 3967 1380 4021 ct
1402 3977 1492 4021 uoca-

194 4063 273 4120 tiuus
295 4059 418 4139 pluralis
440 4061 471 4120 in
494 4078 527 4120 es
549 4058 724 4138 productam
747 4078 865 4141 semper
888 4060 1040 4129 desinunt,
1065 4069 1098 4121 ut
1120 4061 1193 4122 lraec
1215 4061 1305 4121 iacies
1320 4067 1351 4121 et
1365 4079 1383 4121 o
1398 4060 1529 4123 lacios&

194 4171 224 4223 ct
246 4163 301 4223 lrao
324 4163 413 4222 iacies
436 4169 464 4221 et
487 4160 540 4221 lras
564 4162 653 4223 iacies
676 4170 705 4223 ct
728 4181 745 4222 o
768 4163 872 4231 lacies;
896 4163 1053 4239 genetiuus
1075 4170 1174 4224 autem
1197 4171 1227 4224 et
1246 4161 1365 4225 datiuus
1387 4163 1489 4242 singu·

193 4262 263 4324 laris
292 4265 411 4340 quintae
442 4260 648 4324 declinationis
675 4264 706 4323 in
734 4265 762 4324 ei
790 4263 901 4324 diuisas
933 4262 1060 4343 syllabas
1090 4265 1303 4333 terminantur,
1337 4272 1370 4326 ut
1401 4264 1490 4327 huius

263 4450 275 4497 l
295 4447 389 4496 latinns
443 4459 470 4495 ut
488 4437 583 4511 pdppto
602 4436 709 4512 pellurius
729 4445 938 4513 eruptodoc
957 4450 997 4500 bic
1015 4461 1039 4500 et
1057 4466 1105 4516 pus
1124 4449 1201 4501 liuius
1219 4450 1352 4516 codipodis
1417 4452 1435 4501 2
1452 4452 1490 4501 sic

192 4516 334 4581 rnelnmpos
352 4514 428 4564 liuius
447 4516 616 4580 melampodis
634 4517 675 4566 bic
692 4518 834 4596 melampus
852 4517 928 4568 huius
946 4518 1115 4584 melampodis
1177 4518 1320 4569 4deseruit
1370 4518 1489 4582 tqnane

192 4583 358 4635 (intertium
428 4584 575 4633 8lnucnire
643 4586 723 4634 9nec
741 4600 802 4634 ratim
822 4585 898 4634 ullum
967 4587 1136 4637 declinatione
1223 4588 1252 4636 ll
1273 4586 1387 4636 inuenire
1455 4587 1489 4637 ld

192 4652 271 4714 quod,
291 4659 331 4701 ter
401 4652 431 4700 19
450 4662 473 4699 et
491 4666 568 4701 unum
587 4668 671 4717 gertus
690 4666 713 4703 et
732 4669 809 4703 tinum
827 4669 909 4719 genna
961 4658 993 4705 ‘22
1013 4656 1116 4705 uomina
1168 4650 1270 4719 postea]
1289 4655 1489 4717 es.p.133,12

192 4720 225 4768 24
244 4715 376 4784 Claudius]
397 4718 454 4768 Noa
473 4727 547 4769 extat
564 4720 604 4769 die
620 4724 690 4771 locus
707 4725 733 4771 in
750 4723 861 4774 editione
883 4723 1081 4775 Vindobonenri.
1149 4721 1257 4771 dicimus
1330 4723 1365 4773 23
1382 4721 1490 4772 meridie

192 4786 226 4835 27
244 4786 275 4834 lre
293 4788 359 4836 acies
428 4789 459 4838 31
479 4785 636 4852 Priscianus]
655 4790 689 4851 ef.
707 4791 739 4840 de
757 4792 853 4840 nomine
871 4799 919 4841 etc.
936 4808 963 4856 p.
978 4793 1098 4854 447,16,·
1116 4791 1176 4852 ars,
1189 4792 1226 4840 33
1272 4789 1488 4854 terminationem,

193 4869 240 4906 orn.
259 4855 284 4903 in
353 4857 386 4905 33
403 4857 447 4917 qui
465 4869 532 4906 ost·
572 4859 604 4907 34
623 4868 647 4908 et
663 4859 825 4906 nccrrsntiuus
842 4874 889 4910 om.
958 4861 991 4909 35
1009 4859 1135 4908 desinicnt
1203 4854 1449 4921 ildetlraa1etea
