3382 5476
475 351 768 404 ouruoonarnra
789 331 1055 404 musinnuusrs.
1351 348 1413 413 297

121 541 198 619 qum
222 549 268 602 est
289 540 450 602 ‘cobibe0'.
493 540 666 601 iuniores
689 548 787 600 antem
815 539 893 600 idem
921 540 1004 602 ‘cio'
1028 559 1082 618 per
1104 539 1176 600 ‘ad'
1199 538 1417 618 componebant

121 644 185 704 loco
208 643 266 704 dc
294 650 438 721 ponentes
467 649 496 702 et
523 642 656 702 dicentes
685 643 813 711 ‘accio',
845 641 924 703 unde
953 643 1010 721 ipsi
1038 659 1156 721 quoqne
1183 639 1263 702 aliud
1290 638 1416 702 uerbum

120 745 335 805 derinauernnt
362 749 520 805 ‘accerso’
549 745 654 804 tertiae
682 744 901 821 coniugatiouis
930 745 977 805 uel
1006 746 1176 804 ‘accersio'
1200 749 1322 820 quartae
1344 760 1416 802 con·

120 847 294 924 iugationis,
319 845 398 907 unde
420 846 583 907 secundum
607 845 743 923 antiquos
765 849 907 908 ‘arcesso’
929 848 1049 915 tertiae,
1078 846 1211 906 iuniores
1233 850 1331 906 autem
1355 846 1416 904 ‘ac-

94 954 218 1009 ocerso’
243 950 346 1010 tertiae
370 950 417 1009 nel
441 949 595 1009 ‘accersio'
619 955 742 1026 quartae
763 948 925 1008 inuenitur.

361 1185 399 1258 Ο.
436 1184 810 1257 ORTHOGRAPHIA
836 1183 1172 1258 EINSIDLENSIS.

207 1338 344 1417 ‘Religio’
368 1338 435 1398 ideo
459 1337 575 1406 dicitnr,
600 1336 677 1415 qnod
700 1338 813 1398 animas
834 1336 941 1415 religet
964 1339 999 1398 ad
1023 1336 1133 1399 cultum
1157 1337 1302 1397 diuinum.

207 1440 342 1520 ‘Scripsi’
373 1447 531 1518 propterea
558 1458 613 1519 per
641 1458 661 1519 p
687 1438 837 1509 scribitur,
866 1441 935 1519 quia
963 1439 1040 1518 aputl
1071 1439 1201 1499 Graecos
1228 1458 1247 1517 p
1271 1445 1300 1498 et
1322 1455 1336 1496 s
1359 1454 1416 1497 uua

122 1543 220 1604 littera
244 1549 304 1612 cst,
328 1560 416 1621 quam
440 1549 549 1603 uocant
569 1548 604 1616 ψ.

86 1657 110 1695 ¹⁰
207 1642 370 1705 ‘Assiduus'
395 1645 569 1705 ‘assecutus’
594 1644 732 1703 ‘assatus'
756 1661 810 1722 per
833 1642 906 1703 cluss
928 1662 950 1703 s.

206 1747 375 1824 ‘Aggestns’
393 1747 568 1823 ‘suggestio'
585 1743 830 1822 ‘suggerentium'
848 1742 1008 1823 ‘suggillat’
1025 1743 1216 1823 ‘suggillatio'
1234 1762 1288 1822 per
1302 1741 1377 1803 duas
1388 1760 1416 1819 g.

207 1848 339 1908 ‘Annuit’
365 1847 494 1907 ‘innuit'
520 1847 697 1907 ‘innocens'
722 1847 867 1906 ‘annum'
892 1845 1059 1907 ‘annualis'
1085 1847 1338 1906 ‘anniuersarias’
1364 1861 1418 1922 per

125 1949 198 2009 diras
221 1968 250 2009 n.

208 2049 324 2110 ‘lmmo’
350 2049 518 2129 ‘impendit'
542 2047 688 2129 †‘immo'
713 2051 872 2129 ‘impietas’
895 2068 951 2128 per
973 2069 1012 2110 m.

85 2163 110 2202 1⁵
208 2151 438 2212 ‘Accumulatns'
467 2152 616 2212 ‘accessit’
647 2152 783 2230 ‘accepit’
815 2154 956 2213 ‘accusat'
980 2149 1111 2210 ‘occitlit'
1136 2150 1276 2210 ‘occasio’
1300 2151 1418 2208 ‘occur-

123 2255 172 2313 rit'
197 2255 344 2332 ‘occupat'
370 2272 422 2332 per
445 2253 517 2314 duas
540 2271 566 2313 c.

209 2354 314 2434 ‘Apud’
340 2353 435 2415 ‘illud’
461 2353 564 2414 ‘aliud'
589 2353 723 2432 ‘aliquid'
747 2354 854 2433 perd.

208 2455 324 2535 ‘Caput’
349 2457 469 2536 ‘inquit'
493 2457 604 2533 ‘atque'
629 2464 730 2534 pert,
754 2474 814 2515 non
835 2472 890 2534 ρετ
913 2454 941 2514 d.

209 2556 309 2626 ‘Quot’
334 2560 399 2617 ‘tot'
423 2559 448 2617 si
472 2557 509 2618 de
532 2574 658 2618 numero
680 2558 784 2625 luerit,
808 2575 862 2635 per
885 2564 898 2615 t
919 2554 1070 2617 scribitur.

85 2671 111 2708 ²0
209 2657 323 2736 ‘igitur'
348 2657 420 2719 ‘ilia'
445 2657 535 2718 ‘ilico’
561 2659 683 2737 ‘itaque’
708 2659 827 2736 ‘imago’
852 2658 967 2717 ‘icona'
992 2658 1158 2718 ‘imitatur’
1184 2658 1336 2719 ‘initium'
1361 2657 1417 2716 ‘in-

125 2759 315 2821 maculatum’
340 2761 482 2820 ‘irritum’
506 2761 593 2839 peri
616 2759 743 2820 litteram
767 2759 917 2824 scribitur.

127 2967 250 3025 ‘narrat’
276 2966 389 3042 ‘porro’
415 2961 587 3043 ‘parricida'
611 2981 666 3042 per
688 2962 762 3024 duas
784 2982 809 3023 r.

210 3064 336 3125 ‘Otierit’
362 3064 507 3124 ‘oliendit’
533 3065 685 3125 ‘cilicium’
710 3064 837 3125 ‘eilicax’
863 3082 917 3144 per
940 3064 1013 3125 duas
1035 3063 1056 3124 1.

86 3177 111 3216 ²⁵
210 3167 407 3251 ‘imperator'
430 3168 536 3237 factor'
562 3166 734 3227 ‘defensor'
759 3169 968 3246 ‘procurator’
993 3168 1242 3246 ‘conpaginator'
1267 3164 1417 3226 ‘bellator’

125 3267 308 3348 ‘proeliator’
334 3270 519 3328 ‘accusator'
544 3270 786 3348 ‘praesumptor'
811 3266 1017 3329 ‘uulnerator’
1041 3270 1227 3347 ‘protector’
1252 3265 1417 3327 ‘salutator’

126 3388 180 3448 per
203 3379 250 3430 tor
272 3366 412 3448 syllabam
436 3367 637 3430 scribendum.

210 3472 324 3550 ‘Opes’
355 3471 478 3550 ‘dapes’
509 3473 630 3532 ‘renes'
667 3473 792 3551 ‘penes'
823 3470 919 3531 ‘dies’
950 3473 1061 3533 ‘acies'
1095 3469 1238 3549 ‘glacies’
1271 3471 1417 3532 ‘macies’

127 3605 353 3613 ——-—-———

192 3709 208 3755 4
226 3668 336 3768 eccelsio
355 3660 407 3757 llll.
431 3710 494 3758 Post
511 3707 639 3755 inuenitur
656 3708 719 3758 liaeo
736 3707 828 3758 addito
843 3716 913 3758 euni:
934 3708 1085 3774 Exemplum
1103 3708 1135 3757 de
1153 3706 1259 3758 stratico.
1283 3706 1430 3756 Ouidius¹

126 3776 424 3855 metamorphoseos
444 3779 472 3825 iu
492 3775 574 3823 libro
593 3774 700 3824 Vlllno
718 3775 752 3838 (τι.
771 3777 830 3840 tol:
848 3774 960 3826 Suasit
976 3791 1059 3827 amor
1077 3775 1218 3840 lacinus,
1236 3775 1344 3842 proles
1361 3789 1419 3840 ego

127 3842 459 3962 regrpoppspinssppltupffl
478 3910 601 3960 saeelX
619 3916 760 3978 piiseq.
829 3914 954 3977 tgreeos
1026 3914 1056 3962 10
1074 3890 1213 3977 suggessio
1266 3909 1419 3975 snggellatio

128 3981 158 4027 tt
177 3980 349 4028 eccomolctns
419 3981 450 4029 18
469 3979 568 4027 nnmiro
638 3983 669 4031 1tt
687 3980 729 4028 ille
781 3980 824 4029 ilie
841 3979 1056 4034 corr.P.Gaiins
1069 3981 1193 4030 Marelius
1244 3979 1332 4044 igone,
1350 3993 1419 4028 corr.

128 4046 253 4097 Morelt'us
320 4048 532 4112 sepertinere
599 4048 633 4098 23
651 4047 745 4097 olltcax
813 4049 847 4098 26
864 4063 910 4114 per
928 4060 968 4096 tor
985 4047 1128 4113 psyllabam

128 4232 354 4268 srnrcrrnomcs.

194 4287 210 4333 6
230 4286 268 4345 Cf.
285 4284 400 4348 ortltopr.
420 4286 477 4334 cori.
497 4283 578 4334 Bere.
597 4288 652 4336 330
667 4301 736 4336 saec.
757 4285 783 4335 Χ
798 4287 821 4347 s.
835 4285 911 4335 wb
924 4285 1048 4345 -Μῦῐ
1067 4300 1084 4333 o
1101 4284 1134 4333 ab
1147 4283 1264 4334 Vseuero
1281 4282 1420 4333 editMnt.

127 4352 206 4401 Rieu.
227 4352 314 4400 XXII
331 4368 357 4414 p.
376 4355 438 4400 m:
458 4352 557 4417 Religio
569 4353 724 4403 --dinirmm
793 4357 808 4404 7
828 4352 947 4417 Orthopr.
962 4353 1040 4404 Vaeu.
1050 4368 1077 4416 p.
1088 4353 1138 4401 417
1144 4367 1151 4399 z
1170 4349 1268 4417 Scripsi
1287 4361 1421 4416 propterea

127 4434 173 4483 per
191 4436 207 4484 p
227 4430 251 4468 et
269 4436 281 4468 s
301 4420 419 4468 scribitur
436 4445 468 4453 -
486 4434 563 4482 qoam
582 4431 675 4471 uocant
693 4423 743 4487 psi.
813 4424 829 4472 9
848 4420 966 4486 Ortliopr.
984 4419 1061 4470 Vecta.
1079 4436 1105 4485 p.
1120 4422 1183 4471 m:
1204 4418 1331 4469 Assiduus
1349 4427 1443 4467 esse·

127 4499 200 4535 errius
219 4503 264 4551 per
282 4488 346 4536 duras
365 4501 392 4536 ss
411 4487 582 4546 scribendum,
602 4504 633 4537 ue
651 4490 809 4555 praepositio
829 4488 923 4537 nomini
942 4489 1122 4553 coniungatur.
1141 4487 1198 4537 ideo
1211 4495 1236 4536 et
1246 4485 1421 4535 accumulatus

128 4570 172 4619 per
194 4555 260 4603 duas
277 4569 305 4602 ec
323 4567 348 4605 et
364 4563 490 4619 aggestus
512 4570 558 4621 per
581 4556 646 4606 duas
664 4572 709 4622 gg.
729 4559 766 4607 sic
784 4558 808 4605 iu
833 4556 969 4609 similibus.
988 4566 1013 4605 et
1028 4557 1185 4606 ammonitus
1208 4569 1254 4620 per
1270 4554 1335 4603 duas
1353 4569 1379 4602 m
1397 4562 1422 4603 et

127 4623 216 4669 annuit
234 4637 280 4686 per
297 4622 361 4671 diras
381 4637 405 4674 o.
474 4626 506 4674 13
525 4621 644 4689 Ortioyr.
658 4626 735 4677 Vteu.
751 4641 779 4689 p.
793 4628 856 4675 m:
876 4624 984 4688 impedit
1001 4625 1125 4690 impendit
1142 4639 1187 4688 per
1204 4637 1229 4671 m
1248 4621 1419 4682 scribendum,

128 4704 159 4737 ne
177 4691 199 4738 si
218 4691 242 4737 iu
262 4700 382 4754 ponatur,
401 4690 517 4740 similiter
535 4701 559 4740 et
576 4693 601 4740 in
620 4692 777 4758 praepositio
789 4693 887 4742 nomini
899 4692 1040 4758 copuletur.
1057 4693 1117 4742 ldeo
1129 4702 1154 4741 et
1166 4691 1265 4740 irritum
1278 4704 1323 4755 per
1334 4689 1386 4739 dno
1399 4704 1420 4743 r.

129 4759 160 4806 16
179 4756 297 4821 θττΙιορτ.
321 4760 399 4808 Vcen.
415 4775 442 4823 p.
463 4761 527 4808 418:
554 4759 630 4824 Apud
647 4759 716 4810 istud
734 4759 809 4812 illud:
837 4760 926 4810 omniu
944 4759 1007 4810 baec
1024 4775 1070 4826 per
1086 4761 1117 4818 d;
1145 4758 1323 4824 oepntinquit
1339 4771 1386 4822 per
1402 4765 1419 4805 t.

129 4827 160 4875 11
180 4825 299 4890 Ortbopr.
324 4828 400 4880 Vsen.
416 4843 445 4892 p.
464 4830 526 4877 m:
549 4827 634 4890 Atque
651 4843 697 4894 per
714 4839 724 4877 t
742 4842 792 4877 noo
811 4843 856 4894 per
874 4828 904 4885 d;
923 4828 1045 4879 sicelio
1064 4828 1177 4891 reliquis.
