<?xml version="1.0" encoding="UTF-8"?>
<!DOCTYPE html PUBLIC "-//W3C//DTD XHTML 1.0 Transitional//EN"
    "http://www.w3.org/TR/xhtml1/DTD/xhtml1-transitional.dtd">
<html xmlns="http://www.w3.org/1999/xhtml" xml:lang="en" lang="en">
 <head>
  <title>
</title>
<meta http-equiv="Content-Type" content="text/html;charset=utf-8" />
  <meta name='ocr-system' content='tesseract 3.04.00' />
  <meta name='ocr-capabilities' content='ocr_page ocr_carea ocr_par ocr_line ocrx_word'/>
</head>
<body>
  <div class='ocr_page' id='page_1' title='image "./grammaticilatin06keilgoog_0505.png"; bbox 0 0 3382 5476; ppageno 0'>
   <div class='ocr_carea' id='block_1_1' title="bbox 194 353 1085 422">
    <p class='ocr_par' dir='ltr' id='par_1_1' title="bbox 194 353 1085 422">
     <span class='ocr_line' id='line_1_1' title="bbox 194 353 1085 422; baseline -0.003 -14"><span class='ocrx_word' id='word_1_1' title='bbox 194 357 259 422; x_wconf 83' lang='lat'><strong>230</strong></span> <span class='ocrx_word' id='word_1_2' title='bbox 588 356 823 407; x_wconf 82' lang='lat' dir='ltr'><strong>couuaurvu</strong></span> <span class='ocrx_word' id='word_1_3' title='bbox 841 353 1085 407; x_wconf 84' lang='lat' dir='ltr'><strong>mnstomtustt</strong></span> 
     </span>
    </p>
   </div>
   <div class='ocr_carea' id='block_1_2' title="bbox 62 541 1534 2245">
    <p class='ocr_par' dir='ltr' id='par_1_2' title="bbox 194 541 1496 828">
     <span class='ocr_line' id='line_1_2' title="bbox 194 541 1496 628; baseline -0.003 -19"><span class='ocrx_word' id='word_1_4' title='bbox 194 556 321 628; x_wconf 89' lang='lat' dir='ltr'><strong>separat.</strong></span> <span class='ocrx_word' id='word_1_5' title='bbox 366 546 489 625; x_wconf 79' lang='lat' dir='ltr'><strong>Proprie</strong></span> <span class='ocrx_word' id='word_1_6' title='bbox 518 552 616 606; x_wconf 86' lang='lat' dir='ltr'><strong>autem</strong></span> <span class='ocrx_word' id='word_1_7' title='bbox 646 544 770 605; x_wconf 77' lang='lat' dir='ltr'>diastole</span> <span class='ocrx_word' id='word_1_8' title='bbox 793 551 839 605; x_wconf 91' lang='lat' dir='ltr'><strong>est</strong></span> <span class='ocrx_word' id='word_1_9' title='bbox 860 541 1120 605; x_wconf 73' lang='lat' dir='ltr'><strong>intercolumnium</strong></span> <span class='ocrx_word' id='word_1_10' title='bbox 1143 544 1161 604; x_wconf 89' lang='lat' dir='ltr'><strong>i.</strong></span> <span class='ocrx_word' id='word_1_11' title='bbox 1185 545 1329 624; x_wconf 87' lang='lat' dir='ltr'><strong>spatium,</strong></span> <span class='ocrx_word' id='word_1_12' title='bbox 1358 543 1440 625; x_wconf 87' lang='lat' dir='ltr'><strong>qnod</strong></span> <span class='ocrx_word' id='word_1_13' title='bbox 1464 543 1496 605; x_wconf 88' lang='lat' dir='ltr'><strong>lit</strong></span> 
     </span>
     <span class='ocr_line' id='line_1_3' title="bbox 195 643 1496 717; baseline -0.003 -8"><span class='ocrx_word' id='word_1_14' title='bbox 195 647 457 709; x_wconf 89' lang='lat' dir='ltr'><strong>intercolumnas.</strong></span> <span class='ocrx_word' id='word_1_15' title='bbox 502 646 608 707; x_wconf 86' lang='lat' dir='ltr'><strong>‘Stolo&#39;</strong></span> <span class='ocrx_word' id='word_1_16' title='bbox 637 647 715 707; x_wconf 90' lang='lat' dir='ltr'><strong>enim</strong></span> <span class='ocrx_word' id='word_1_17' title='bbox 744 646 853 706; x_wconf 90' lang='lat' dir='ltr'><strong>dicitur</strong></span> <span class='ocrx_word' id='word_1_18' title='bbox 876 644 1029 717; x_wconf 86' lang='lat' dir='ltr'><strong>columna,</strong></span> <span class='ocrx_word' id='word_1_19' title='bbox 1063 643 1132 706; x_wconf 88' lang='lat' dir='ltr'><strong>inde</strong></span> <span class='ocrx_word' id='word_1_20' title='bbox 1155 643 1278 706; x_wconf 79' lang='lat' dir='ltr'><strong>diastole</strong></span> <span class='ocrx_word' id='word_1_21' title='bbox 1300 643 1412 707; x_wconf 86' lang='lat' dir='ltr'><strong>dicitur</strong></span> <span class='ocrx_word' id='word_1_22' title='bbox 1434 644 1496 705; x_wconf 91' lang='lat' dir='ltr'><strong>dis·</strong></span> 
     </span>
     <span class='ocr_line' id='line_1_4' title="bbox 195 743 1493 828; baseline -0.005 -17"><span class='ocrx_word' id='word_1_23' title='bbox 195 751 323 819; x_wconf 90' lang='lat' dir='ltr'><strong>iunctio,</strong></span> <span class='ocrx_word' id='word_1_24' title='bbox 358 768 394 809; x_wconf 89' lang='lat' dir='ltr'><strong>eo</strong></span> <span class='ocrx_word' id='word_1_25' title='bbox 427 747 506 828; x_wconf 90' lang='lat' dir='ltr'><strong>quod</strong></span> <span class='ocrx_word' id='word_1_26' title='bbox 540 748 616 809; x_wconf 87' lang='lat' dir='ltr'><strong>male</strong></span> <span class='ocrx_word' id='word_1_27' title='bbox 650 748 805 808; x_wconf 91' lang='lat' dir='ltr'><strong>coniuncta</strong></span> <span class='ocrx_word' id='word_1_28' title='bbox 839 746 996 824; x_wconf 80' lang='lat' dir='ltr'><strong>disiungat.</strong></span> <span class='ocrx_word' id='word_1_29' title='bbox 1047 743 1095 806; x_wconf 78' lang='lat' dir='ltr'><strong>hd</strong></span> <span class='ocrx_word' id='word_1_30' title='bbox 1124 747 1246 817; x_wconf 91' lang='lat' dir='ltr'><strong>imam,</strong></span> <span class='ocrx_word' id='word_1_31' title='bbox 1275 748 1293 808; x_wconf 91' lang='lat' dir='ltr'><strong>i.</strong></span> <span class='ocrx_word' id='word_1_32' title='bbox 1323 744 1360 807; x_wconf 88' lang='lat' dir='ltr'><strong>atl</strong></span> <span class='ocrx_word' id='word_1_33' title='bbox 1391 748 1493 808; x_wconf 79' lang='lat' dir='ltr'><strong>hoeni.</strong></span> 
     </span>
    </p>

    <p class='ocr_par' dir='ltr' id='par_1_3' title="bbox 71 838 1494 929">
     <span class='ocr_line' id='line_1_5' title="bbox 71 838 1494 929; baseline -0.008 -10"><span class='ocrx_word' id='word_1_34' title='bbox 71 882 91 919; x_wconf 86' lang='lat' dir='ltr'><strong>r·</strong></span> <span class='ocrx_word' id='word_1_35' title='bbox 106 869 155 913; x_wconf 82' lang='lat' dir='ltr'><strong>aaa,</strong></span> <span class='ocrx_word' id='word_1_36' title='bbox 169 870 182 907; x_wconf 86' lang='lat' dir='ltr'><strong>s</strong></span> <span class='ocrx_word' id='word_1_37' title='bbox 197 852 488 918; x_wconf 83' lang='lat' dir='ltr'><strong>Discernuntur,</strong></span> <span class='ocrx_word' id='word_1_38' title='bbox 511 850 532 909; x_wconf 91' lang='lat' dir='ltr'><strong>i.</strong></span> <span class='ocrx_word' id='word_1_39' title='bbox 555 856 740 929; x_wconf 87' lang='lat' dir='ltr'><strong>separantur.</strong></span> <span class='ocrx_word' id='word_1_40' title='bbox 785 847 1051 928; x_wconf 81' lang='lat' dir='ltr'><strong>Cohaerentia‚</strong></span> <span class='ocrx_word' id='word_1_41' title='bbox 1074 849 1093 909; x_wconf 90' lang='lat' dir='ltr'><strong>i.</strong></span> <span class='ocrx_word' id='word_1_42' title='bbox 1109 848 1329 927; x_wconf 75' lang='lat' dir='ltr'><strong>coniungenda,</strong></span> <span class='ocrx_word' id='word_1_43' title='bbox 1353 838 1387 909; x_wconf 82' lang='lat' dir='ltr'><strong>ut</strong></span> <span class='ocrx_word' id='word_1_44' title='bbox 1402 847 1494 909; x_wconf 74' lang='lat' dir='ltr'><strong>‘uir-</strong></span> 
     </span>
    </p>

    <p class='ocr_par' dir='ltr' id='par_1_4' title="bbox 70 948 1532 1840">
     <span class='ocr_line' id='line_1_6' title="bbox 70 948 1520 1033; baseline -0.003 -24"><span class='ocrx_word' id='word_1_45' title='bbox 70 954 293 1033; x_wconf 58' lang='lat' dir='ltr'><strong>tentiginis</strong></span> <span class='ocrx_word' id='word_1_46' title='bbox 315 955 393 1012; x_wconf 91' lang='lat' dir='ltr'><strong>ira&#39;.</strong></span> <span class='ocrx_word' id='word_1_47' title='bbox 438 951 696 1031; x_wconf 67' lang='lat' dir='ltr'><strong>apostrophus</strong></span> <span class='ocrx_word' id='word_1_48' title='bbox 719 951 817 1011; x_wconf 89' lang='lat' dir='ltr'><strong>item.</strong></span> <span class='ocrx_word' id='word_1_49' title='bbox 861 952 998 1028; x_wconf 78' lang='lat' dir='ltr'><strong>congrue</strong></span> <span class='ocrx_word' id='word_1_50' title='bbox 1020 949 1094 1010; x_wconf 79' lang='lat' dir='ltr'><strong>dixit</strong></span> <span class='ocrx_word' id='word_1_51' title='bbox 1113 948 1219 1018; x_wconf 78' lang='lat' dir='ltr'><strong>‘item&#39;,</strong></span> <span class='ocrx_word' id='word_1_52' title='bbox 1242 949 1385 1028; x_wconf 89' lang='lat' dir='ltr'><strong>quoniam</strong></span> <span class='ocrx_word' id='word_1_53' title='bbox 1406 966 1520 1029; x_wconf 84' lang='lat' dir='ltr'><strong>prae-s</strong></span> 
     </span>
     <span class='ocr_line' id='line_1_7' title="bbox 195 1049 1496 1131; baseline -0.003 -16"><span class='ocrx_word' id='word_1_54' title='bbox 195 1055 273 1116; x_wconf 90' lang='lat' dir='ltr'><strong>dicta</strong></span> <span class='ocrx_word' id='word_1_55' title='bbox 301 1056 428 1115; x_wconf 81' lang='lat' dir='ltr'><strong>iteratur</strong></span> <span class='ocrx_word' id='word_1_56' title='bbox 455 1054 561 1130; x_wconf 86' lang='lat' dir='ltr'><strong>ligura,</strong></span> <span class='ocrx_word' id='word_1_57' title='bbox 597 1051 648 1112; x_wconf 89' lang='lat' dir='ltr'><strong>sed</strong></span> <span class='ocrx_word' id='word_1_58' title='bbox 677 1049 754 1111; x_wconf 89' lang='lat' dir='ltr'><strong>aliud</strong></span> <span class='ocrx_word' id='word_1_59' title='bbox 786 1070 876 1131; x_wconf 91' lang='lat' dir='ltr'><strong>supra</strong></span> <span class='ocrx_word' id='word_1_60' title='bbox 904 1060 934 1111; x_wconf 90' lang='lat' dir='ltr'><strong>et</strong></span> <span class='ocrx_word' id='word_1_61' title='bbox 961 1049 1040 1111; x_wconf 89' lang='lat' dir='ltr'><strong>aliud</strong></span> <span class='ocrx_word' id='word_1_62' title='bbox 1069 1051 1129 1128; x_wconf 82' lang='lat' dir='ltr'><strong>agit</strong></span> <span class='ocrx_word' id='word_1_63' title='bbox 1156 1050 1244 1111; x_wconf 89' lang='lat' dir='ltr'><strong>inira.</strong></span> <span class='ocrx_word' id='word_1_64' title='bbox 1287 1049 1496 1130; x_wconf 78' lang='lat' dir='ltr'><strong>apostrophus</strong></span> 
     </span>
     <span class='ocr_line' id='line_1_8' title="bbox 196 1150 1495 1231; baseline -0.004 -14"><span class='ocrx_word' id='word_1_65' title='bbox 196 1158 276 1217; x_wconf 88' lang='lat' dir='ltr'><strong>enirn</strong></span> <span class='ocrx_word' id='word_1_66' title='bbox 299 1155 413 1216; x_wconf 88' lang='lat' dir='ltr'><strong>Graece</strong></span> <span class='ocrx_word' id='word_1_67' title='bbox 437 1155 593 1215; x_wconf 90' lang='lat' dir='ltr'><strong>conuersio</strong></span> <span class='ocrx_word' id='word_1_68' title='bbox 615 1153 773 1213; x_wconf 89' lang='lat' dir='ltr'><strong>locutionis</strong></span> <span class='ocrx_word' id='word_1_69' title='bbox 796 1152 903 1214; x_wconf 87' lang='lat' dir='ltr'><strong>dicitur</strong></span> <span class='ocrx_word' id='word_1_70' title='bbox 926 1153 1045 1221; x_wconf 88' lang='lat' dir='ltr'><strong>Latine,</strong></span> <span class='ocrx_word' id='word_1_71' title='bbox 1069 1150 1139 1212; x_wconf 90' lang='lat' dir='ltr'><strong>inde</strong></span> <span class='ocrx_word' id='word_1_72' title='bbox 1162 1151 1361 1231; x_wconf 78' lang='lat' dir='ltr'><strong>apostrophus</strong></span> <span class='ocrx_word' id='word_1_73' title='bbox 1383 1170 1401 1212; x_wconf 90' lang='lat' dir='ltr'><strong>a</strong></span> <span class='ocrx_word' id='word_1_74' title='bbox 1422 1167 1495 1212; x_wconf 89' lang='lat' dir='ltr'><strong>coo·</strong></span> 
     </span>
     <span class='ocr_line' id='line_1_9' title="bbox 196 1242 1495 1335; baseline -0.002 -17"><span class='ocrx_word' id='word_1_75' title='bbox 196 1257 336 1318; x_wconf 89' lang='lat' dir='ltr'><strong>uersione</strong></span> <span class='ocrx_word' id='word_1_76' title='bbox 360 1264 492 1324; x_wconf 90' lang='lat' dir='ltr'><strong>uocatur,</strong></span> <span class='ocrx_word' id='word_1_77' title='bbox 515 1256 582 1335; x_wconf 86' lang='lat' dir='ltr'><strong>quia</strong></span> <span class='ocrx_word' id='word_1_78' title='bbox 606 1263 819 1315; x_wconf 81' lang='lat' dir='ltr'><strong>consonantem</strong></span> <span class='ocrx_word' id='word_1_79' title='bbox 843 1254 995 1322; x_wconf 91' lang='lat' dir='ltr'><strong>dictionis,</strong></span> <span class='ocrx_word' id='word_1_80' title='bbox 1020 1255 1104 1314; x_wconf 92' lang='lat' dir='ltr'><strong>cuius</strong></span> <span class='ocrx_word' id='word_1_81' title='bbox 1125 1242 1239 1314; x_wconf 85' lang='lat' dir='ltr'><strong>uocalis</strong></span> <span class='ocrx_word' id='word_1_82' title='bbox 1254 1252 1398 1322; x_wconf 73' lang='lat' dir='ltr'><strong>aufertur,</strong></span> <span class='ocrx_word' id='word_1_83' title='bbox 1421 1270 1495 1315; x_wconf 88' lang='lat' dir='ltr'><strong>con·</strong></span> 
     </span>
     <span class='ocr_line' id='line_1_10' title="bbox 196 1352 1495 1437; baseline -0.003 -18"><span class='ocrx_word' id='word_1_84' title='bbox 196 1357 286 1419; x_wconf 88' lang='lat' dir='ltr'><strong>uertit</strong></span> <span class='ocrx_word' id='word_1_85' title='bbox 308 1358 343 1416; x_wconf 93' lang='lat' dir='ltr'><strong>ad</strong></span> <span class='ocrx_word' id='word_1_86' title='bbox 367 1357 583 1437; x_wconf 88' lang='lat' dir='ltr'><strong>praecedentia.</strong></span> <span class='ocrx_word' id='word_1_87' title='bbox 629 1355 711 1416; x_wconf 87' lang='lat' dir='ltr'><strong>Vnde</strong></span> <span class='ocrx_word' id='word_1_88' title='bbox 740 1356 812 1416; x_wconf 74' lang='lat' dir='ltr'><strong>liaeo</strong></span> <span class='ocrx_word' id='word_1_89' title='bbox 840 1358 933 1434; x_wconf 76' lang='lat' dir='ltr'><strong>figura</strong></span> <span class='ocrx_word' id='word_1_90' title='bbox 963 1354 1039 1416; x_wconf 87' lang='lat' dir='ltr'><strong>bene</strong></span> <span class='ocrx_word' id='word_1_91' title='bbox 1066 1355 1244 1416; x_wconf 87' lang='lat' dir='ltr'><strong>conuersiua</strong></span> <span class='ocrx_word' id='word_1_92' title='bbox 1266 1352 1314 1414; x_wconf 89' lang='lat' dir='ltr'><strong>uel</strong></span> <span class='ocrx_word' id='word_1_93' title='bbox 1337 1354 1495 1415; x_wconf 84' lang='lat' dir='ltr'><strong>reuersitta</strong></span> 
     </span>
     <span class='ocr_line' id='line_1_11' title="bbox 199 1442 1532 1539; baseline -0.005 -19"><span class='ocrx_word' id='word_1_94' title='bbox 199 1460 212 1539; x_wconf 76' lang='lat' dir='ltr'><strong>ll</strong></span> <span class='ocrx_word' id='word_1_95' title='bbox 229 1456 290 1520; x_wconf 70' lang='grc'><strong>207</strong></span> <span class='ocrx_word' id='word_1_96' title='bbox 345 1460 408 1518; x_wconf 91' lang='lat' dir='ltr'><strong>siue</strong></span> <span class='ocrx_word' id='word_1_97' title='bbox 432 1460 601 1536; x_wconf 79' lang='lat' dir='ltr'><strong>regressiua</strong></span> <span class='ocrx_word' id='word_1_98' title='bbox 623 1457 741 1518; x_wconf 90' lang='lat' dir='ltr'><strong>dicitur.</strong></span> <span class='ocrx_word' id='word_1_99' title='bbox 786 1456 931 1518; x_wconf 87' lang='lat' dir='ltr'><strong>Dillcrunt</strong></span> <span class='ocrx_word' id='word_1_100' title='bbox 958 1464 1056 1517; x_wconf 90' lang='lat' dir='ltr'><strong>autem</strong></span> <span class='ocrx_word' id='word_1_101' title='bbox 1086 1456 1165 1517; x_wconf 87' lang='lat' dir='ltr'><strong>inter</strong></span> <span class='ocrx_word' id='word_1_102' title='bbox 1186 1442 1219 1517; x_wconf 82' lang='lat' dir='ltr'><strong>se</strong></span> <span class='ocrx_word' id='word_1_103' title='bbox 1242 1455 1444 1537; x_wconf 83' lang='lat' dir='ltr'><strong>apostrophus</strong></span> <span class='ocrx_word' id='word_1_104' title='bbox 1466 1464 1532 1515; x_wconf 84' lang='lat' dir='ltr'><strong>etto</strong></span> 
     </span>
     <span class='ocr_line' id='line_1_12' title="bbox 198 1555 1497 1637; baseline -0.002 -16"><span class='ocrx_word' id='word_1_105' title='bbox 198 1559 336 1627; x_wconf 89' lang='lat' dir='ltr'><strong>diastole,</strong></span> <span class='ocrx_word' id='word_1_106' title='bbox 361 1558 438 1636; x_wconf 81' lang='lat' dir='ltr'><strong>rpuod</strong></span> <span class='ocrx_word' id='word_1_107' title='bbox 462 1559 584 1620; x_wconf 83' lang='lat' dir='ltr'><strong>diastole</strong></span> <span class='ocrx_word' id='word_1_108' title='bbox 607 1559 642 1618; x_wconf 90' lang='lat' dir='ltr'><strong>ad</strong></span> <span class='ocrx_word' id='word_1_109' title='bbox 666 1560 879 1619; x_wconf 82' lang='lat' dir='ltr'><strong>extremitatem</strong></span> <span class='ocrx_word' id='word_1_110' title='bbox 904 1559 1023 1637; x_wconf 91' lang='lat' dir='ltr'><strong>ponitur</strong></span> <span class='ocrx_word' id='word_1_111' title='bbox 1045 1556 1176 1626; x_wconf 86' lang='lat' dir='ltr'><strong>litterae,</strong></span> <span class='ocrx_word' id='word_1_112' title='bbox 1199 1555 1400 1637; x_wconf 89' lang='lat' dir='ltr'><strong>apostrophus</strong></span> <span class='ocrx_word' id='word_1_113' title='bbox 1422 1574 1497 1618; x_wconf 90' lang='lat' dir='ltr'><strong>uero</strong></span> 
     </span>
     <span class='ocr_line' id='line_1_13' title="bbox 198 1656 1497 1739; baseline -0.003 -18"><span class='ocrx_word' id='word_1_114' title='bbox 198 1662 233 1722; x_wconf 90' lang='lat' dir='ltr'><strong>ad</strong></span> <span class='ocrx_word' id='word_1_115' title='bbox 257 1663 454 1721; x_wconf 85' lang='lat' dir='ltr'><strong>summitatem</strong></span> <span class='ocrx_word' id='word_1_116' title='bbox 478 1672 510 1721; x_wconf 92' lang='lat' dir='ltr'><strong>ut</strong></span> <span class='ocrx_word' id='word_1_117' title='bbox 533 1660 643 1720; x_wconf 86' lang='lat' dir='ltr'><strong>tantou&#39;</strong></span> <span class='ocrx_word' id='word_1_118' title='bbox 667 1679 721 1739; x_wconf 91' lang='lat' dir='ltr'><strong>pro</strong></span> <span class='ocrx_word' id='word_1_119' title='bbox 744 1668 864 1721; x_wconf 88' lang='lat' dir='ltr'><strong>tantone</strong></span> <span class='ocrx_word' id='word_1_120' title='bbox 887 1670 916 1719; x_wconf 91' lang='lat' dir='ltr'><strong>ct</strong></span> <span class='ocrx_word' id='word_1_121' title='bbox 943 1657 1041 1721; x_wconf 89' lang='lat' dir='ltr'><strong>uidcu&#39;</strong></span> <span class='ocrx_word' id='word_1_122' title='bbox 1064 1676 1120 1738; x_wconf 90' lang='lat' dir='ltr'><strong>pru</strong></span> <span class='ocrx_word' id='word_1_123' title='bbox 1148 1658 1287 1728; x_wconf 85' lang='lat' dir='ltr'><strong>uidesne,</strong></span> <span class='ocrx_word' id='word_1_124' title='bbox 1317 1656 1417 1718; x_wconf 89' lang='lat' dir='ltr'><strong>audin&#39;</strong></span> <span class='ocrx_word' id='word_1_125' title='bbox 1440 1676 1497 1737; x_wconf 92' lang='lat' dir='ltr'><strong>pro</strong></span> 
     </span>
     <span class='ocr_line' id='line_1_14' title="bbox 199 1759 1497 1840; baseline -0.003 -17"><span class='ocrx_word' id='word_1_126' title='bbox 199 1763 330 1823; x_wconf 72' lang='lat' dir='ltr'><strong>nullisne.</strong></span> <span class='ocrx_word' id='word_1_127' title='bbox 377 1762 438 1821; x_wconf 88' lang='lat' dir='ltr'><strong>Hoc</strong></span> <span class='ocrx_word' id='word_1_128' title='bbox 466 1772 563 1822; x_wconf 88' lang='lat' dir='ltr'><strong>autern</strong></span> <span class='ocrx_word' id='word_1_129' title='bbox 588 1765 619 1821; x_wconf 86' lang='lat' dir='ltr'><strong>ut</strong></span> <span class='ocrx_word' id='word_1_130' title='bbox 642 1780 729 1821; x_wconf 91' lang='lat' dir='ltr'><strong>causa</strong></span> <span class='ocrx_word' id='word_1_131' title='bbox 753 1764 857 1830; x_wconf 91' lang='lat' dir='ltr'><strong>metri,</strong></span> <span class='ocrx_word' id='word_1_132' title='bbox 887 1763 915 1821; x_wconf 93' lang='lat' dir='ltr'><strong>in</strong></span> <span class='ocrx_word' id='word_1_133' title='bbox 940 1779 1028 1839; x_wconf 91' lang='lat' dir='ltr'><strong>prosa</strong></span> <span class='ocrx_word' id='word_1_134' title='bbox 1057 1777 1129 1820; x_wconf 90' lang='lat' dir='ltr'><strong>uero</strong></span> <span class='ocrx_word' id='word_1_135' title='bbox 1151 1759 1187 1819; x_wconf 92' lang='lat' dir='ltr'><strong>ad</strong></span> <span class='ocrx_word' id='word_1_136' title='bbox 1210 1760 1367 1840; x_wconf 84' lang='lat' dir='ltr'><strong>pristinam</strong></span> <span class='ocrx_word' id='word_1_137' title='bbox 1392 1776 1497 1819; x_wconf 86' lang='lat' dir='ltr'><strong>reuer-</strong></span> 
     </span>
    </p>

    <p class='ocr_par' dir='ltr' id='par_1_5' title="bbox 62 1859 1534 2245">
     <span class='ocr_line' id='line_1_15' title="bbox 62 1859 1497 1940; baseline -0.001 -18"><span class='ocrx_word' id='word_1_138' title='bbox 62 1895 82 1935; x_wconf 71' lang='lat' dir='ltr'><strong>p.</strong></span> <span class='ocrx_word' id='word_1_139' title='bbox 96 1884 145 1929; x_wconf 77' lang='lat' dir='ltr'><strong>aaa,</strong></span> <span class='ocrx_word' id='word_1_140' title='bbox 161 1882 184 1919; x_wconf 57' lang='grc' dir='ltr'><strong>ιν</strong></span> <span class='ocrx_word' id='word_1_141' title='bbox 199 1866 269 1924; x_wconf 91' lang='lat' dir='ltr'><strong>titur</strong></span> <span class='ocrx_word' id='word_1_142' title='bbox 294 1863 438 1935; x_wconf 83' lang='lat' dir='ltr'><strong>formum.</strong></span> <span class='ocrx_word' id='word_1_143' title='bbox 484 1863 668 1930; x_wconf 85' lang='lat' dir='ltr'><strong>Ceterum,</strong></span> <span class='ocrx_word' id='word_1_144' title='bbox 697 1881 752 1940; x_wconf 89' lang='lat' dir='ltr'><strong>pro</strong></span> <span class='ocrx_word' id='word_1_145' title='bbox 781 1862 843 1922; x_wconf 89' lang='lat' dir='ltr'><strong>scd.</strong></span> <span class='ocrx_word' id='word_1_146' title='bbox 895 1861 1041 1929; x_wconf 81' lang='lat' dir='ltr'><strong>addita,</strong></span> <span class='ocrx_word' id='word_1_147' title='bbox 1077 1860 1214 1922; x_wconf 91' lang='lat' dir='ltr'><strong>adiuncta</strong></span> <span class='ocrx_word' id='word_1_148' title='bbox 1242 1879 1266 1922; x_wconf 92' lang='lat' dir='ltr'><strong>s.</strong></span> <span class='ocrx_word' id='word_1_149' title='bbox 1294 1877 1349 1939; x_wconf 88' lang='lat' dir='ltr'><strong>per</strong></span> <span class='ocrx_word' id='word_1_150' title='bbox 1376 1859 1497 1928; x_wconf 84' lang='lat' dir='ltr'><strong>dasian;</strong></span> 
     </span>
     <span class='ocr_line' id='line_1_16' title="bbox 201 1959 1534 2042; baseline -0.006 -17"><span class='ocrx_word' id='word_1_151' title='bbox 201 1964 260 2025; x_wconf 92' lang='lat' dir='ltr'><strong>uel</strong></span> <span class='ocrx_word' id='word_1_152' title='bbox 287 1963 475 2030; x_wconf 88' lang='lat' dir='ltr'><strong>detracta,</strong></span> <span class='ocrx_word' id='word_1_153' title='bbox 504 1962 653 2023; x_wconf 89' lang='lat' dir='ltr'><strong>subtracta</strong></span> <span class='ocrx_word' id='word_1_154' title='bbox 676 1983 729 2042; x_wconf 91' lang='lat' dir='ltr'><strong>per</strong></span> <span class='ocrx_word' id='word_1_155' title='bbox 753 1963 837 2024; x_wconf 91' lang='lat' dir='ltr'><strong>silcn.</strong></span> <span class='ocrx_word' id='word_1_156' title='bbox 882 1963 1014 2023; x_wconf 83' lang='lat' dir='ltr'><strong>‘llasian’</strong></span> <span class='ocrx_word' id='word_1_157' title='bbox 1037 1964 1252 2041; x_wconf 88' lang='lat' dir='ltr'><strong>interpretatur</strong></span> <span class='ocrx_word' id='word_1_158' title='bbox 1274 1959 1426 2041; x_wconf 83' lang='lat' dir='ltr'><strong>pinguedo</strong></span> <span class='ocrx_word' id='word_1_159' title='bbox 1448 1959 1497 2021; x_wconf 90' lang='lat' dir='ltr'><strong>uel</strong></span> <span class='ocrx_word' id='word_1_160' title='bbox 1511 1976 1534 2015; x_wconf 70' lang='grc' dir='ltr'><strong>ιε</strong></span> 
     </span>
     <span class='ocr_line' id='line_1_17' title="bbox 201 2061 1497 2143; baseline -0.003 -17"><span class='ocrx_word' id='word_1_161' title='bbox 201 2066 341 2143; x_wconf 89' lang='lat' dir='ltr'><strong>aspiratio</strong></span> <span class='ocrx_word' id='word_1_162' title='bbox 357 2066 420 2124; x_wconf 87' lang='lat' dir='ltr'><strong>siue</strong></span> <span class='ocrx_word' id='word_1_163' title='bbox 436 2061 556 2124; x_wconf 87' lang='lat' dir='ltr'><strong>uberior</strong></span> <span class='ocrx_word' id='word_1_164' title='bbox 576 2084 666 2125; x_wconf 88' lang='lat' dir='ltr'><strong>sonus</strong></span> <span class='ocrx_word' id='word_1_165' title='bbox 689 2073 718 2124; x_wconf 89' lang='lat' dir='ltr'><strong>ct</strong></span> <span class='ocrx_word' id='word_1_166' title='bbox 741 2064 850 2125; x_wconf 91' lang='lat' dir='ltr'><strong>dicitur</strong></span> <span class='ocrx_word' id='word_1_167' title='bbox 865 2084 882 2124; x_wconf 90' lang='lat' dir='ltr'><strong>a</strong></span> <span class='ocrx_word' id='word_1_168' title='bbox 899 2063 1011 2132; x_wconf 88' lang='lat' dir='ltr'><strong>dando;</strong></span> <span class='ocrx_word' id='word_1_169' title='bbox 1036 2062 1136 2124; x_wconf 75' lang='lat' dir='ltr'><strong>‘sileu&#39;</strong></span> <span class='ocrx_word' id='word_1_170' title='bbox 1160 2065 1277 2125; x_wconf 89' lang='lat' dir='ltr'><strong>siccitas</strong></span> <span class='ocrx_word' id='word_1_171' title='bbox 1299 2064 1363 2124; x_wconf 88' lang='lat' dir='ltr'><strong>siue</strong></span> <span class='ocrx_word' id='word_1_172' title='bbox 1386 2080 1497 2142; x_wconf 86' lang='lat' dir='ltr'><strong>purum</strong></span> 
     </span>
     <span class='ocr_line' id='line_1_18' title="bbox 200 2164 782 2245; baseline -0.003 -18"><span class='ocrx_word' id='word_1_173' title='bbox 200 2169 414 2245; x_wconf 85' lang='lat' dir='ltr'><strong>interpretatur</strong></span> <span class='ocrx_word' id='word_1_174' title='bbox 438 2173 467 2226; x_wconf 87' lang='lat' dir='ltr'><strong>et</strong></span> <span class='ocrx_word' id='word_1_175' title='bbox 489 2185 505 2225; x_wconf 90' lang='lat' dir='ltr'><strong>a</strong></span> <span class='ocrx_word' id='word_1_176' title='bbox 527 2164 641 2227; x_wconf 89' lang='lat' dir='ltr'><strong>silendo</strong></span> <span class='ocrx_word' id='word_1_177' title='bbox 664 2167 782 2228; x_wconf 90' lang='lat' dir='ltr'><strong>dicitur.</strong></span> 
     </span>
    </p>
   </div>
   <div class='ocr_carea' id='block_1_3' title="bbox 708 2368 985 2451">
    <p class='ocr_par' dir='ltr' id='par_1_6' title="bbox 708 2368 985 2451">
     <span class='ocr_line' id='line_1_19' title="bbox 708 2368 985 2451; baseline 0.004 -22"><span class='ocrx_word' id='word_1_178' title='bbox 708 2368 757 2429; x_wconf 82' lang='lat' dir='ltr'><strong>on</strong></span> <span class='ocrx_word' id='word_1_179' title='bbox 780 2368 985 2451; x_wconf 87' lang='lat' dir='ltr'><strong>rostrvnrs.</strong></span> 
     </span>
    </p>
   </div>
   <div class='ocr_carea' id='block_1_4' title="bbox 64 2486 1536 2669">
    <p class='ocr_par' dir='ltr' id='par_1_7' title="bbox 64 2486 1536 2669">
     <span class='ocr_line' id='line_1_20' title="bbox 288 2486 1500 2566; baseline 0 -18"><span class='ocrx_word' id='word_1_180' title='bbox 288 2488 440 2548; x_wconf 79' lang='lat' dir='ltr'><strong>l‘ositurae</strong></span> <span class='ocrx_word' id='word_1_181' title='bbox 469 2497 498 2548; x_wconf 92' lang='lat' dir='ltr'><strong>ct</strong></span> <span class='ocrx_word' id='word_1_182' title='bbox 525 2488 730 2549; x_wconf 84' lang='lat' dir='ltr'><strong>distinctiones</strong></span> <span class='ocrx_word' id='word_1_183' title='bbox 762 2488 839 2549; x_wconf 92' lang='lat' dir='ltr'><strong>idem</strong></span> <span class='ocrx_word' id='word_1_184' title='bbox 870 2498 949 2548; x_wconf 90' lang='lat' dir='ltr'><strong>sunt.</strong></span> <span class='ocrx_word' id='word_1_185' title='bbox 1002 2489 1157 2549; x_wconf 85' lang='lat' dir='ltr'><strong>Positurae</strong></span> <span class='ocrx_word' id='word_1_186' title='bbox 1187 2492 1284 2548; x_wconf 89' lang='lat' dir='ltr'><strong>autem</strong></span> <span class='ocrx_word' id='word_1_187' title='bbox 1313 2504 1330 2545; x_wconf 92' lang='lat' dir='ltr'><strong>a</strong></span> <span class='ocrx_word' id='word_1_188' title='bbox 1358 2486 1500 2566; x_wconf 87' lang='lat' dir='ltr'><strong>ponendo</strong></span> 
     </span>
     <span class='ocr_line' id='line_1_21' title="bbox 64 2585 1536 2669; baseline -0.004 -19"><span class='ocrx_word' id='word_1_189' title='bbox 64 2588 353 2664; x_wconf 66' lang='lat' dir='ltr'><strong>peraudicuutur.</strong></span> <span class='ocrx_word' id='word_1_190' title='bbox 399 2588 493 2659; x_wconf 81' lang='lat' dir='ltr'><strong>Quas</strong></span> <span class='ocrx_word' id='word_1_191' title='bbox 514 2585 654 2661; x_wconf 77' lang='grc' dir='ltr'><strong><em>θέσεις</em></strong></span> <span class='ocrx_word' id='word_1_192' title='bbox 676 2591 808 2650; x_wconf 86' lang='lat' dir='ltr'><strong>Gracci</strong></span> <span class='ocrx_word' id='word_1_193' title='bbox 832 2598 984 2655; x_wconf 79' lang='lat' dir='ltr'><strong>uocant:</strong></span> <span class='ocrx_word' id='word_1_194' title='bbox 1020 2590 1136 2669; x_wconf 79' lang='grc' dir='ltr'><em>τίθημι</em></span> <span class='ocrx_word' id='word_1_195' title='bbox 1169 2590 1248 2649; x_wconf 89' lang='lat' dir='ltr'><strong>euim</strong></span> <span class='ocrx_word' id='word_1_196' title='bbox 1277 2588 1391 2650; x_wconf 84' lang='lat' dir='ltr'><strong>Graece</strong></span> <span class='ocrx_word' id='word_1_197' title='bbox 1418 2604 1536 2669; x_wconf 83' lang='lat' dir='ltr'><strong>ponoao</strong></span> 
     </span>
    </p>
   </div>
   <div class='ocr_carea' id='block_1_5' title="bbox 65 2689 1540 4387">
    <p class='ocr_par' dir='ltr' id='par_1_8' title="bbox 92 2689 1538 3173">
     <span class='ocr_line' id='line_1_22' title="bbox 92 2689 1499 2770; baseline 0.004 -25"><span class='ocrx_word' id='word_1_198' title='bbox 92 2740 95 2745; x_wconf 87' lang='lat'><strong>.</strong></span> <span class='ocrx_word' id='word_1_199' title='bbox 202 2691 315 2752; x_wconf 87' lang='lat' dir='ltr'><strong>Latine.</strong></span> <span class='ocrx_word' id='word_1_200' title='bbox 360 2691 422 2751; x_wconf 91' lang='lat' dir='ltr'><strong>llae</strong></span> <span class='ocrx_word' id='word_1_201' title='bbox 445 2693 532 2751; x_wconf 91' lang='lat' dir='ltr'><strong>etiarn</strong></span> <span class='ocrx_word' id='word_1_202' title='bbox 557 2692 706 2770; x_wconf 85' lang='lat' dir='ltr'><strong>positurae</strong></span> <span class='ocrx_word' id='word_1_203' title='bbox 729 2692 830 2770; x_wconf 93' lang='lat' dir='ltr'><strong>puncti</strong></span> <span class='ocrx_word' id='word_1_204' title='bbox 852 2690 1001 2758; x_wconf 86' lang='lat' dir='ltr'><strong>dicuntur,</strong></span> <span class='ocrx_word' id='word_1_205' title='bbox 1025 2690 1075 2768; x_wconf 89' lang='lat' dir='ltr'><strong>qui</strong></span> <span class='ocrx_word' id='word_1_206' title='bbox 1097 2690 1133 2750; x_wconf 91' lang='lat' dir='ltr'><strong>ad</strong></span> <span class='ocrx_word' id='word_1_207' title='bbox 1157 2690 1214 2750; x_wconf 91' lang='lat' dir='ltr'><strong>hoc</strong></span> <span class='ocrx_word' id='word_1_208' title='bbox 1234 2691 1314 2750; x_wconf 86' lang='lat' dir='ltr'><strong>iuxta</strong></span> <span class='ocrx_word' id='word_1_209' title='bbox 1338 2689 1499 2751; x_wconf 88' lang='lat' dir='ltr'><strong>dictionem</strong></span> 
     </span>
     <span class='ocr_line' id='line_1_23' title="bbox 202 2788 1501 2871; baseline 0.002 -19"><span class='ocrx_word' id='word_1_210' title='bbox 202 2803 368 2871; x_wconf 91' lang='lat' dir='ltr'><strong>ponuntur,</strong></span> <span class='ocrx_word' id='word_1_211' title='bbox 393 2802 424 2852; x_wconf 93' lang='lat' dir='ltr'><strong>ut</strong></span> <span class='ocrx_word' id='word_1_212' title='bbox 446 2792 603 2853; x_wconf 89' lang='lat' dir='ltr'><strong>ostendant</strong></span> <span class='ocrx_word' id='word_1_213' title='bbox 629 2794 807 2871; x_wconf 89' lang='lat' dir='ltr'><strong>positionem</strong></span> <span class='ocrx_word' id='word_1_214' title='bbox 838 2793 936 2858; x_wconf 87' lang='lat' dir='ltr'><strong>uocis,</strong></span> <span class='ocrx_word' id='word_1_215' title='bbox 967 2790 1013 2851; x_wconf 89' lang='lat' dir='ltr'><strong>uel</strong></span> <span class='ocrx_word' id='word_1_216' title='bbox 1038 2800 1070 2851; x_wconf 93' lang='lat' dir='ltr'><strong>ut</strong></span> <span class='ocrx_word' id='word_1_217' title='bbox 1092 2788 1275 2852; x_wconf 80' lang='lat' dir='ltr'><strong>manifestior</strong></span> <span class='ocrx_word' id='word_1_218' title='bbox 1303 2789 1501 2870; x_wconf 78' lang='lat' dir='ltr'><strong>intelligentia</strong></span> 
     </span>
     <span class='ocr_line' id='line_1_24' title="bbox 202 2892 1501 2973; baseline 0.001 -21"><span class='ocrx_word' id='word_1_219' title='bbox 202 2893 384 2955; x_wconf 88' lang='lat' dir='ltr'><strong>indictione</strong></span> <span class='ocrx_word' id='word_1_220' title='bbox 412 2894 471 2953; x_wconf 92' lang='lat' dir='ltr'><strong>cito</strong></span> <span class='ocrx_word' id='word_1_221' title='bbox 499 2895 629 2953; x_wconf 89' lang='lat' dir='ltr'><strong>inueniri</strong></span> <span class='ocrx_word' id='word_1_222' title='bbox 651 2896 755 2972; x_wconf 90' lang='lat' dir='ltr'><strong>possit.</strong></span> <span class='ocrx_word' id='word_1_223' title='bbox 802 2895 949 2953; x_wconf 87' lang='lat' dir='ltr'><strong>Vocantur</strong></span> <span class='ocrx_word' id='word_1_224' title='bbox 973 2901 1002 2953; x_wconf 93' lang='lat' dir='ltr'><strong>et</strong></span> <span class='ocrx_word' id='word_1_225' title='bbox 1024 2893 1241 2962; x_wconf 81' lang='lat' dir='ltr'><strong>distinctiones,</strong></span> <span class='ocrx_word' id='word_1_226' title='bbox 1272 2911 1308 2952; x_wconf 90' lang='lat' dir='ltr'><strong>eo</strong></span> <span class='ocrx_word' id='word_1_227' title='bbox 1336 2892 1417 2972; x_wconf 86' lang='lat' dir='ltr'><strong>quoti</strong></span> <span class='ocrx_word' id='word_1_228' title='bbox 1446 2912 1501 2973; x_wconf 90' lang='lat' dir='ltr'><strong>per</strong></span> 
     </span>
     <span class='ocr_line' id='line_1_25' title="bbox 204 2992 1500 3072; baseline 0 -19"><span class='ocrx_word' id='word_1_229' title='bbox 204 2994 336 3054; x_wconf 88' lang='lat' dir='ltr'><strong>membra</strong></span> <span class='ocrx_word' id='word_1_230' title='bbox 365 2995 541 3054; x_wconf 88' lang='lat' dir='ltr'><strong>sententiam</strong></span> <span class='ocrx_word' id='word_1_231' title='bbox 571 2995 677 3072; x_wconf 90' lang='lat' dir='ltr'><strong>partim</strong></span> <span class='ocrx_word' id='word_1_232' title='bbox 706 2994 900 3071; x_wconf 84' lang='lat' dir='ltr'><strong>distinguant,</strong></span> <span class='ocrx_word' id='word_1_233' title='bbox 930 2996 949 3054; x_wconf 91' lang='lat' dir='ltr'><strong>i.</strong></span> <span class='ocrx_word' id='word_1_234' title='bbox 979 2992 1122 3054; x_wconf 87' lang='lat' dir='ltr'><strong>diuident.</strong></span> <span class='ocrx_word' id='word_1_235' title='bbox 1168 2993 1332 3054; x_wconf 89' lang='lat' dir='ltr'><strong>Positioues</strong></span> <span class='ocrx_word' id='word_1_236' title='bbox 1360 3011 1434 3072; x_wconf 79' lang='lat' dir='ltr'><strong>ergo</strong></span> <span class='ocrx_word' id='word_1_237' title='bbox 1455 2992 1500 3053; x_wconf 90' lang='lat' dir='ltr'><strong>di·</strong></span> 
     </span>
     <span class='ocr_line' id='line_1_26' title="bbox 203 3093 1538 3173; baseline -0.003 -19"><span class='ocrx_word' id='word_1_238' title='bbox 203 3104 321 3161; x_wconf 92' lang='lat' dir='ltr'><strong>cuntur,</strong></span> <span class='ocrx_word' id='word_1_239' title='bbox 350 3112 386 3152; x_wconf 93' lang='lat' dir='ltr'><strong>eo</strong></span> <span class='ocrx_word' id='word_1_240' title='bbox 414 3094 492 3171; x_wconf 90' lang='lat' dir='ltr'><strong>quod</strong></span> <span class='ocrx_word' id='word_1_241' title='bbox 520 3093 560 3152; x_wconf 83' lang='lat' dir='ltr'><strong>int</strong></span> <span class='ocrx_word' id='word_1_242' title='bbox 589 3094 835 3173; x_wconf 79' lang='lat' dir='ltr'><strong>deportaturum</strong></span> <span class='ocrx_word' id='word_1_243' title='bbox 859 3102 1086 3163; x_wconf 90' lang='lat' dir='ltr'><strong>etresuutatur,</strong></span> <span class='ocrx_word' id='word_1_244' title='bbox 1116 3112 1154 3153; x_wconf 89' lang='lat' dir='ltr'><strong>ne</strong></span> <span class='ocrx_word' id='word_1_245' title='bbox 1182 3095 1405 3156; x_wconf 86' lang='lat' dir='ltr'><strong>continuatione</strong></span> <span class='ocrx_word' id='word_1_246' title='bbox 1428 3094 1538 3155; x_wconf 83' lang='lat' dir='ltr'><strong>dell-as</strong></span> 
     </span>
    </p>

    <p class='ocr_par' dir='ltr' id='par_1_9' title="bbox 65 3192 1540 4387">
     <span class='ocr_line' id='line_1_27' title="bbox 65 3192 1501 3276; baseline 0.001 -20"><span class='ocrx_word' id='word_1_247' title='bbox 65 3194 270 3272; x_wconf 63' lang='lat' dir='ltr'><strong>paratoriat.</strong></span> <span class='ocrx_word' id='word_1_248' title='bbox 302 3192 505 3254; x_wconf 86' lang='lat' dir='ltr'><strong>Distinctio</strong></span> <span class='ocrx_word' id='word_1_249' title='bbox 529 3195 802 3255; x_wconf 79' lang='lat' dir='ltr'><strong>sithdistinctio</strong></span> <span class='ocrx_word' id='word_1_250' title='bbox 827 3195 941 3255; x_wconf 90' lang='lat' dir='ltr'><strong>media</strong></span> <span class='ocrx_word' id='word_1_251' title='bbox 965 3196 1178 3263; x_wconf 89' lang='lat' dir='ltr'><strong>distinctio,</strong></span> <span class='ocrx_word' id='word_1_252' title='bbox 1202 3203 1356 3265; x_wconf 87' lang='lat' dir='ltr'><strong>tressuut,</strong></span> <span class='ocrx_word' id='word_1_253' title='bbox 1373 3213 1501 3276; x_wconf 85' lang='lat' dir='ltr'><strong>quarum</strong></span> 
     </span>
     <span class='ocr_line' id='line_1_28' title="bbox 204 3294 1500 3376; baseline 0.003 -22"><span class='ocrx_word' id='word_1_254' title='bbox 204 3294 362 3356; x_wconf 89' lang='lat' dir='ltr'><strong>diuersitas</strong></span> <span class='ocrx_word' id='word_1_255' title='bbox 385 3294 480 3357; x_wconf 90' lang='lat' dir='ltr'><strong>trihus</strong></span> <span class='ocrx_word' id='word_1_256' title='bbox 502 3298 619 3376; x_wconf 90' lang='lat' dir='ltr'><strong>punctis</strong></span> <span class='ocrx_word' id='word_1_257' title='bbox 634 3296 753 3357; x_wconf 89' lang='lat' dir='ltr'><strong>diuerso</strong></span> <span class='ocrx_word' id='word_1_258' title='bbox 770 3300 799 3356; x_wconf 92' lang='lat' dir='ltr'><strong>in</strong></span> <span class='ocrx_word' id='word_1_259' title='bbox 816 3296 880 3356; x_wconf 88' lang='lat' dir='ltr'><strong>loco</strong></span> <span class='ocrx_word' id='word_1_260' title='bbox 897 3298 999 3376; x_wconf 88' lang='lat' dir='ltr'><strong>positis</strong></span> <span class='ocrx_word' id='word_1_261' title='bbox 1014 3298 1243 3358; x_wconf 89' lang='lat' dir='ltr'><strong>demonstratur.</strong></span> <span class='ocrx_word' id='word_1_262' title='bbox 1272 3297 1500 3358; x_wconf 88' lang='lat' dir='ltr'><strong>Distinctionem</strong></span> 
     </span>
     <span class='ocr_line' id='line_1_29' title="bbox 205 3398 1502 3479; baseline 0.002 -21"><span class='ocrx_word' id='word_1_263' title='bbox 205 3399 313 3458; x_wconf 88' lang='lat' dir='ltr'><strong>ceteris</strong></span> <span class='ocrx_word' id='word_1_264' title='bbox 336 3401 508 3477; x_wconf 89' lang='lat' dir='ltr'><strong>praeposuit</strong></span> <span class='ocrx_word' id='word_1_265' title='bbox 529 3399 675 3467; x_wconf 82' lang='lat' dir='ltr'><strong>Donatus,</strong></span> <span class='ocrx_word' id='word_1_266' title='bbox 704 3401 772 3479; x_wconf 90' lang='lat' dir='ltr'><strong>quia</strong></span> <span class='ocrx_word' id='word_1_267' title='bbox 801 3417 946 3459; x_wconf 89' lang='lat' dir='ltr'><strong>summam</strong></span> <span class='ocrx_word' id='word_1_268' title='bbox 972 3418 1076 3459; x_wconf 90' lang='lat' dir='ltr'><strong>sensus</strong></span> <span class='ocrx_word' id='word_1_269' title='bbox 1099 3407 1130 3459; x_wconf 88' lang='lat' dir='ltr'><strong>et</strong></span> <span class='ocrx_word' id='word_1_270' title='bbox 1150 3398 1334 3459; x_wconf 87' lang='lat' dir='ltr'><strong>litteraturae</strong></span> <span class='ocrx_word' id='word_1_271' title='bbox 1362 3416 1502 3478; x_wconf 87' lang='lat' dir='ltr'><strong>compre·</strong></span> 
     </span>
     <span class='ocr_line' id='line_1_30' title="bbox 205 3498 1502 3580; baseline 0.002 -22"><span class='ocrx_word' id='word_1_272' title='bbox 205 3498 321 3569; x_wconf 89' lang='lat' dir='ltr'><strong>hendit,</strong></span> <span class='ocrx_word' id='word_1_273' title='bbox 351 3508 383 3560; x_wconf 93' lang='lat' dir='ltr'><strong>ut</strong></span> <span class='ocrx_word' id='word_1_274' title='bbox 410 3498 447 3559; x_wconf 91' lang='lat' dir='ltr'><strong>ab</strong></span> <span class='ocrx_word' id='word_1_275' title='bbox 477 3519 525 3570; x_wconf 90' lang='lat' dir='ltr'><strong>ea,</strong></span> <span class='ocrx_word' id='word_1_276' title='bbox 554 3520 629 3580; x_wconf 90' lang='lat' dir='ltr'><strong>quaa</strong></span> <span class='ocrx_word' id='word_1_277' title='bbox 658 3500 789 3579; x_wconf 87' lang='lat' dir='ltr'><strong>perlecta</strong></span> <span class='ocrx_word' id='word_1_278' title='bbox 818 3510 876 3567; x_wconf 88' lang='lat' dir='ltr'><strong>est,</strong></span> <span class='ocrx_word' id='word_1_279' title='bbox 907 3510 1023 3561; x_wconf 86' lang='lat' dir='ltr'><strong>ceterae</strong></span> <span class='ocrx_word' id='word_1_280' title='bbox 1052 3500 1197 3578; x_wconf 81' lang='lat' dir='ltr'><strong>originem</strong></span> <span class='ocrx_word' id='word_1_281' title='bbox 1226 3500 1344 3561; x_wconf 79' lang='lat' dir='ltr'><strong>dumnt</strong></span> <span class='ocrx_word' id='word_1_282' title='bbox 1391 3503 1414 3562; x_wconf 84' lang='grc' dir='ltr'><strong>Α</strong></span> <span class='ocrx_word' id='word_1_283' title='bbox 1442 3502 1502 3561; x_wconf 88' lang='lat' dir='ltr'><strong>litte</strong></span> 
     </span>
     <span class='ocr_line' id='line_1_31' title="bbox 205 3600 1539 3681; baseline -0.001 -21"><span class='ocrx_word' id='word_1_284' title='bbox 205 3603 284 3661; x_wconf 91' lang='lat' dir='ltr'><strong>enim</strong></span> <span class='ocrx_word' id='word_1_285' title='bbox 308 3601 553 3678; x_wconf 83' lang='lat' dir='ltr'><strong>retrogradiendo</strong></span> <span class='ocrx_word' id='word_1_286' title='bbox 575 3602 656 3662; x_wconf 88' lang='lat' dir='ltr'><strong>uenit</strong></span> <span class='ocrx_word' id='word_1_287' title='bbox 679 3602 714 3662; x_wconf 91' lang='lat' dir='ltr'><strong>ad</strong></span> <span class='ocrx_word' id='word_1_288' title='bbox 737 3604 869 3671; x_wconf 92' lang='lat' dir='ltr'><strong>initium,</strong></span> <span class='ocrx_word' id='word_1_289' title='bbox 902 3603 988 3661; x_wconf 91' lang='lat' dir='ltr'><strong>sicuti</strong></span> <span class='ocrx_word' id='word_1_290' title='bbox 1012 3600 1123 3661; x_wconf 89' lang='lat' dir='ltr'><strong>lortuas</strong></span> <span class='ocrx_word' id='word_1_291' title='bbox 1145 3600 1306 3662; x_wconf 90' lang='lat' dir='ltr'><strong>uerborum</strong></span> <span class='ocrx_word' id='word_1_292' title='bbox 1330 3619 1347 3660; x_wconf 90' lang='lat' dir='ltr'><strong>a</strong></span> <span class='ocrx_word' id='word_1_293' title='bbox 1368 3601 1539 3681; x_wconf 86' lang='lat' dir='ltr'><strong>periectaso</strong></span> 
     </span>
     <span class='ocr_line' id='line_1_32' title="bbox 205 3701 1502 3782; baseline 0.001 -20"><span class='ocrx_word' id='word_1_294' title='bbox 205 3701 370 3773; x_wconf 87' lang='lat' dir='ltr'><strong>inchoanit‚</strong></span> <span class='ocrx_word' id='word_1_295' title='bbox 394 3711 440 3762; x_wconf 91' lang='lat' dir='ltr'><strong>ut:</strong></span> <span class='ocrx_word' id='word_1_296' title='bbox 469 3701 633 3764; x_wconf 90' lang='lat' dir='ltr'><strong>luhilate</strong></span> <span class='ocrx_word' id='word_1_297' title='bbox 657 3704 724 3762; x_wconf 91' lang='lat' dir='ltr'><strong>deo</strong></span> <span class='ocrx_word' id='word_1_298' title='bbox 747 3723 776 3767; x_wconf 91' lang='lat' dir='ltr'><strong>o.</strong></span> <span class='ocrx_word' id='word_1_299' title='bbox 800 3712 819 3764; x_wconf 94' lang='lat' dir='ltr'><strong>t.</strong></span> <span class='ocrx_word' id='word_1_300' title='bbox 843 3724 871 3782; x_wconf 93' lang='lat' dir='ltr'><strong>p.</strong></span> <span class='ocrx_word' id='word_1_301' title='bbox 896 3703 924 3762; x_wconf 83' lang='lat' dir='ltr'><strong>u.</strong></span> <span class='ocrx_word' id='word_1_302' title='bbox 949 3720 976 3766; x_wconf 83' lang='lat' dir='ltr'><strong>n,</strong></span> <span class='ocrx_word' id='word_1_303' title='bbox 1000 3722 1025 3761; x_wconf 86' lang='lat' dir='ltr'><strong>a.</strong></span> <span class='ocrx_word' id='word_1_304' title='bbox 1050 3702 1078 3762; x_wconf 92' lang='lat' dir='ltr'><strong>d.</strong></span> <span class='ocrx_word' id='word_1_305' title='bbox 1101 3722 1129 3779; x_wconf 79' lang='lat' dir='ltr'><strong>g.</strong></span> <span class='ocrx_word' id='word_1_306' title='bbox 1153 3702 1172 3763; x_wconf 90' lang='lat' dir='ltr'><strong>l.</strong></span> <span class='ocrx_word' id='word_1_307' title='bbox 1198 3722 1222 3762; x_wconf 91' lang='lat' dir='ltr'><strong>e.</strong></span> <span class='ocrx_word' id='word_1_308' title='bbox 1267 3703 1424 3765; x_wconf 86' lang='lat' dir='ltr'><strong>Distinctio</strong></span> <span class='ocrx_word' id='word_1_309' title='bbox 1447 3711 1502 3773; x_wconf 89' lang='lat' dir='ltr'><strong>est,</strong></span> 
     </span>
     <span class='ocr_line' id='line_1_33' title="bbox 207 3799 1503 3883; baseline 0.002 -21"><span class='ocrx_word' id='word_1_310' title='bbox 207 3805 290 3863; x_wconf 90' lang='lat' dir='ltr'><strong>cuius</strong></span> <span class='ocrx_word' id='word_1_311' title='bbox 311 3799 454 3881; x_wconf 74' lang='lat' dir='ltr'><strong>punctum</strong></span> <span class='ocrx_word' id='word_1_312' title='bbox 478 3802 513 3862; x_wconf 92' lang='lat' dir='ltr'><strong>ad</strong></span> <span class='ocrx_word' id='word_1_313' title='bbox 537 3805 642 3864; x_wconf 83' lang='lat' dir='ltr'><strong>faciem</strong></span> <span class='ocrx_word' id='word_1_314' title='bbox 665 3802 796 3872; x_wconf 85' lang='lat' dir='ltr'><strong>litterae,</strong></span> <span class='ocrx_word' id='word_1_315' title='bbox 820 3806 837 3863; x_wconf 91' lang='lat' dir='ltr'><strong>i.</strong></span> <span class='ocrx_word' id='word_1_316' title='bbox 862 3803 897 3863; x_wconf 84' lang='lat' dir='ltr'><strong>atl</strong></span> <span class='ocrx_word' id='word_1_317' title='bbox 921 3804 1119 3864; x_wconf 88' lang='lat' dir='ltr'><strong>summitatem</strong></span> <span class='ocrx_word' id='word_1_318' title='bbox 1147 3805 1294 3883; x_wconf 90' lang='lat' dir='ltr'><strong>ponimus.</strong></span> <span class='ocrx_word' id='word_1_319' title='bbox 1332 3802 1503 3865; x_wconf 90' lang='lat' dir='ltr'><strong>Suhdistin·</strong></span> 
     </span>
     <span class='ocr_line' id='line_1_34' title="bbox 207 3903 1502 3985; baseline -0.001 -19"><span class='ocrx_word' id='word_1_320' title='bbox 207 3906 265 3967; x_wconf 93' lang='lat' dir='ltr'><strong>ctio</strong></span> <span class='ocrx_word' id='word_1_321' title='bbox 289 3904 405 3973; x_wconf 91' lang='lat' dir='ltr'><strong>dicitur,</strong></span> <span class='ocrx_word' id='word_1_322' title='bbox 435 3903 569 3983; x_wconf 86' lang='lat' dir='ltr'><strong>eoquod</strong></span> <span class='ocrx_word' id='word_1_323' title='bbox 599 3904 702 3965; x_wconf 89' lang='lat' dir='ltr'><strong>subtus</strong></span> <span class='ocrx_word' id='word_1_324' title='bbox 724 3905 851 3966; x_wconf 90' lang='lat' dir='ltr'><strong>litteram</strong></span> <span class='ocrx_word' id='word_1_325' title='bbox 874 3916 1002 3985; x_wconf 89' lang='lat' dir='ltr'><strong>punctus</strong></span> <span class='ocrx_word' id='word_1_326' title='bbox 1024 3907 1089 3965; x_wconf 90' lang='lat' dir='ltr'><strong>eius</strong></span> <span class='ocrx_word' id='word_1_327' title='bbox 1112 3907 1240 3982; x_wconf 92' lang='lat' dir='ltr'><strong>ponitur,</strong></span> <span class='ocrx_word' id='word_1_328' title='bbox 1271 3913 1303 3965; x_wconf 90' lang='lat' dir='ltr'><strong>ut</strong></span> <span class='ocrx_word' id='word_1_329' title='bbox 1324 3906 1502 3966; x_wconf 88' lang='lat' dir='ltr'><strong>sententiam</strong></span> 
     </span>
     <span class='ocr_line' id='line_1_35' title="bbox 208 4002 1496 4085; baseline 0.001 -19"><span class='ocrx_word' id='word_1_330' title='bbox 208 4006 368 4084; x_wconf 82' lang='lat' dir='ltr'><strong>distinguat</strong></span> <span class='ocrx_word' id='word_1_331' title='bbox 389 4007 407 4065; x_wconf 89' lang='lat' dir='ltr'><strong>i.</strong></span> <span class='ocrx_word' id='word_1_332' title='bbox 432 4005 545 4066; x_wconf 88' lang='lat' dir='ltr'><strong>diuidat</strong></span> <span class='ocrx_word' id='word_1_333' title='bbox 569 4006 581 4085; x_wconf 56' lang='lat' dir='ltr'><strong>p]</strong></span> <span class='ocrx_word' id='word_1_334' title='bbox 598 4002 660 4067; x_wconf 77' lang='lat'><strong>208</strong></span> <span class='ocrx_word' id='word_1_335' title='bbox 679 4006 690 4045; x_wconf 46' lang='grc' dir='ltr'>Γ</span> <span class='ocrx_word' id='word_1_336' title='bbox 726 4053 1496 4068; x_wconf 90' lang='grc'><strong><em>...................</em></strong></span> 
     </span>
     <span class='ocr_line' id='line_1_36' title="bbox 105 4107 1540 4183; baseline -0.009 -9"><span class='ocrx_word' id='word_1_337' title='bbox 105 4109 283 4183; x_wconf 83' lang='lat' dir='ltr'><strong>aas,1ohlox</strong></span> <span class='ocrx_word' id='word_1_338' title='bbox 307 4107 556 4176; x_wconf 86' lang='lat' dir='ltr'><strong>inlereutluur,</strong></span> <span class='ocrx_word' id='word_1_339' title='bbox 581 4128 617 4169; x_wconf 90' lang='lat' dir='ltr'><strong>ne</strong></span> <span class='ocrx_word' id='word_1_340' title='bbox 641 4109 665 4167; x_wconf 91' lang='lat' dir='ltr'><strong>si</strong></span> <span class='ocrx_word' id='word_1_341' title='bbox 689 4107 738 4167; x_wconf 90' lang='lat' dir='ltr'><strong>din</strong></span> <span class='ocrx_word' id='word_1_342' title='bbox 761 4117 979 4183; x_wconf 87' lang='lat' dir='ltr'><strong>repausaretur,</strong></span> <span class='ocrx_word' id='word_1_343' title='bbox 1004 4107 1151 4168; x_wconf 88' lang='lat' dir='ltr'><strong>distittctio</strong></span> <span class='ocrx_word' id='word_1_344' title='bbox 1174 4126 1239 4168; x_wconf 90' lang='lat' dir='ltr'><strong>csse</strong></span> <span class='ocrx_word' id='word_1_345' title='bbox 1261 4107 1406 4167; x_wconf 86' lang='lat' dir='ltr'><strong>uideatur.</strong></span> <span class='ocrx_word' id='word_1_346' title='bbox 1454 4107 1501 4168; x_wconf 81' lang='lat' dir='ltr'><strong>hd</strong></span> <span class='ocrx_word' id='word_1_347' title='bbox 1515 4122 1540 4161; x_wconf 81' lang='lat' dir='ltr'><strong>at</strong></span> 
     </span>
     <span class='ocr_line' id='line_1_37' title="bbox 207 4208 1500 4288; baseline -0.002 -19"><span class='ocrx_word' id='word_1_348' title='bbox 207 4213 330 4277; x_wconf 91' lang='lat' dir='ltr'><strong>imam,</strong></span> <span class='ocrx_word' id='word_1_349' title='bbox 360 4211 378 4268; x_wconf 90' lang='lat' dir='ltr'><strong>i.</strong></span> <span class='ocrx_word' id='word_1_350' title='bbox 409 4208 443 4269; x_wconf 90' lang='lat' dir='ltr'><strong>ad</strong></span> <span class='ocrx_word' id='word_1_351' title='bbox 474 4209 579 4288; x_wconf 88' lang='lat' dir='ltr'><strong>pedem</strong></span> <span class='ocrx_word' id='word_1_352' title='bbox 608 4209 737 4277; x_wconf 87' lang='lat' dir='ltr'><strong>litterae,</strong></span> <span class='ocrx_word' id='word_1_353' title='bbox 767 4218 812 4268; x_wconf 88' lang='lat' dir='ltr'><strong>ut:</strong></span> <span class='ocrx_word' id='word_1_354' title='bbox 850 4208 1030 4268; x_wconf 84' lang='lat' dir='ltr'><strong>Psalmuut</strong></span> <span class='ocrx_word' id='word_1_355' title='bbox 1068 4208 1188 4269; x_wconf 88' lang='lat' dir='ltr'><strong>dicite</strong></span> <span class='ocrx_word' id='word_1_356' title='bbox 1225 4209 1367 4270; x_wconf 92' lang='lat' dir='ltr'><strong>nomiui</strong></span> <span class='ocrx_word' id='word_1_357' title='bbox 1405 4211 1500 4270; x_wconf 90' lang='lat' dir='ltr'><strong>eius.</strong></span> 
     </span>
     <span class='ocr_line' id='line_1_38' title="bbox 208 4308 1503 4387; baseline -0.001 -15"><span class='ocrx_word' id='word_1_358' title='bbox 208 4311 303 4372; x_wconf 88' lang='lat' dir='ltr'><strong>illedia</strong></span> <span class='ocrx_word' id='word_1_359' title='bbox 326 4311 474 4372; x_wconf 89' lang='lat' dir='ltr'><strong>distinctio</strong></span> <span class='ocrx_word' id='word_1_360' title='bbox 496 4311 621 4382; x_wconf 90' lang='lat' dir='ltr'><strong>dicitur,</strong></span> <span class='ocrx_word' id='word_1_361' title='bbox 645 4313 713 4387; x_wconf 83' lang='lat' dir='ltr'><strong>quia</strong></span> <span class='ocrx_word' id='word_1_362' title='bbox 736 4309 877 4370; x_wconf 87' lang='lat' dir='ltr'><strong>utedietas</strong></span> <span class='ocrx_word' id='word_1_363' title='bbox 900 4328 1006 4371; x_wconf 90' lang='lat' dir='ltr'><strong>sensus</strong></span> <span class='ocrx_word' id='word_1_364' title='bbox 1029 4308 1070 4370; x_wconf 90' lang='lat' dir='ltr'><strong>ibi</strong></span> <span class='ocrx_word' id='word_1_365' title='bbox 1095 4317 1154 4379; x_wconf 92' lang='lat' dir='ltr'><strong>est,</strong></span> <span class='ocrx_word' id='word_1_366' title='bbox 1178 4319 1223 4371; x_wconf 92' lang='lat' dir='ltr'><strong>ut:</strong></span> <span class='ocrx_word' id='word_1_367' title='bbox 1248 4308 1412 4371; x_wconf 92' lang='lat' dir='ltr'><strong>luhilate</strong></span> <span class='ocrx_word' id='word_1_368' title='bbox 1436 4309 1503 4371; x_wconf 88' lang='lat' dir='ltr'><strong>deo</strong></span> 
     </span>
    </p>
   </div>
   <div class='ocr_carea' id='block_1_6' title="bbox 210 4496 436 4506">
    <p class='ocr_par' dir='ltr' id='par_1_10' title="bbox 210 4496 436 4506">
     <span class='ocr_line' id='line_1_39' title="bbox 210 4496 436 4506; baseline -0.009 0"><span class='ocrx_word' id='word_1_369' title='bbox 210 4496 436 4506; x_wconf 74' lang='lat'>——-—-—</span> 
     </span>
    </p>
   </div>
   <div class='ocr_carea' id='block_1_7' title="bbox 208 4610 1505 4882">
    <p class='ocr_par' dir='ltr' id='par_1_11' title="bbox 208 4610 1505 4882">
     <span class='ocr_line' id='line_1_40' title="bbox 276 4610 1503 4679; baseline 0.002 -16"><span class='ocrx_word' id='word_1_370' title='bbox 276 4614 420 4678; x_wconf 60' lang='lat' dir='ltr'><strong>titii-ginis</strong></span> <span class='ocrx_word' id='word_1_371' title='bbox 438 4610 487 4676; x_wconf 90' lang='lat' dir='ltr'><strong>ira]</strong></span> <span class='ocrx_word' id='word_1_372' title='bbox 511 4614 588 4678; x_wconf 75' lang='lat' dir='ltr'><strong>Verp.</strong></span> <span class='ocrx_word' id='word_1_373' title='bbox 607 4616 673 4664; x_wconf 83' lang='lat' dir='ltr'><strong>Aen.</strong></span> <span class='ocrx_word' id='word_1_374' title='bbox 691 4615 724 4665; x_wconf 84' lang='lat'><strong>11</strong></span> <span class='ocrx_word' id='word_1_375' title='bbox 744 4617 796 4665; x_wconf 67' lang='grc'><strong>413</strong></span> <span class='ocrx_word' id='word_1_376' title='bbox 866 4616 882 4664; x_wconf 85' lang='grc'><strong>5</strong></span> <span class='ocrx_word' id='word_1_377' title='bbox 900 4614 1073 4679; x_wconf 84' lang='lat' dir='ltr'><strong>apostrophus</strong></span> <span class='ocrx_word' id='word_1_378' title='bbox 1091 4612 1143 4665; x_wconf 71' lang='lat' dir='ltr'><strong>fini</strong></span> <span class='ocrx_word' id='word_1_379' title='bbox 1228 4616 1260 4664; x_wconf 86' lang='lat'><strong>14</strong></span> <span class='ocrx_word' id='word_1_380' title='bbox 1278 4615 1410 4676; x_wconf 77' lang='lat' dir='ltr'><strong>‘sormam&#39;</strong></span> <span class='ocrx_word' id='word_1_381' title='bbox 1428 4630 1503 4665; x_wconf 83' lang='lat' dir='ltr'><strong>uoco-</strong></span> 
     </span>
     <span class='ocr_line' id='line_1_41' title="bbox 209 4680 1504 4746; baseline -0.001 -14"><span class='ocrx_word' id='word_1_382' title='bbox 209 4683 289 4732; x_wconf 83' lang='lat' dir='ltr'><strong>bulum</strong></span> <span class='ocrx_word' id='word_1_383' title='bbox 306 4683 442 4746; x_wconf 83' lang='lat' dir='ltr'><strong>putredine</strong></span> <span class='ocrx_word' id='word_1_384' title='bbox 461 4683 567 4732; x_wconf 84' lang='lat' dir='ltr'><strong>deletam</strong></span> <span class='ocrx_word' id='word_1_385' title='bbox 585 4690 632 4736; x_wconf 80' lang='lat' dir='ltr'><strong>est.</strong></span> <span class='ocrx_word' id='word_1_386' title='bbox 703 4686 733 4733; x_wconf 82' lang='lat' dir='ltr'><strong>lo</strong></span> <span class='ocrx_word' id='word_1_387' title='bbox 752 4680 828 4746; x_wconf 89' lang='lat' dir='ltr'><strong>sileu]</strong></span> <span class='ocrx_word' id='word_1_388' title='bbox 847 4698 884 4731; x_wconf 86' lang='lat' dir='ltr'><strong>sc.</strong></span> <span class='ocrx_word' id='word_1_389' title='bbox 902 4685 983 4746; x_wconf 79' lang='lat' dir='ltr'><strong>patiere</strong></span> <span class='ocrx_word' id='word_1_390' title='bbox 1063 4686 1096 4733; x_wconf 72' lang='lat'><strong>‘20</strong></span> <span class='ocrx_word' id='word_1_391' title='bbox 1115 4682 1194 4732; x_wconf 86' lang='lat' dir='ltr'><strong>thesis</strong></span> <span class='ocrx_word' id='word_1_392' title='bbox 1213 4682 1281 4746; x_wconf 76' lang='lat' dir='ltr'><strong>greci</strong></span> <span class='ocrx_word' id='word_1_393' title='bbox 1351 4681 1418 4730; x_wconf 89' lang='lat' dir='ltr'><strong>thete</strong></span> <span class='ocrx_word' id='word_1_394' title='bbox 1436 4684 1504 4731; x_wconf 87' lang='lat' dir='ltr'><strong>enim</strong></span> 
     </span>
     <span class='ocr_line' id='line_1_42' title="bbox 209 4748 1505 4816; baseline -0.002 -15"><span class='ocrx_word' id='word_1_395' title='bbox 209 4751 396 4801; x_wconf 66' lang='lat' dir='ltr'><strong>eonsumitur</strong></span> <span class='ocrx_word' id='word_1_396' title='bbox 481 4750 514 4799; x_wconf 76' lang='lat'><strong>‘28</strong></span> <span class='ocrx_word' id='word_1_397' title='bbox 537 4765 677 4809; x_wconf 86' lang='lat' dir='ltr'><strong>surumaru,</strong></span> <span class='ocrx_word' id='word_1_398' title='bbox 700 4767 831 4815; x_wconf 71' lang='lat' dir='ltr'><strong>suprascr.</strong></span> <span class='ocrx_word' id='word_1_399' title='bbox 851 4751 869 4798; x_wconf 93' lang='lat' dir='ltr'><strong>i·</strong></span> <span class='ocrx_word' id='word_1_400' title='bbox 890 4750 1067 4814; x_wconf 82' lang='lat' dir='ltr'><strong>perlectionem</strong></span> <span class='ocrx_word' id='word_1_401' title='bbox 1154 4753 1187 4801; x_wconf 80' lang='lat'><strong>34</strong></span> <span class='ocrx_word' id='word_1_402' title='bbox 1209 4751 1274 4801; x_wconf 80' lang='lat' dir='ltr'><strong>Post</strong></span> <span class='ocrx_word' id='word_1_403' title='bbox 1290 4748 1391 4799; x_wconf 83' lang='lat' dir='ltr'><strong>diuidat</strong></span> <span class='ocrx_word' id='word_1_404' title='bbox 1407 4752 1505 4816; x_wconf 75' lang='lat' dir='ltr'><strong>aliquot</strong></span> 
     </span>
     <span class='ocr_line' id='line_1_43' title="bbox 208 4816 1083 4882; baseline 0 -13"><span class='ocrx_word' id='word_1_405' title='bbox 208 4817 333 4870; x_wconf 79' lang='lat' dir='ltr'><strong>uocabula</strong></span> <span class='ocrx_word' id='word_1_406' title='bbox 350 4826 514 4870; x_wconf 78' lang='lat' dir='ltr'><strong>emouerent.</strong></span> <span class='ocrx_word' id='word_1_407' title='bbox 583 4820 616 4870; x_wconf 80' lang='lat'><strong>35</strong></span> <span class='ocrx_word' id='word_1_408' title='bbox 633 4833 703 4870; x_wconf 85' lang='lat' dir='ltr'><strong>esse.</strong></span> <span class='ocrx_word' id='word_1_409' title='bbox 713 4856 719 4868; x_wconf 94' lang='lat'><strong>.</strong></span> <span class='ocrx_word' id='word_1_410' title='bbox 731 4856 737 4871; x_wconf 89' lang='lat'><strong>.</strong></span> <span class='ocrx_word' id='word_1_411' title='bbox 747 4816 829 4882; x_wconf 64' lang='lat' dir='ltr'><strong>attur]</strong></span> <span class='ocrx_word' id='word_1_412' title='bbox 850 4818 965 4867; x_wconf 87' lang='lat' dir='ltr'><strong>uideatur</strong></span> <span class='ocrx_word' id='word_1_413' title='bbox 982 4819 1083 4869; x_wconf 75' lang='lat' dir='ltr'><strong>restitas·</strong></span> 
     </span>
    </p>
   </div>
   <div class='ocr_carea' id='block_1_8' title="bbox 0 0 1714 5476">
    <p class='ocr_par' dir='ltr' id='par_1_12' title="bbox 0 0 1714 5476">
     <span class='ocr_line' id='line_1_44' title="bbox 0 0 1714 5476; baseline 0 0"><span class='ocrx_word' id='word_1_414' title='bbox 0 0 1714 5476; x_wconf 95' lang='lat' dir='ltr'><strong> </strong></span> 
     </span>
    </p>
   </div>
  </div>
 </body>
</html>
