3382 5476
200 370 266 437 240
595 372 831 425 COMMENTVM
849 372 1095 425 stacionensis

202 564 231 623 in
248 580 265 622 e
281 561 435 631 desinunt,
459 562 483 622 si
507 560 610 623 Latina
634 569 719 631 snut,
743 569 847 622 nentra
871 579 944 621 esse.
990 560 1121 641 Sinapi
1143 560 1237 623 berba
1259 560 1421 621 fortissima
1444 569 1502 621 est

99 664 341 727 aestumat
371 664 470 724 resina
498 663 625 724 arboris.
670 666 803 743 Aptota
830 660 1005 731 incasualia,
1029 680 1049 721 n
1071 663 1151 731 sine,
1180 664 1274 742 ptosis
1296 680 1401 730 33333,
1429 661 1503 723 13313

99 780 149 829 sn,
164 782 188 820 33
202 773 322 845 aptoton
345 766 410 825 sine
432 782 512 826 casu.
536 800 577 809 —
600 763 655 824 1113
678 773 707 824 31
729 763 801 824 13333
824 762 994 843 pumilio,
1018 765 1037 823 i·
1062 782 1158 825 uanus
1180 771 1210 824 et
1232 780 1326 831 usna;
1354 761 1502 843 papilio

47 875 246 931 3333333331
266 885 361 946 genus
385 865 523 926 uolatilis.
570 866 752 925 [lesinens
774 867 800 924 i·
824 865 940 926 liniens.
984 864 1107 926 Cornu
1135 863 1350 925 indeclinabile
1378 866 1409 923 in
1437 864 1499 925 sin·

201 968 313 1046 gulari,
342 968 371 1027 in
391 966 508 1047 ‚plurali
537 985 611 1028 nero
639 966 813 1035 declinatur,
843 983 955 1026 cornua
986 984 1142 1027 cornuum.
1186 966 1308 1045 Antiqui
1336 972 1436 1026 autem
1460 965 1526 1026 itas

202 1069 406 1131 declinabant:
429 1068 486 1129 1333
509 1085 602 1128 cornu
626 1067 715 1128 lanius
737 1069 820 1128 corni
845 1063 967 1149 ll1621l
998 1114 1260 1129 .......

287 1172 328 1232 De
351 1188 486 1230 numero.
532 1171 680 1232 Numerus
708 1168 804 1230 dictus
827 1176 872 1228 cst
894 1187 910 1229 3
933 1167 1119 1229 numerando
1141 1188 1158 1229 a
1180 1169 1421 1247 frequentatione
1443 1186 1500 1229 uu·

203 1291 370 1340 merorum,
399 1268 446 1332 uel
470 1289 485 1331 3
510 1271 647 1332 Numerio
671 1270 726 1330 dea
749 1287 946 1349 paganorum,
975 1287 1051 1348 quac
1080 1272 1175 1330 iertnr
1202 1277 1360 1330 nnmerum
1390 1287 1501 1349 reppe-

201 1377 291 1443 risse,
331 1373 405 1433 Nam
428 1372 507 1433 illius
530 1372 673 1451 templum
698 1372 828 1450 quisquis
852 1372 954 1431 inisset
976 1372 1144 1448 ingressus,
1174 1388 1233 1431 non
1261 1378 1347 1431 antea
1370 1368 1502 1432 audebat

137 1540 142 1547 ,
197 1476 307 1536 laniem
330 1482 527 1543 conuertere,
549 1473 644 1534 donec
667 1471 746 1534 mille
768 1491 873 1552 passus
896 1480 1060 1532 retrorsum
1075 1471 1217 1533 incedens
1233 1478 1415 1532 numeraret.
1448 1470 1499 1533 vu
1514 1488 1537 1527 n

202 1595 344 1638 numerus
366 1577 474 1636 dicitnr
496 1577 582 1654 qnasi
604 1592 792 1635 nummorum
810 1576 903 1634 riuus.
934 1572 1004 1633 Plus
1026 1591 1134 1633 nomen
1158 1560 1203 1633 est
1224 1574 1407 1651 quantitatis,
1430 1572 1501 1634 inde

203 1678 232 1738 bi
262 1688 291 1738 et
318 1679 373 1738 hae
401 1676 502 1757 plures
532 1686 562 1737 ct
589 1677 662 1737 baec
689 1674 789 1754 plura,
822 1675 891 1735 inde
925 1677 1012 1734 etiam
1046 1674 1169 1752 pluralis
1201 1691 1344 1734 numerus
1377 1673 1498 1735 dicitur.

203 1779 305 1840 linaiis
328 1795 469 1839 numerus
491 1776 599 1837 dicitur
622 1796 672 1846 eo,
696 1776 773 1855 qnod
791 1777 865 1836 duos
882 1785 994 1837 tantum
1013 1777 1119 1854 recipit
1141 1792 1295 1843 numeros,
1318 1783 1352 1835 ut
1366 1777 1397 1835 in
1413 1774 1500 1835 ‘duo’

204 1889 233 1942 et
255 1883 285 1939 in
308 1878 431 1946 ‘ambo’,
461 1878 512 1939 sed
535 1878 614 1938 laurac
638 1896 697 1938 nou
720 1879 895 1955 recipimus,
925 1879 1007 1956 qnia,
1036 1879 1086 1956 qui
1114 1874 1348 1954 singularitatem
1372 1877 1500 1948 excedit,

101 2000 152 2048 ars,
166 1983 234 2040 asin
258 1980 427 2060 pluralitate
450 1979 692 2058 deprehenditur.
737 1979 821 2038 ilios
849 1978 958 2040 dicitur
981 1998 996 2037 a
1019 1978 1089 2047 diis,
1119 1997 1154 2037 es
1177 1977 1285 2057 quibus
1306 1981 1427 2040 nomiua
1449 1996 1500 2040 33·
1515 1999 1538 2038 n

203 2090 361 2161 ceperunt,
386 2090 419 2141 ut
441 2080 504 2141 dies
526 2081 617 2148 Solis,
647 2098 736 2159 quem
760 2080 940 2140 dominicum
966 2098 1121 2148 nocemus,
1153 2079 1216 2139 dies
1244 2079 1344 2140 Lunae
1365 2098 1382 2140 3
1406 2080 1499 2150 Luna,

203 2183 268 2244 dies
291 2183 393 2244 blartis
415 2203 430 2242 a
455 2183 560 2250 blarte,
585 2181 648 2241 dies
671 2181 809 2241 Mercurii
833 2201 848 2241 a
872 2182 1034 2250 illercnrio,
1064 2181 1128 2240 dies
1155 2180 1233 2240 louis
1256 2201 1272 2241 a
1295 2181 1380 2241 lonc:
1418 2181 1501 2243 louis

203 2286 311 2346 dicitur
338 2285 423 2361 quasi
451 2284 527 2345 lanis
556 2286 579 2342 i·
610 2284 742 2343 omninm
771 2286 817 2344 nis
840 2292 870 2342 et
892 2283 1043 2343 tortitudo.
1091 2282 1158 2341 Dies
1187 2279 1310 2343 Veneris
1331 2302 1348 2343 3
1370 2283 1500 2351 Venere,

151 2458 156 2469 Ι
203 2387 265 2447 dies
293 2387 411 2447 Saturni
434 2405 450 2445 a
473 2385 615 2454 Saturno,
646 2403 733 2465 quem
762 2384 916 2445 sabbatum
947 2384 1080 2443 dicimus.
1126 2382 1250 2443 Nubes
1272 2382 1381 2445 dicitnr
1403 2403 1420 2444 a
1442 2403 1500 2446 nu·

204 2488 301 2549 bendo
324 2489 344 2546 i·
369 2486 582 2566 cooperiendo,
612 2504 647 2546 eo
675 2485 754 2565 quod
784 2484 896 2545 caelum
926 2487 1111 2564 cooperiunt.
1157 2482 1276 2544 Nubere
1299 2484 1424 2547 dicimus
1447 2505 1537 2546 co-an

203 2592 332 2671 operire,
349 2589 418 2650 inde
435 2590 555 2668 nuptiae
578 2587 726 2661 dicuntur,
750 2589 817 2666 quia
834 2586 874 2647 ibi
890 2588 985 2666 capita
1001 2584 1177 2647 nubentium
1195 2584 1332 2645 flammeo
1348 2587 1497 2647 uelamine

101 2712 150 2760 arc,
164 2712 189 2751 ac
203 2700 351 2769 teguntur,
398 2688 527 2750 Puluis
549 2689 740 2766 singulariter
763 2688 942 2757 declinatur,
968 2687 1036 2747 licet
1059 2686 1236 2748 lloritius
1258 2686 1383 2748 abusiue
1406 2688 1497 2749 dixit:

504 2787 759 2850 Nouendiales
781 2792 951 2868 spargite
973 2787 1165 2868 pulueres.

202 2912 359 2920 .--.---
369 2910 429 2917 ...φ-,ι

270 2974 505 3026 213333331133133
540 2975 608 3039 ptois
660 2974 743 3025 3boc
755 2975 853 3024 ethaeo
903 2974 1008 3023 6113133
1020 2971 1099 3038 33331]
1118 2974 1183 3024 Post
1194 2973 1257 3023 boec
1268 2975 1295 3024 itt
1306 2974 1364 3027 cod.
1376 2981 1497 3026 amatae

199 3063 228 3110 p.
240 3047 288 3095 162
300 3048 364 3097 tait:
377 3043 439 3092 haec
451 3042 574 3104 3333311)
592 3056 727 3092 ...orum
742 3045 869 3097 remansit.
886 3043 1021 3108 Remigius,
1031 3043 1114 3108 qualis
1125 3048 1164 3091 cst
1172 3043 1198 3091 in
1207 3043 1264 3092 cod.
1274 3040 1356 3095 Bora.
1367 3044 1420 3093 ³8⁶
1430 3043 1455 3106 s.
1463 3046 1496 3092 25
1554 3087 1563 3097 ,

201 3129 265 3178 seq„
279 3110 513 3173 desolandum·
525 3109 631 3160 331113
651 3110 755 3171 Antiqui
771 3110 806 3158 ita
819 3110 980 3159 declimtbant
994 3111 1053 3159 ‘boc
1067 3123 1147 3158 cornu
1160 3108 1236 3159 liuius
1247 3110 1339 3163 corni’.
1358 3109 1496 3160 131131333-

201 3183 322 3231 nuurum’
334 3178 461 3227 remansit
497 3176 676 3240 8quaalcrtur
686 3192 818 3227 nnmerum
827 3179 972 3243 repperisse
981 3194 1061 3243 333333
1070 3178 1114 3227 113.
1148 3178 1304 3227 lllconnerti
1338 3174 1495 3243 numeraret]

203 3249 236 3298 13
253 3262 346 3313 merga
366 3246 405 3296 nel
418 3260 434 3294 3
446 3243 527 3293 Numa
536 3244 663 3310 Pompilio
681 3261 741 3311 rege
751 3244 933 3307 Romanorum,
952 3255 1011 3295 oute
1024 3258 1100 3308 quem
1109 3245 1159 3308 ipsi
1172 3244 1282 3294 Romani
1293 3254 1414 3311 expertas
1426 3257 1497 3295 erant

204 3315 362 3379 numerandi,
371 3312 518 3378 sedlapillis
527 3314 719 3378 computabant,
730 3314 816 3363 omnia
825 3329 948 3379 prospera
958 3313 1063 3376 quidem
1073 3311 1199 3376 candidis,
1208 3313 1318 3362 aduersa
1330 3327 1392 3364 3333
1406 3314 1496 3379 nigris,

204 3385 270 3433 333313
288 3383 417 3433 Persius
437 3380 504 3444 (Sat.
523 3380 558 3430 II
576 3381 617 3443 ll:
636 3381 728 3439 ‘Hirtia
748 3382 866 3441 Macrine,
884 3383 953 3430 diem
973 3396 1075 3430 numera
1093 3380 1197 3429 meliore
1214 3380 1322 3445 lapillo'‚
1342 3381 1358 3431 i.
1375 3382 1496 3439 candido,

204 3451 242 3502 uel
261 3469 276 3500 a
296 3452 406 3500 riummis
423 3462 530 3499 uocatur
548 3464 678 3509 numerus,
697 3451 756 3512 qnia
775 3450 843 3512 (qni)
861 3451 965 3514 saepius
985 3459 1156 3501 numerantur.
1193 3447 1319 3497 Numerus
1338 3458 1378 3498 est
1395 3463 1495 3498 coacer-

203 3521 272 3569 nntio
292 3521 425 3569 unitatum.
450 3517 593 3582 Singularis
613 3533 733 3567 numerus
752 3533 802 3566 nun
823 3519 926 3583 proprie
938 3517 1037 3573 dicitur,
1056 3515 1116 3578 aquia
1134 3530 1185 3565 non
1198 3526 1297 3565 constat
1314 3530 1345 3563 ex
1383 3516 1494 3569 lancibus:

202 3589 270 3636 sicut
286 3597 370 3635 autern
389 3586 562 3634 nominatiuns
581 3600 631 3634 non
651 3587 755 3650 proprie
772 3586 864 3634 dicitur
880 3600 970 3647 meus,
995 3585 1042 3633 sed
1064 3583 1124 3645 quia
1147 3584 1178 3631 ab
1202 3583 1244 3632 illo
1263 3583 1307 3632 alii
1324 3598 1354 3632 ca
1373 3599 1416 3633 ere
1434 3585 1497 3634 inci-

203 3656 289 3721 piunt,
313 3655 371 3703 13133
393 3668 468 3701 casus
492 3654 597 3712 dicitnr,
620 3664 644 3702 et
661 3653 727 3701 sicut
744 3668 863 3701 tietmarus
883 3667 1002 3701 numerus
1022 3666 1087 3700 uirus
1105 3651 1162 3699 ideo
1181 3651 1273 3700 dicitur
1291 3662 1403 3713 tacitum,
1426 3653 1496 3714 qnod

202 3722 261 3771 1333
280 3723 315 3770 sit
332 3733 356 3770 et
374 3721 447 3784 origo
466 3734 639 3780 numerorum,
656 3721 691 3769 ita
710 3729 734 3768 et
751 3720 890 3784 singularis
908 3735 1028 3769 numerus
1047 3727 1166 3783 uocatur,
1189 3720 1250 3780 quia
1272 3717 1378 3783 pluralis
1397 3721 1496 3769 numeri

203 3802 242 3838 eat
260 3789 341 3852 origo.
428 3789 458 3835 11
477 3800 583 3849 nomen,
600 3802 732 3851 suprascr.
752 3788 791 3837 uel
809 3789 959 3838 adnerbinm
1046 3789 1077 3836 12
1096 3785 1123 3834 bi
1139 3802 1220 3851 supra
1236 3788 1280 3837 113.
1370 3787 1401 3836 tt
1419 3786 1497 3847 lanua,

202 3871 335 3921 suprascr.
354 3856 372 3905 i.
390 3853 491 3903 dualem
560 3855 592 3903 15
610 3855 634 3902 in
653 3854 823 3920 pluralitatem
893 3856 924 3905 18
942 3854 1068 3909 omnium,
1086 3869 1219 3918 mproscr.
1239 3853 1393 3904 uniuersalis
1462 3856 1495 3905 at

204 3923 342 3981 uelamine,
360 3937 491 3986 suprascr.
512 3923 528 3974 i.
548 3920 608 3970 orali
712 3924 744 3971 22
764 3921 872 3987 oratius]
892 3923 978 3988 Epod.
998 3921 1088 3970 XVII
1104 3923 1150 3971 18:
1178 3919 1348 3971 Nouendiales
1366 3921 1496 3988 dissipare

202 3992 331 4058 pulueres.
400 3992 433 4040 23
451 3985 582 4055 pulneres]
602 3989 635 4039 13
652 4005 740 4054 333333
761 3991 924 4039 nouendiales
943 4005 1026 4039 nonus
1044 3990 1100 4038 dies
1113 4001 1160 4051 est,
1173 3990 1311 4051 quia(qui)
1323 3988 1497 4039 celebrabatur

203 4074 270 4110 nono
288 4059 372 4108 311313
391 4058 507 4119 exequiis
525 4068 690 4110 mortuorum.
727 4058 789 4107 Octo
813 4059 879 4106 entim
902 4058 991 4107 diebus
1014 4058 1163 4106 sentiebatur
1181 4071 1275 4121 corpus
1294 4068 1319 4105 et
1336 4057 1496 4119 abluebatur,

204 4143 271 4177 nono
291 4141 351 4176 nero
368 4127 410 4175 die
427 4125 608 4176 incendebatur
625 4137 649 4175 et
666 4127 704 4175 sic
721 4126 939 4191 sepeliebatur.-
952 4124 1065 4189 Sanguis
1077 4126 1169 4174 dicitur
1186 4141 1201 4172 a
1219 4124 1357 4174 sanciendo
1376 4139 1407 4174 33
1425 4127 1496 4188 quod

203 4262 429 4271 mm

272 4364 287 4414 1
306 4362 397 4415 Glossn
415 4364 510 4414 codicis
528 4361 670 4414 1133333313
688 4365 739 4414 386
754 4364 776 4427 s.
796 4360 830 4412 1δ
847 4378 926 4428 marg.
945 4364 1005 4413 sim:
1025 4359 1150 4412 Numerus
1169 4374 1207 4412 est
1224 4363 1350 4413 3331333333
1369 4361 1494 4426 collectio,

202 4431 269 4483 sicut
286 4432 400 4495 quidam,
418 4445 525 4479 aceruus
543 4445 576 4479 ex
593 4431 679 4481 multis
699 4431 837 4480 unitatibus
855 4431 974 4480 collectus
993 4432 1061 4493 (cum
1080 4431 1180 4494 lectus).
1205 4430 1304 4481 Dicitur
1320 4431 1386 4480 enim
1406 4445 1494 4481 nume·

202 4517 247 4551 rus
265 4497 455 4550 enumerando
474 4496 513 4546 uel
532 4512 547 4546 3
566 4494 685 4547 Numerio
703 4498 751 4547 deo
769 4513 942 4564 paganorum,
965 4514 1030 4560 quae
1051 4498 1131 4549 lertnr
1153 4513 1284 4549 numerum
1304 4499 1436 4549 inuenisse
1453 4498 1494 4548 uel

203 4567 319 4618 nNnnta
336 4565 462 4631 Pompilio
480 4564 604 4630 (ponp),
628 4567 670 4628 qni
693 4565 741 4615 luit
762 4578 851 4616 auctor
869 4567 1029 4616 numerandi:
1056 4568 1154 4630 antiqui
1179 4567 1319 4617 nescientes
1349 4581 1493 4630 numerare,

202 4636 296 4702 lapillis
314 4636 400 4685 omnia
417 4634 601 4698 conponantur,
620 4634 646 4681 in
664 4634 818 4684 aduersitate
836 4635 931 4700 nigris,
956 4635 981 4683 in
1001 4637 1170 4700 prosperitate
1187 4634 1318 4698 candidis,
1337 4634 1492 4684 33313133-

203 4705 285 4757 sius:
304 4704 396 4766 ‘iluna
417 4701 535 4762 Macrine,
552 4699 618 4749 diem
638 4716 741 4750 numera
760 4702 863 4751 meliore
880 4701 987 4767 lapillo.’
1079 4705 1111 4752 22
1131 4704 1221 4754 Glossa
1238 4704 1334 4754 codicis
1352 4701 1493 4753 Bernenst't

201 4771 222 4833 s.
242 4769 275 4820 ⁴¹³
293 4788 372 4837 marg.
389 4771 449 4821 3133
478 4767 547 4818 Ciuis
566 4769 654 4817 iterum
673 4770 803 4834 singulare
820 4781 871 4830 est,
891 4770 1008 4833 quamuis
1026 4770 1126 4836 legatur
1143 4772 1169 4820 iu
1188 4772 1281 4821 oratio:
1309 4768 1491 4820 ‘Nouendiales

202 4839 321 4890 cineres’.
