3382 5476
254 361 357 411 culm
640 349 707 405 ‘DE
726 347 876 400 ISIDORO
897 348 1150 400 GRAMMATICO.

255 555 340 607 uum,
368 545 401 597 ut
430 536 559 597 ‘amandi
589 535 714 596 amando
742 536 899 598 amandum
928 546 1057 598 amatum
1087 543 1209 602 amatu’,
1238 542 1267 594 et
1292 534 1361 596 irleo
1383 535 1548 597 Phoenices

255 636 395 700 dixerunt
417 636 478 699 llll.

340 842 352 926 ql
370 845 389 904 l.
406 840 475 924 9¹³1!
499 843 533 902 Vt
561 841 731 904 isidorus
759 842 845 905 dicit:
875 842 1046 921 Cognomeu
1075 845 1157 921 quasi
1189 842 1321 905 naturale
1352 860 1459 903 nomen
1488 853 1547 909 cst:

254 945 292 1007 ab
322 944 443 1006 infantia
472 947 552 1005 enirn
581 944 688 1022 aliquis
716 946 825 1024 accipit
847 944 934 1012 illuc,
965 945 1059 1024 quod,
1088 947 1114 1005 si
1137 944 1201 1005 aliis
1223 943 1383 1024 speciebus
1404 947 1547 1015 caruerit,

252 1065 413 1127 numquam
437 1055 534 1107 tamen
560 1048 739 1124 cognomino
762 1045 884 1107 carebit
1560 1060 1573 1099 o

339 1247 353 1333 ll
369 1251 389 1315 l.
408 1247 466 1311 10·
482 1247 494 1331 ΙΙ
510 1249 587 1321 Quot
609 1248 706 1312 modis
729 1251 875 1330 accipitur
898 1251 1063 1329 agnomen?
1107 1250 1218 1312 Tribus
1247 1253 1358 1321 modis.
1388 1250 1426 1323 ab
1448 1254 1548 1313 auimo

253 1372 269 1414 a
293 1370 418 1432 corpore
442 1354 637 1423 extrinsecus,
660 1350 779 1413 additur
801 1354 886 1432 quasi
909 1351 1056 1413 accidens.
1097 1351 1130 1414 Vt
1152 1352 1322 1415 lsidorus
1343 1353 1428 1414 dicit:
1451 1355 1549 1433 Agno-

253 1472 322 1515 meu
356 1473 429 1515 uero
464 1456 548 1533 quasi
576 1453 716 1516 accidens
750 1471 873 1522 nomen,
907 1462 938 1514 ut
967 1451 1137 1523 ‘Creticus’‚
1174 1459 1243 1535 quia
1272 1455 1389 1517 Cretarn
1416 1454 1545 1534 subegit.

253 1555 363 1618 l'ribus
391 1575 463 1618 uero
492 1555 711 1636 principalibus
739 1555 834 1618 modis
857 1558 1015 1634 recipitur,
1038 1555 1075 1616 ab
1102 1559 1219 1626 animo,
1245 1566 1277 1617 ut
1299 1556 1448 1620 ‘achates’
1470 1557 1547 1618 idest

255 1661 475 1738 magnauiurus;
497 1678 513 1720 a
535 1677 678 1738 corpore,
702 1669 735 1719 ut
748 1657 915 1720 ‘Excelsus'
937 1667 988 1719 aut
1004 1657 1154 1729 ‘Arduus’,
1177 1658 1254 1719 idest
1275 1659 1408 1732 †clclos;
1433 1661 1586 1721 eruin-1⁰

258 1780 345 1822 secus
367 1771 399 1823 ut
421 1761 535 1822 ‘Diues’
559 1760 709 1841 ‘Pauper'.

338 1962 352 2048 ll
369 1966 388 2026 l.
407 1962 466 2025 12²
482 1963 493 2047 ΙΙ
510 1965 688 2034 Sciendum,
712 1973 811 2025 utrum
836 1966 955 2025 uomina
980 1972 1194 2045 conparantur,
1219 1983 1255 2025 an
1279 1974 1448 2035 creaturae,
1471 1983 1545 2046 quae

252 2068 493 2130 demonstrantur
516 2085 569 2146 per
592 2067 730 2128 nomina?
767 2067 838 2127 Sine
855 2065 944 2127 dubio
960 2076 1113 2127 creaturae
1130 2075 1329 2144 conparantur
1344 2086 1399 2147 per
1416 2069 1544 2144 nomina,

252 2179 283 2231 ut
305 2170 476 2231 lsirlorus
506 2168 592 2230 dicit:
622 2169 800 2248 Conparatio
823 2176 868 2229 est
890 2187 996 2229 nonren
1021 2170 1128 2229 urentis
1150 2171 1341 2249 conparantis
1362 2169 1547 2250 praecellens

252 2273 282 2331 iu
306 2275 465 2341 creaturis,
489 2290 544 2333 uec
567 2273 703 2341 uomina,
727 2270 778 2332 scel
802 2277 955 2332 creaturas
977 2289 1030 2350 per
1052 2272 1172 2331 nomina
1195 2288 1403 2351 conparamus.
1558 2283 1584 2324 1⁵

337 2473 350 2559 11
365 2477 385 2538 l.
405 2472 464 2537 12b
480 2474 491 2558 ΙΙ
514 2476 616 2538 Vtrum
639 2484 838 2556 conparantur
861 2477 961 2536 omnia
985 2477 1105 2537 uomina
1133 2476 1279 2556 qualitatis
1302 2487 1332 2538 et
1355 2477 1548 2558 quantitatis?

250 2578 330 2650 Nou,
353 2587 385 2640 ut
406 2579 577 2641 isidorus
600 2579 682 2640 dicit:
706 2579 771 2640 Nou
794 2579 892 2638 omnia
917 2580 1035 2639 nomina
1058 2577 1209 2658 qualitatis
1231 2588 1260 2638 et
1282 2579 1454 2658 quantitatis
1474 2597 1545 2641 con·

252 2692 404 2761 parantur,
428 2682 480 2742 secl
504 2674 581 2761 quae*
602 2688 813 2761 conparantur,
838 2677 1008 2757 qualitatem
1032 2688 1081 2740 aut
1103 2681 1297 2760 quantitatem
1321 2669 1495 2758 signillc'ant.

336 2883 489 2967 llf·15⁸l
512 2884 593 2946 Vnde
623 2894 652 2945 et
680 2902 766 2947 casus
794 2903 810 2944 a
839 2882 971 2945 cadendo
1004 2883 1158 2954 dicuntur,
1194 2894 1226 2946 ut
1255 2885 1424 2947 lsldorus
1456 2885 1543 2948 dicit:

251 2986 340 3048 Casus
373 2987 459 3047 llexio
492 3006 545 3067 per
576 2987 675 3047 uarias
702 2984 858 3064 qualitates
887 2984 1057 3047 uominaurli
1085 2987 1220 3067 corporis
1248 2985 1294 3048 uel
1323 2990 1384 3057 rei,
1420 2987 1498 3049 unde
1527 2997 1584 3050 a²⁰

251 3088 385 3152 cadendo
413 3107 497 3150 casus
525 3088 594 3148 ‹licti
623 3094 706 3159 sunt,
742 3085 790 3148 uel
819 3086 898 3166 quod
926 3089 1156 3169 unumquodque
1185 3108 1291 3150 nomen
1321 3088 1399 3151 cadit
1426 3089 1464 3151 de
1491 3108 1545 3150 suo

249 3199 329 3253 statu
352 3194 384 3252 in
407 3190 534 3252 alterum
557 3198 681 3259 statum,
705 3189 798 3250 ueluti
822 3198 867 3250 est
889 3190 1006 3252 ‘doctus
1027 3188 1129 3252 docti’.

317 3433 331 3481 1
355 3387 421 3480 'lilla
472 3425 606 3495 phenices]
625 3428 659 3490 cf.
677 3429 733 3478 cod.
753 3426 833 3478 Bern.
854 3430 906 3478 123
922 3429 944 3490 f.
964 3427 1010 3478 7⁵:
1047 3427 1113 3488 Quid
1134 3427 1194 3478 lecit
1215 3427 1357 3479 Donatus
1375 3430 1407 3478 cle
1425 3441 1546 3494 quattuor

249 3499 365 3564 partibus
383 3513 448 3561 quas
466 3492 622 3547 addiderunt
635 3496 771 3562 phenices?
807 3496 947 3545 Articulum
965 3497 1065 3546 iuncxit
1081 3497 1239 3562 pronomini,
1258 3499 1318 3560 quia
1336 3511 1476 3563 pronomen
1495 3510 1544 3556 est,

249 3566 438 3632 inpersouulem
456 3568 554 3616 iuncxit
572 3565 663 3623 inorbo,
686 3565 747 3627 quia
765 3574 848 3614 actum
872 3563 1018 3629 significant
1040 3565 1213 3630 inpersonalin
1232 3566 1323 3623 uerba,
1348 3565 1501 3616 influitluum
1520 3576 1545 3616 et

250 3634 356 3701 gerendi
373 3635 478 3684 modum
498 3634 554 3683 ideo
574 3633 651 3683 uerbo
669 3632 779 3692 iuncxit,
798 3632 867 3695 quod
880 3633 1006 3682 actionem
1024 3642 1049 3683 et
1066 3634 1214 3699 passionem
1233 3634 1327 3683 habeut
1344 3643 1369 3683 et
1386 3643 1502 3700 ternpore
1520 3644 1545 3684 et

250 3737 341 3786 modos
427 3738 573 3798 liuuquam
642 3734 720 3797 oqui
737 3745 831 3784 cretam
911 3738 943 3785 10
960 3722 1147 3800 magnanimus
1207 3703 1323 3786 l'slcetsus
1341 3742 1380 3784 ⁸ut
1441 3736 1473 3786 14
1491 3737 1544 3800 isy-

249 3801 340 3871 durus]
362 3804 444 3855 Extat
463 3807 488 3854 in
505 3812 564 3854 crte
581 3819 706 3866 nnonpmo
725 3803 852 3855 Beruensr'
868 3805 926 3853 eorl.
946 3806 1007 3866 123,
1025 3820 1051 3868 p.
1071 3807 1116 3867 7⁶,
1136 3805 1168 3878 1(
1185 3806 1253 3853 nullo
1270 3805 1360 3855 addito
1378 3805 1476 3855 aoniae

250 3923 454 3988 praecellentiam
472 3940 518 3973 ors
535 3939 659 3988 anonyma
730 3924 761 3971 19
779 3921 899 3985 ispdorus
968 3923 1096 3972 occasus
1116 3879 1211 3987 llecllq
1229 3939 1298 3975 corr.
1317 3938 1348 3976 m.
1367 3922 1401 3972 11
1468 3924 1498 3973 at
1519 3935 1544 3971 et

248 3989 266 4054 ιῙ
285 3992 485 4056 unumquodque

334 4163 391 4224 liis
411 4164 512 4224 oddus
533 4161 612 4223 artis
633 4179 802 4238 anonymae
824 4158 989 4221 Bencensr‘s
1010 4164 1090 4221 locos
1112 4164 1227 4236 aliquot
1242 4179 1277 4238 p.
1295 4152 1343 4241 825
1360 4170 1395 4233 2;
1419 4168 1469 4232 86,
1487 4169 1543 4232 27,-

252 4272 320 4341 140,
347 4273 396 4327 aa.
