3382 5476
193 377 327 425 Lxxxv1
593 361 662 414 Ans
680 361 858 414 ANONYMA
875 360 1087 413 BERNENSIS.

192 554 309 612 initium
342 553 492 627 capimus,
525 554 612 612 cuius
643 552 727 610 locus
757 551 941 625 praeclarus
969 551 1006 609 de
1028 549 1258 625 pronominibus
1282 551 1375 621 finitis
1402 557 1490 609 estat

187 672 221 729 p.
248 661 311 722 135,
338 661 439 727 t—-S,
475 671 533 729 quo
561 655 657 713 medio
680 655 768 727 nicasi
788 654 850 712 sole
870 651 1033 727 superfuso
1061 653 1214 711 illustrari
1239 652 1337 724 uides,
1369 667 1488 727 quuea

195 757 336 816 Cledonio
353 773 387 831 p.
403 764 452 833 50,
469 759 535 817 81(
555 773 614 816 nan
637 758 697 815 nisi
716 757 844 815 strictim
866 757 1056 828 sipnificnto,
1080 754 1258 832 aPompeio
1280 771 1353 814 uero
1373 770 1405 829 p.
1423 760 1488 830 201,

193 861 265 920 5K
284 861 359 919 satis
386 859 508 918 obscure
534 867 683 918 enarrata
709 864 793 929 sunt,
826 864 857 916 ut
885 859 959 931 quid
986 856 1103 917 Plinius
1130 859 1193 931 ipse
1220 857 1377 929 uoluisset,
1408 863 1490 915 recte

190 961 327 1034 intellepi
356 963 502 1035 neptriret.
558 959 747 1020 Venerabilis
777 974 872 1034 porro
908 960 1065 1019 Aurelii
1101 957 1220 1034 Opilii
1254 960 1314 1019 uel
1350 956 1491 1033 Opillii

192 1065 360 1124 auctoritas
380 1069 424 1121 est
440 1080 475 1137 p.
503 1068 549 1131 75,
572 1062 612 1119 it
636 1062 872 1136 participiorum
899 1067 928 1120 et
952 1063 1104 1120 nominum
1132 1062 1262 1120 eiusdem
1289 1062 1373 1120 uocis
1400 1061 1488 1136 diffe-

194 1167 324 1225 rentiam
348 1165 499 1232 docentis,
523 1179 609 1238 quem
626 1170 755 1238 praeter
772 1163 940 1222 Varronem
959 1163 1084 1222 Gellium
1107 1162 1275 1222 Citarisium
1299 1147 1498 1222 Prisciaaum'

192 1285 211 1326 a
230 1269 431 1343 posteriorum
454 1272 620 1342 temporum
641 1268 852 1340 arammaticis
873 1265 1039 1324 adbibitum
1058 1263 1156 1336 fuisse
1176 1266 1290 1324 nullum
1310 1281 1357 1323 me
1370 1266 1492 1324 memini

191 1373 288 1430 locum
315 1371 470 1442 inuenire,
503 1370 562 1428 nisi
587 1383 665 1441 quac
691 1383 731 1426 ex
752 1368 859 1426 codice
887 1367 1031 1426 Vossiono
1054 1373 1091 1425 37
1113 1383 1193 1427 saec.
1216 1368 1248 1426 X
1274 1368 1426 1442 excerpsit
1448 1367 1487 1426 H.

192 1473 310 1531 Keilius
330 1486 458 1545 pramm.
481 1470 549 1530 Lat.
581 1471 658 1543 Vp.
683 1473 750 1539 328,
776 1474 804 1527 3.

767 1717 847 1782 Can.
870 1716 915 1781 ΙΙ.

348 1838 407 1903 DE
430 1837 552 1903 LOCIS
575 1835 831 1912 QVIBVSDAM
855 1835 1032 1900 CLAVDII
1056 1836 1336 1904 SAOERDOTIS.

279 1980 346 2039 lam
375 1981 413 2038 dc
438 1981 513 2038 locis
541 1977 716 2052 qrtibusdam
740 1976 861 2036 Claudii
881 1977 1055 2037 Sacerdotis
1076 1979 1160 2038 nobis
1188 1979 1402 2054 disputandam
1430 1989 1484 2054 est,

192 2100 277 2158 quem
304 2084 404 2142 uirum
432 2083 463 2140 in
485 2088 552 2138 arte
573 2096 724 2157 anonyma
747 2079 899 2138 Beruensi
918 2081 1075 2154 perinquies
1096 2083 1159 2140 solo
1187 2081 1340 2140 ‘Claudii’
1370 2085 1489 2142 nomine

188 2185 365 2260 praeposito
387 2184 545 2242 laudatum
567 2197 678 2241 reuera
695 2195 756 2257 pro
770 2181 898 2240 Claudio
913 2180 1080 2242 Sacerdote
1099 2185 1299 2256 prammatico
1313 2182 1491 2244 Dositbcuni

191 2287 265 2346 libri
283 2285 499 2361 paradipmate
516 2281 638 2355 famoso
660 2283 827 2342 babendum
850 2300 928 2356 esse,
960 2285 1045 2343 cuius
1072 2285 1218 2344 librorum
1247 2285 1373 2345 duorum
1391 2285 1490 2360 frap—

193 2395 321 2448 menlum
345 2388 383 2445 ab
398 2386 563 2446 editoribus
580 2383 856 2445 Vindobonensnbus
877 2402 918 2444 eu
939 2385 1042 2445 codice
1064 2394 1177 2445 uetusto
1198 2386 1342 2447 Bobiensi
1354 2389 1489 2462 primum

188 2491 308 2566 publici
333 2491 409 2549 iuris
432 2489 552 2562 suctum
581 2495 638 2560 est,
668 2477 708 2546 en
736 2489 773 2546 ils
801 2485 946 2560 efficitur,
977 2504 1055 2561 puae
1083 2488 1120 2545 de
1147 2489 1316 2548 nominibus
1342 2507 1360 2549 c
1387 2491 1490 2549 littera

194 2591 362 2653 terminatis
384 2598 475 2666 alque
496 2590 534 2649 de
555 2593 621 2665 ipso
644 2590 716 2649 ‘loc’
740 2590 889 2649 uocabulo
911 2591 950 2648 ab
971 2596 1096 2664 utroque
1117 2590 1271 2664 disputata
1292 2599 1375 2650 sunt:

194 2732 248 2790 Ars
280 2745 427 2807 anonyma
457 2725 617 2786 Bernensis
639 2744 668 2804 p.
694 2722 769 2793 120,
792 2721 826 2784 3:
1008 2728 1061 2786 An.
1080 2724 1204 2786 Vindob.
1228 2743 1255 2802 p.
1278 2722 1334 2785 47:

237 2847 270 2906 ln
294 2865 310 2906 a
333 2864 425 2905 unum
449 2862 556 2905 nomen
585 2853 722 2903 netttrum
745 2845 828 2903 inue-
899 2843 1039 2904 Clittera
1063 2862 1153 2904 unum
1178 2863 1285 2904 nomen
1310 2846 1408 2924 reperi
1430 2853 1490 2904 ter·

195 2951 286 3018 nitur,
304 2956 336 3008 ut
351 2945 396 3006 lan
411 2945 503 3006 lactis.
528 2943 682 3005 claudius:
706 2963 722 3004 c
738 2962 828 3004 unum
857 2946 999 3006 minatum
1015 2949 1133 3024 generis
1149 2948 1262 3014 nentri,
1279 2945 1491 3008 declinationis

195 3069 304 3112 nomen
342 3057 444 3108 cantra
487 3047 630 3125 regulam*
665 3045 828 3126 euphoniae
856 3049 960 3106 tertiae
988 3050 1012 3107 is
1040 3049 1151 3108 iaciens
1184 3049 1324 3126 genetiuo
1357 3048 1412 3108 hoc
1444 3048 1489 3109 lac

196 3171 285 3212 cansa
308 3150 512 3219 terminatum,
537 3159 568 3209 ut
583 3148 644 3221 lac,
668 3148 745 3226 ‹pinb
763 3151 827 3225 qui·
856 3148 945 3209 huius
967 3147 1059 3211 lactis.
1105 3149 1226 3211 Plantas
1254 3149 1309 3209 hoc
1339 3148 1414 3211 lacte
1436 3170 1490 3230 po·

196 3254 262 3314 nam
292 3254 381 3314 nimia
411 3252 584 3331 quaestione
614 3258 827 3317 tractanernnt;
856 3253 930 3311 snit:
960 3249 1051 3314 ‘sicut
1073 3252 1147 3313 lacte
1169 3252 1238 3313 lacti
1261 3251 1379 3312 simile?
1417 3252 1490 3323 Oui-

196 3375 263 3416 nam
286 3354 423 3435 plerique
453 3360 634 3433 putauerunt
656 3351 748 3412 ‘lact'
772 3352 923 3429 bicinam
957 3362 1060 3431 putant
1093 3354 1149 3415 bac
1186 3354 1244 3415 lact
1275 3353 1385 3414 debere
1419 3354 1489 3417 dici.

195 3457 308 3519 adiecta
337 3465 355 3515 t.
382 3457 488 3516 Varro:
518 3454 581 3514 ‘lac
603 3472 663 3515 non
686 3437 913 3519 debemuslsed
932 3464 1048 3535 errant3
1072 3455 1187 3518 duabus
1210 3457 1289 3516 enim
1312 3457 1401 3516 malis
1423 3456 1489 3516 nul-

196 3560 312 3627 dicere‚
342 3556 393 3617 sed
421 3556 501 3617 laot'.
547 3557 665 3616 Caesar:
697 3555 828 3617 ‘nullum
856 3556 916 3616 lum
940 3575 1048 3618 nomen
1072 3560 1224 3618 terminari
1247 3567 1353 3638 potest.
1389 3559 1489 3635 Vergi-

196 3680 307 3723 nomen
350 3657 463 3719 duabus
505 3661 595 3719 atatis
631 3661 828 3720 terminaturi
856 3658 929 3720 lius:
967 3660 1030 3720 ‘lac
1058 3660 1129 3719 mihi
1152 3677 1210 3720 non
1234 3667 1345 3721 aestate
1368 3678 1488 3729 nonum,

198 3763 350 3842 Superest.
369 3770 401 3822 ut
416 3779 575 3838 sequamur
591 3761 722 3839 regulam
736 3761 828 3821 Plauti
858 3780 916 3821 non
938 3761 1051 3838 frigore
1067 3762 1160 3822 delit'
1197 3764 1233 3823 Et
1254 3762 1419 3823 declinatur
1434 3781 1489 3823 nu·

199 3875 230 3926 et
251 3865 386 3924 dieamus
408 3862 517 3930 ‘lactn',
542 3880 598 3939 qna
623 3864 829 3923 terminatione
858 3882 940 3923 mern
979 3863 1179 3925 tantummodo
1222 3864 1382 3942 singulari:
1421 3881 1488 3924 nam

197 3968 428 4027 ususestltnto:
460 3965 602 4026 ‘initalia
626 3974 704 4024 atras
727 3984 830 4044 capras
857 3964 935 4041 ‹pnod
969 3965 1089 4026 Plautus
1122 3965 1212 4026 lactes
1247 3969 1348 4043 posuit
1379 3984 1490 4044 genere

198 4069 272 4130 lacte
295 4067 393 4128 album
413 4067 544 4127 habere!
576 4067 633 4126 Sed
654 4085 726 4127 usus
741 3997 1033 4136 ratio-imascnlino,
1071 4086 1195 4128 numero
1227 4066 1350 4146 plurali,
1386 4086 1444 4128 anon
1473 4087 1489 4129 a

198 4130 1039 4247 aaronica,nt‘lae’potiusnicaturinxtulinonsinatino
1068 4170 1124 4229 hoc
1154 4169 1199 4229 lac
1234 4167 1281 4230 uel
1316 4170 1371 4230 hoc
1403 4169 1488 4240 lacte,

197 4272 268 4333 illud
292 4273 436 4332 blavonis:
841 4220 906 4337 ised
925 4271 965 4330 hii
982 4270 1072 4332 lactes
1089 4290 1213 4333 numera
1235 4291 1352 4352 semper
1372 4273 1489 4353 plurali,

240 4375 297 4436 Lac
321 4374 392 4435 mihi
416 4393 474 4434 non
498 4382 606 4432 aestate
630 4391 749 4442 nanum,
770 4348 932 4471 rnonnlSunt
954 4381 1050 4433 aulem
1075 4375 1165 4435 lactes
1188 4375 1280 4454 partis
1302 4377 1436 4454 corporis
1459 4377 1488 4435 in

415 4478 524 4553 frigore
547 4475 626 4534 delit.
841 4474 1003 4571 lintestinis
1024 4478 1247 4556 pinguissimae.

199 4579 234 4638 Et
258 4581 400 4639 remansit
422 4577 470 4637 illa
494 4578 686 4638 conssnctndo.
772 4591 774 4597 “
841 4582 843 4637 Ι

199 4715 315 4774 Nouum
342 4713 440 4789 ipitnr
468 4712 553 4773 arides
581 4713 778 4774 testimonium
808 4712 937 4774 omnium
960 4713 1223 4790 locupletissimorum
1250 4713 1313 4774 iltis
1336 4715 1411 4774 addi
1418 4763 1424 4781 ,
1454 4718 1492 4774 de

199 4815 305 4891 quibus
328 4815 510 4879 liitsclnclr'us
533 4816 603 4877 alim
626 4815 785 4897 (opuscula
808 4818 845 4876 ll
862 4835 894 4891 p.
920 4824 977 4874 330
997 4835 1021 4876 s.
1048 4820 1214 4893 bit—bitti
1239 4816 1424 4892 arsptntnuit,
1446 4818 1489 4890 cs.
