3382 5476
199 269 262 337 100
723 244 984 319 unsuuonratu

401 459 491 533 Quis
512 476 568 521 me
589 459 760 520 miseram
784 465 819 517 et
840 464 875 518 te
896 454 1079 537 perdidit,
1101 452 1234 519 Orietti

199 564 358 627 Vocatinus
386 572 483 625 autem
505 560 530 644 †
551 563 581 623 in
604 561 653 623 dai
676 580 693 621 a
717 580 751 623 ee
780 562 954 622 terminatus
981 561 1149 629 inuenitur,
1177 561 1255 622 sicut
1280 561 1313 623 in
1340 560 1500 626 Sednlio

197 667 320 746 legitur:
368 667 500 744 lignee
536 664 637 743 ligna
674 681 801 743 rogas,
840 661 965 725 surdis
1001 662 1163 724 clamare
1199 662 1356 725 uideris.
1422 663 1498 729 itata

198 771 353 831 uocatiuns
374 769 405 829 iu
428 786 464 829 us
493 768 593 828 linitus
621 767 788 836 inuenitur,
818 767 895 826 sicut
921 766 1188 844 grammaticus
1216 764 1301 826 dicit:
1337 764 1498 829 Veteres

196 870 377 933 dicebaut
404 888 421 930 o
451 868 538 929 deus
565 885 654 928 reus
682 868 781 948 pins,
811 884 875 948 pro
898 886 916 926 a
937 866 1003 927 dee
1031 884 1094 927 ree
1117 866 1185 946 pie.
1228 866 1308 938 Quot
1328 883 1441 946 genera
1462 870 1522 931 iat

197 992 230 1033 er
251 973 449 1033 terminantur
471 972 500 1029 iu
524 968 654 1031 secanda
676 967 894 1030 declinationel
924 969 1019 1030 Vanm
1034 986 1129 1047 genas
1151 976 1265 1029 tantum
1286 967 1495 1033 masculinnm.

197 1074 301 1136 Omnia
326 1076 405 1134 enim
428 1072 548 1132 nomina
571 1071 601 1130 in
625 1088 657 1131 er
679 1072 836 1132 terminata
860 1068 1022 1131 masculina
1044 1077 1127 1140 suut,
1150 1077 1183 1131 nt
1197 1067 1246 1131 bic
1260 1068 1338 1132 liber
1356 1069 1406 1134 bic
1427 1070 1494 1152 pul·

196 1176 269 1237 citer
297 1174 345 1234 bic
373 1192 449 1253 puer
477 1171 639 1233 Menander
666 1170 834 1234 Alexander
856 1169 1031 1251 etreliqua.
1075 1170 1228 1243 Quaedam
1254 1178 1354 1234 autem
1383 1190 1421 1235 ex
1447 1172 1496 1237 bia

197 1275 210 1357 if
235 1278 255 1337 1.
279 1272 337 1337 98·
353 1272 365 1357 11
381 1273 550 1335 nominibus
571 1276 602 1335 iu
625 1292 659 1334 er
680 1273 885 1335 desinentibus
905 1274 937 1333 iu
958 1274 1089 1335 secunda
1112 1270 1310 1335 declinatione
1330 1272 1496 1337 absentant

196 1398 212 1439 e
235 1380 266 1437 iu
288 1375 416 1457 obliquis
439 1374 571 1446 casibus,
600 1385 633 1437 ut
659 1384 745 1437 tener
768 1376 863 1436 teucri
884 1381 988 1435 tenero
1013 1382 1149 1437 teneram
1171 1381 1258 1439 tener
1278 1393 1295 1438 a
1316 1384 1438 1447 tenera,
1461 1382 1531 1441 et„

195 1477 352 1559 pluraliter
374 1479 470 1540 teneri
492 1486 664 1539 tenerorum
692 1478 804 1537 teneris
825 1486 946 1538 teneros
968 1478 1063 1539 teneri
1086 1496 1103 1536 a
1124 1479 1246 1541 teneris.
1290 1477 1341 1539 Sic
1361 1476 1492 1541 declina·

196 1590 245 1642 tur
266 1580 315 1641 hic
337 1598 426 1661 puer,
449 1579 498 1640 bic
520 1596 614 1658 gener
636 1586 666 1639 et
687 1579 784 1639 omnia
813 1580 933 1640 uomina
960 1579 991 1638 ia
1019 1578 1065 1639 ier
1088 1588 1117 1640 et
1138 1579 1167 1639 ia
1190 1596 1245 1656 ger
1272 1582 1409 1643 exeuaba
1437 1580 1492 1643 ob·
1553 1590 1558 1613 '

194 1690 315 1744 seruant
330 1700 347 1742 e
361 1683 392 1742 in
409 1679 538 1762 obliquis
560 1680 693 1749 casibus,
717 1688 750 1741 ut
772 1680 821 1741 bic
843 1680 979 1741 lrnctiler
1001 1679 1124 1759 belliger
1147 1690 1177 1741 et
1198 1690 1308 1743 cetera.
1339 1682 1492 1755 Quaedam

195 1803 268 1845 uera
298 1801 357 1843 nau
386 1782 547 1844 obscrnaat
569 1802 585 1843 e
607 1785 638 1843 iu
667 1781 797 1861 obliquis
824 1781 956 1850 casibus,
985 1788 1018 1843 nt
1044 1799 1128 1843 sacer
1155 1785 1232 1843 sacri
1258 1801 1343 1846 sacro
1371 1802 1491 1847 morunt

195 1904 280 1947 sacer
303 1903 318 1944 a
341 1901 440 1952 sacra,
472 1891 501 1943 et
527 1882 681 1964 pluraliter
709 1884 785 1944 sacri
814 1900 967 1944 sacrarum
996 1884 1089 1944 sacris
1116 1902 1219 1946 sacros
1245 1885 1324 1945 sacri
1346 1903 1362 1946 a
1384 1888 1490 1949 sacris.
1505 1890 1530 1934 ¹⁶

196 1987 245 2048 Sic
268 1986 432 2046 declinatur
456 1985 539 2046 laber
566 1985 658 2055 labri,
688 2003 760 2064 aper
783 1985 862 2063 apri,
891 2002 980 2064 caper
1002 1986 1100 2064 capri,
1130 1988 1492 2065 concamaratum

193 2089 288 2157 socri,
312 2086 476 2147 Alexander
491 2086 665 2156 Alexandri,
689 2085 851 2146 Menander
865 2085 1028 2147 Menandri.
1058 2086 1112 2147 Est
1132 2097 1232 2149 antem
1254 2106 1347 2151 annm
1370 2107 1491 2159 nomen,

194 2188 273 2270 quod
296 2188 406 2249 dicitur
428 2186 513 2258 liber,
537 2188 615 2267 quod
639 2187 712 2248 tinas
735 2188 965 2266 significationes
986 2186 1099 2248 babere
1122 2188 1249 2251 uidetur.
1281 2190 1396 2252 Dicitur
1409 2193 1491 2253 enirn

194 2290 271 2351 iiber
292 2293 454 2368 ingenuus,
478 2290 536 2350 boc
559 2297 603 2350 est
625 2307 640 2349 a
663 2287 815 2359 libertate,
840 2296 870 2349 et
892 2288 1000 2350 dicitur
1021 2289 1098 2351 liber
1120 2290 1261 2353 uolumen
1283 2309 1299 2352 a
1322 2290 1409 2363 libro,
1433 2290 1491 2355 boc

194 2402 240 2454 est
262 2394 372 2453 cortice
400 2392 530 2461 arboris,
560 2394 590 2451 in
614 2409 672 2471 quo
696 2391 823 2471 antiqui,
852 2399 1010 2473 autequam
1039 2393 1159 2453 cbartae
1186 2395 1327 2454 iuuentae
1354 2392 1531 2469 tarsenae

193 2493 329 2555 solebant
350 2492 497 2568 scribere,
521 2501 551 2553 et
572 2492 628 2554 laoc
651 2511 777 2562 nomeu,
802 2491 920 2570 quando
944 2494 980 2554 de
1003 2492 1138 2555 libertate
1166 2493 1288 2565 dicitur,
1311 2493 1492 2559 obseruate

194 2599 225 2656 iu
248 2595 379 2673 obliquis
401 2595 520 2656 casibus
543 2605 573 2655 et
593 2597 636 2655 sic
658 2594 839 2655 declinatur:
868 2592 944 2654 liber
960 2592 1047 2655 liberi
1070 2601 1101 2655 et
1122 2605 1236 2666 cetera;
1259 2595 1377 2676 quaudo
1391 2604 1491 2660 antem

195 2697 232 2758 de
254 2698 406 2759 uolumine
429 2697 545 2766 dicitur,
569 2715 628 2756 raon
653 2695 793 2756 obsernat
814 2714 830 2754 e
850 2696 881 2756 in
905 2695 1034 2776 obliquis
1056 2695 1176 2758 casibus
1198 2706 1227 2758 et
1249 2700 1293 2759 sic
1315 2698 1492 2761 declinatur:

194 2797 271 2860 liber
294 2798 361 2858 libri
386 2806 415 2858 et
437 2805 545 2860 cetera.
565 2850 568 2855 .
591 2796 837 2875 interrogandum
862 2806 906 2858 est
928 2806 1038 2865 autem,
1061 2797 1170 2877 quibus
1192 2799 1290 2862 modis
1311 2800 1491 2863 discernun-

195 2908 243 2962 tur
266 2901 385 2960 noutina
408 2899 556 2960 secundae
579 2896 785 2959 declinationis
807 2905 837 2958 et
859 2899 963 2959 tertiae
988 2899 1190 2961 declinationis
1211 2902 1242 2961 in
1259 2921 1293 2963 er
1307 2901 1530 2965 desinentiai¹⁶

201 3048 293 3063 .....
314 3000 391 3080 apud
416 3001 547 3061 Graecos
569 3007 599 3060 et
621 3007 688 3059 aute
711 3019 761 3059 ras
785 2997 895 3059 babent
917 3004 1050 3081 quiaque
1072 3011 1285 3071 consonantes,
1308 3002 1367 3064 boc
1381 3011 1426 3065 est
1441 3002 1491 3065 cd

195 3119 213 3179 g
235 3120 254 3180 p
276 3109 300 3169 t,
332 3108 363 3161 ut
391 3101 523 3162 Teucras
551 3100 734 3178 Menandros
760 3100 938 3162 Menandros
966 3121 1054 3180 agros
1083 3122 1190 3182 capros
1212 3104 1379 3184 Thymbras
1400 3109 1490 3169 Ante·

195 3211 309 3282 patras;
339 3201 412 3262 baec
435 3201 511 3281 apntl
535 3202 656 3263 Latinos
679 3220 729 3263 ras
750 3204 781 3262 in
805 3222 838 3263 er
860 3212 1039 3266 conuertunt
1061 3215 1090 3265 et
1110 3206 1260 3268 secundae
1282 3206 1491 3269 declinationis

194 3312 271 3364 suut..
317 3303 360 3364 ita
383 3303 498 3365 'l'enmr
520 3303 643 3373 Teucri,
666 3303 829 3365 Menander
851 3304 1015 3374 Menandri,
1039 3304 1205 3368 Alexander
1227 3307 1396 3378 Alexandri,
1418 3326 1492 3388 ager
1547 3364 1553 3373 .

194 3408 272 3484 agri,
296 3424 385 3486 caper
408 3408 505 3486 capri,
528 3405 679 3486 Titymber
702 3404 860 3485 Titymbri,
883 3409 1035 3487 Antipater
1057 3409 1211 3487 Antipatri.
1257 3408 1412 3489 Excipitur
1433 3411 1531 3471 im·⁸⁰

197 3507 280 3568 bros:
310 3507 388 3588 apud
418 3509 548 3569 Graecos
571 3510 614 3569 sic
636 3506 751 3577 dicitur,
782 3509 859 3587 apud
888 3509 1008 3570 Latinos
1031 3517 1128 3570 antem
1152 3509 1257 3581 imber,
1281 3510 1361 3589 quad
1384 3513 1491 3574 tertiae

195 3610 400 3672 declinationis
422 3619 481 3678 est;
505 3611 576 3671 iacit
598 3612 676 3671 enirn
696 3609 792 3670 imber
807 3608 919 3671 imbris.
951 3610 987 3671 Et
1002 3620 1070 3672 sunt
1085 3611 1140 3673 alia
1156 3611 1213 3673 dua
1229 3614 1349 3674 uomina
1364 3613 1490 3683 Graeca,

194 3730 269 3790 quae
292 3710 362 3772 dros
385 3720 415 3772 et
436 3730 505 3790 gros
527 3730 588 3772 nan
603 3713 634 3771 iu
650 3730 693 3782 er,
716 3711 768 3772 sed
784 3713 814 3771 in
832 3732 866 3773 us
882 3719 1062 3774 conuertunt
1076 3713 1153 3791 apud
1168 3714 1299 3784 Latinas,
1323 3723 1357 3776 ttt
1378 3713 1491 3777 Codros

264 3917 276 3962 1
296 3914 415 3963 miseram
434 3912 493 3962 lecit
511 3926 533 3962 tc
584 3916 600 3963 2
620 3925 725 3963 uocatur
742 3925 824 3963 atatem
844 3916 869 3963 iu
888 3914 930 3964 dai
944 3929 959 3963 o
972 3911 1011 3981 ee]
1032 3916 1155 3967 Fortasse
1171 3917 1343 3968 arridendum:
1363 3917 1490 3969 interdum

193 3983 219 4029 iu
235 3997 263 4030 ce
314 3986 330 4033 3
343 3982 437 4031 sordiis
450 3981 558 4044 quedam
572 3997 586 4029 a
599 3997 626 4030 re
638 3977 744 4045 uideris]
758 3982 792 4044 cs.
802 3981 901 4032 Sedulit'
908 3982 950 4034 lid.
962 3983 993 4032 I:
1012 3985 1037 4033 in
1046 4000 1090 4034 eos
1102 3987 1146 4049 qui
1157 3987 1239 4034 lunate
1250 3993 1276 4035 et
1287 3986 1340 4035 alia
1351 3985 1493 4037 buitmdi

193 4051 362 4100 uoluntati
422 4053 562 4100 1ιιοοιιιιιι·
579 4050 604 4098 iu
622 4064 653 4098 as
705 4051 859 4115 gramaticus
911 4050 1014 4112 bquod
1065 4053 1232 4102 8nuuaader
1300 4054 1360 4103 iliu
1379 4053 1492 4104 amande

194 4117 369 4167 inclinationis
440 4120 471 4169 10
490 4129 601 4167 teneram
620 4128 693 4167 tenes
780 4119 810 4166 ll
829 4117 969 4167 declinatus
1056 4120 1088 4169 ta
1106 4119 1287 4170 obseruantia
1373 4122 1406 4171 14
1422 4122 1491 4171 sacri

194 4187 259 4234 sacri
319 4188 350 4236 17
369 4186 502 4235 minander
516 4186 643 4235 miuaadri
713 4185 882 4248 asiagenes
951 4187 985 4236 20
1002 4187 1101 4235 corticis
1119 4187 1219 4247 arbore,
1237 4190 1339 4238 mutella
1355 4189 1491 4240 corboran

190 4253 292 4316 tinibus.
344 4255 450 4317 antiqua
500 4254 586 4304 charte
604 4255 706 4303 iuueute
785 4254 816 4302 21
837 4253 957 4302 obseurat
973 4252 997 4317 e]
1017 4255 1192 4305 obser-nautem
1269 4256 1457 4308 asabsentia

192 4321 351 4370 declinantur
419 4324 452 4372 25
470 4323 496 4370 in
515 4339 542 4370 et·
558 4323 700 4371 desinentia
718 4319 761 4385 ap’
773 4318 875 4386 grecus]
895 4322 964 4371 Ante
982 4322 1051 4388 apud
1069 4320 1177 4373 Graecos
1196 4340 1261 4389 quae
1278 4325 1440 4388 exciderant,
1457 4340 1491 4375 etr

191 4391 326 4439 teotradum
342 4391 466 4440 rationem
484 4392 510 4438 iu
527 4389 688 4455 sequentibus
705 4389 865 4439 absentatum
882 4388 930 4439 boe
944 4390 1003 4451 sere
1020 4391 1094 4441 modo
1111 4393 1228 4455 suppleri
1242 4397 1376 4457 poterunt:
1403 4392 1490 4443 Prima

191 4457 282 4522 regula
300 4467 339 4505 est
356 4459 487 4506 nominum
506 4457 633 4506 sectandae
651 4455 829 4506 declinationis
848 4458 873 4505 ia
892 4472 919 4505 er
941 4459 1102 4522 exeuntium,
1128 4460 1194 4509 idest
1215 4460 1259 4509 illa
1283 4461 1398 4518 nonnus,
1423 4476 1490 4524 qaae

192 4526 216 4573 iu
237 4540 279 4573 ros
298 4535 392 4573 exeatur
408 4525 477 4589 apud
491 4523 601 4574 Graecas
614 4536 660 4574 etc.
730 4525 764 4575 26
776 4522 900 4589 quinque]
912 4524 977 4576 Sunt
987 4542 1081 4577 reuera
1092 4543 1151 4591 aen,
1168 4529 1217 4578 red
1229 4528 1345 4591 fortasse
1356 4528 1371 4577 d
1384 4528 1489 4594 (Thyru-

191 4589 264 4656 broa)
282 4592 424 4641 addendum
442 4597 509 4646 erat.
563 4594 596 4641 27
614 4603 715 4642 teocros
767 4593 917 4642 minandras
969 4595 1075 4645 timbros
1127 4605 1275 4662 attteptttrns
1343 4597 1377 4647 28
1394 4595 1490 4646 latinns

191 4660 225 4709 29
243 4670 327 4708 teocer
343 4661 455 4709 teocrius
505 4659 638 4710 minander
654 4659 781 4711 minandri
832 4663 866 4712 30
883 4661 973 4712 timber
990 4663 1074 4713 timbri
1126 4674 1257 4729 autepater
1274 4664 1401 4729 antepatti
1456 4666 1491 4715 32

193 4727 281 4787 ymber
348 4730 381 4778 33
399 4737 452 4777 tros
503 4727 596 4777 latinos
648 4729 739 4778 cedros
