3382 5476
467 402 552 454 v1rn
571 404 594 453 A
612 403 757 454 FLACCO
776 403 887 455 numo
906 402 1147 456 conscium.
1355 419 1458 467 ccnxt

166 591 300 671 pilleatus
322 594 430 652 meruit
451 591 606 670 subrogari
622 599 652 653 et
667 611 682 652 a
699 592 846 654 Cicerone
866 592 1028 654 ordinatim
1051 601 1167 654 sextum
1189 595 1220 654 in
1242 602 1346 654 senatu
1368 593 1458 653 subiit

166 694 272 754 locum.
323 694 414 771 igitur
441 697 510 773 quia
537 692 670 755 lrabitum
698 695 831 774 corporis
860 696 923 755 eius
952 694 1083 756 breuiter
1114 697 1358 774 perstrinximus,
1387 694 1458 756 libet

167 814 219 875 per
241 794 355 872 singula
378 814 445 857 eum
469 814 562 875 paene
585 794 718 856 membra
740 794 904 874 designare.
949 795 1020 858 Erat
1049 799 1157 877 quippe
1186 803 1296 859 statura
1326 797 1456 876 pusillus,

114 951 117 957 .
167 898 261 977 capite
284 897 411 959 rotundo
433 898 461 959 in
486 897 604 959 modum
629 899 745 959 uesicae
767 901 851 977 porci
873 897 988 979 capillis
1010 899 1168 960 admodum
1183 900 1258 959 rasis
1273 909 1302 960 et
1316 899 1458 960 scabiosis

140 1009 254 1078 eatque
277 998 489 1062 melancholico
519 1001 643 1062 bumore
671 1000 867 1062 madentibus.
911 1001 999 1062 Facie
1027 998 1101 1060 adeo
1129 1002 1255 1070 rustica,
1285 1019 1344 1061 uno
1372 1000 1458 1062 oculo

164 1098 272 1168 luscus,
296 1101 388 1163 altero
411 1101 518 1182 lippus,
542 1101 617 1162 collo
641 1101 744 1182 gracili
760 1110 789 1163 et
804 1120 918 1183 grosso,
942 1101 1072 1163 brachiis
1088 1101 1229 1163 breuibus
1244 1111 1273 1164 et
1289 1104 1457 1175 monacus,

165 1203 291 1281 genibus
314 1203 394 1273 latis,
423 1203 503 1264 tibiis
525 1205 634 1284 oppido
656 1206 749 1265 curtis
770 1213 801 1265 et
822 1205 946 1283 grossis,
976 1202 1102 1283 pedibus
1131 1203 1198 1265 latis
1226 1213 1255 1264 et
1283 1206 1400 1283 spissis,
1429 1214 1458 1266 et

166 1306 234 1384 quid
259 1305 453 1365 morandum?
475 1307 572 1367 omnia
594 1305 768 1367 habitudine
790 1324 880 1367 seruo
896 1305 1067 1367 consimilis.
1113 1306 1168 1366 llic
1185 1305 1353 1367 calaumaco
1369 1316 1459 1386 caput

166 1407 269 1468 ioueus
291 1425 381 1487 super
404 1409 508 1485 queuis
530 1408 643 1469 ratione
672 1405 824 1469 consultus
852 1407 984 1469 breuiter
1011 1410 1108 1469 omnia
1132 1418 1162 1469 et
1183 1407 1342 1470 iuribuude
1365 1408 1457 1489 expli-

128 1508 261 1578 locabat,
285 1510 323 1569 ita
347 1518 378 1570 ut
400 1528 456 1570 nec
477 1509 594 1588 quidem
623 1529 638 1569 a
662 1508 812 1589 discipulis
838 1510 1017 1587 interrogari
1044 1508 1174 1572 auderet
1219 1509 1363 1580 Quocirca
1386 1511 1457 1571 dum

166 1629 254 1690 saepe
277 1611 377 1686 lurore
400 1621 611 1691 perstreperet,
635 1613 745 1691 quippe
767 1614 816 1671 cui
838 1629 944 1674 auaso
967 1610 1136 1672 obscenitas
1158 1610 1306 1672 defluebat
1328 1610 1454 1681 assidua,

166 1720 268 1774 senatu
299 1711 400 1792 pulsus
427 1712 577 1773 cuiusdam
607 1712 766 1774 macellarii
794 1711 938 1774 famulitio
966 1722 1121 1794 susceptus
1148 1723 1201 1774 est.
1252 1711 1338 1774 Plura
1367 1712 1458 1792 pudet

166 1815 286 1874 reterre.
331 1814 410 1875 Obiit
433 1814 498 1875 lllll
519 1813 583 1876 llal.
607 1813 735 1875 lanuarii
757 1823 787 1874 et
808 1815 971 1894 proiectum
995 1824 1040 1876 est
1061 1814 1187 1877 cadauer
1209 1817 1273 1877 eius
1294 1817 1326 1876 in
1348 1815 1456 1876 iussam

166 1934 224 1993 utro
248 1917 398 1997 peregrini
419 1916 665 1994 aggregabautur.

132 2061 156 2098 ¹⁵
254 2051 380 2130 Explicit
400 2052 485 2114 Vle
508 2051 627 2114 bottul
651 2051 788 2114 [lONd'l'l
810 2052 1055 2115 GRAblbld'llGl.

237 2345 247 2389 l
268 2341 377 2473 pileptus
396 2341 528 2390 liudricius
580 2342 711 2407 surrogari
728 2342 862 2393 Fabricius
913 2344 938 2391 iu
958 2354 1047 2393 senatu
1067 2344 1199 2393 Fabricius
1222 2344 1248 2391 iu
1266 2353 1381 2392 senatum
1400 2346 1457 2394 cod.

167 2479 314 2537 ‘tlrabjtunr
333 2479 461 2542 corporis,
483 2480 605 2542 inmurp.
624 2475 684 2543 ep'rs
769 2480 869 2542 3pene
958 2478 1117 2535 lsebiosis,
1141 2479 1262 2543 inararg.
1280 2475 1299 2541 l·
1318 2493 1363 2527 scu
1442 2483 1459 2529 b

168 2596 352 2658 metonomice,
371 2597 518 2660 inrumpi
604 2596 788 2646 ilconsimulis
806 2597 938 2646 Fabricius
1007 2597 1088 2662 capud
1177 2598 1207 2646 te
1230 2555 1357 2661 lamulietio
1427 2598 1458 2647 13

167 2681 237 2730 Obiit
256 2680 314 2729 xlv
333 2681 386 2730 Kal.
406 2682 539 2732 Fabricius
608 2683 640 2732 tu
658 2679 841 2733 nuntiantur
