3382 5476
201 375 295 425 ccxn
498 363 547 413 DE
566 363 718 414 IVLIANO
737 362 933 413 nonantulo
953 361 1195 413 GRAMMATICO

201 552 279 623 Quid
299 553 380 626 quod
400 553 460 624 ille,
485 568 569 626 quem
593 548 799 612 desideramus
813 548 846 611 in
861 549 967 612 codioe
987 552 1146 626 Vaticano,
1169 557 1320 610 tractatus
1340 550 1370 608 in
1385 551 1490 611 codice

198 653 349 712 Beruensi
371 659 424 710 207
444 652 473 724 s.
491 649 546 710 81⁶
558 687 602 696 -
620 659 691 711 101⁰
712 651 831 727 inteper
853 660 993 713 semotam
1014 655 1080 712 est?
1115 651 1177 710 Sed
1191 659 1351 726 antequem
1367 654 1410 710 ud
1423 668 1488 711 eum

196 747 433 829 disquisitionem
456 756 644 822 accedemus,
667 752 731 814 eius
753 752 830 814 ortis
844 762 992 829 excerpto
1004 769 1211 829 proponamus
1232 754 1362 813 omnium
1384 770 1488 813 eurum

195 873 307 930 rerum,
333 874 409 932 quos
430 853 556 916 maioris
576 854 717 916 momenti
737 873 801 915 esse
821 856 971 917 duximus.

598 1093 646 1154 DE
669 1091 855 1154 pauninus
877 1091 1097 1154 uncelenus:

295 1209 306 1294 h
324 1214 342 1273 1.
366 1209 428 1273 81¹J
445 1210 457 1293 ΙΙ
502 1211 603 1272 Partes
625 1211 768 1272 orationis
789 1220 859 1272 sunt
880 1221 947 1271 octo
970 1221 1026 1272 etc,
1071 1211 1144 1272 Octo
1165 1219 1235 1271 suut
1256 1220 1356 1292 partes
1378 1215 1488 1273 oratio-

199 1300 254 1366 nis,
278 1300 341 1356 sine
364 1294 471 1375 quibus
492 1296 624 1376 loquutio
648 1314 792 1357 essenon
815 1305 921 1375 potest.
967 1296 1008 1358 Ex
1036 1296 1081 1356 his
1110 1296 1186 1357 duae
1214 1307 1284 1358 sunt
1310 1296 1489 1377 principales

196 1383 288 1463 partis
310 1382 459 1449 orationis,
484 1400 592 1444 nomen
615 1390 645 1441 et
667 1380 802 1441 uerbum.
847 1381 1020 1457 Quomodo?
1063 1381 1138 1452 Quia
1160 1399 1175 1440 a
1200 1383 1319 1442 nomine
1342 1392 1371 1442 et
1394 1383 1488 1444 uerbo

195 1485 296 1535 omne,
335 1467 413 1547 quod
446 1465 591 1545 loquitur,
636 1465 820 1546 adimpletur.
870 1466 965 1528 Latini
999 1464 1154 1527 articulum
1189 1485 1247 1526 non
1283 1466 1487 1537 adnumerant

196 1554 302 1614 Graeci
323 1553 568 1614 interiectionem.
613 1551 785 1622 Quomodo?
822 1552 927 1612 Graeci
949 1553 980 1611 in
1003 1569 1127 1612 numero
1143 1553 1270 1629 partium
1294 1551 1379 1613 nobis
1402 1567 1514 1613 coac-⁵

195 1647 323 1716 quantur
345 1638 427 1698 etin
455 1634 600 1698 uocabulo
629 1638 806 1715 discrepant.
851 1634 1024 1705 Quomodo?
1068 1638 1118 1698 Sic
1145 1635 1256 1698 hahent
1283 1646 1350 1697 octo
1378 1647 1488 1717 partes,

197 1722 346 1800 quomodo
369 1730 484 1793 ulnus,
508 1722 560 1784 sed
585 1726 615 1782 iu
639 1721 784 1783 uocahulo
807 1722 990 1801 discrepant:
1020 1722 1125 1783 Graeci
1153 1729 1310 1800 segregant
1332 1722 1488 1783 articulum

196 1815 225 1866 et
247 1825 413 1886 pronomen
437 1817 467 1867 et
488 1805 597 1868 habent
620 1806 700 1867 illum
723 1825 813 1885 super
840 1824 872 1866 se
901 1816 1014 1885 partem
1045 1817 1074 1867 et
1100 1809 1226 1884 iungunt
1253 1808 1488 1868 interiectionem

197 1891 341 1953 aduerhio
365 1899 394 1952 et
416 1891 526 1952 hahent
548 1891 626 1952 illam
650 1910 738 1952 unam
761 1900 885 1970 partem.
931 1892 1025 1951 latini
1047 1895 1173 1968 iungunt
1194 1891 1349 1952 articulum
1379 1911 1489 1972 prono·

195 1978 268 2037 mini
291 1986 320 2036 et
343 1976 452 2037 hahent
473 1976 553 2036 illam
577 1994 665 2037 unam
687 1984 817 2056 partem,
841 1986 997 2054 segregant
1026 1977 1263 2037 interiectionem
1286 1978 1322 2038 ah
1345 1976 1489 2037 aduerbio
1504 1989 1529 2028 ¹⁰

196 2069 226 2121 et
248 2060 360 2122 hahent
382 2071 449 2121 octo
471 2071 580 2140 partes,
603 2062 679 2122 sicut
693 2070 724 2122 et
739 2061 852 2121 Graeci.
891 2062 989 2133 Quare
1004 2059 1082 2121 illam
1100 2071 1259 2139 segregant
1273 2062 1310 2122 ab
1326 2062 1488 2123 aduerhio?

196 2144 239 2205 Eu
262 2146 341 2224 quod
371 2164 429 2205 non
459 2164 577 2224 semper
605 2154 746 2226 sequatur
775 2145 907 2206 uerbum.
958 2143 1040 2206 llulti
1067 2145 1182 2226 plures,
1218 2146 1302 2206 multi
1335 2149 1490 2225 pauciores

195 2240 297 2310 partes
324 2232 466 2291 orationis
494 2239 606 2311 putant.
652 2231 824 2302 Quomodo?
868 2230 923 2291 dlii
946 2229 1057 2291 habent
1079 2232 1165 2301 duas,
1195 2230 1242 2291 alii
1265 2233 1411 2310 quinque,
1440 2231 1489 2292 alii

197 2323 274 2387 octo,
298 2316 348 2377 alii
364 2334 491 2384 nouem,
515 2315 563 2376 alii
586 2317 698 2385 decem,
722 2315 770 2375 alii
793 2315 941 2376 undecim.
988 2318 1044 2387 Qui
1069 2316 1178 2376 hahent
1193 2315 1283 2376 duas?
1319 2317 1490 2378 Aristoteles

195 2400 270 2461 duas
293 2401 412 2462 tradidit
434 2408 542 2480 partes,
567 2420 676 2463 nomen
699 2411 728 2461 et
750 2400 885 2462 uerbum.
923 2401 999 2461 lstae
1021 2401 1094 2461 aliae
1115 2401 1262 2481 quomodo
1285 2401 1489 2463 habebantur?
1504 2413 1527 2450 ¹⁵

194 2486 363 2547 Pronumen
386 2486 547 2566 iungebant
570 2488 696 2554 nomini,
721 2506 756 2547 co
779 2487 858 2563 quod
887 2486 1026 2564 iungatur
1053 2486 1181 2548 officium
1210 2487 1353 2556 nominis;
1382 2486 1485 2549 aduer-

131 2566 132 2570 ’
196 2571 277 2631 bium
317 2570 480 2648 iungebant
517 2572 626 2644 uerbo,
671 2591 706 2631 eo
750 2572 827 2650 quod
866 2571 1023 2632 cohaereat
1056 2569 1150 2632 uerbo
1183 2581 1212 2631 et
1244 2572 1488 2649 significationem

192 2658 286 2736 ipsius
311 2656 395 2717 uerhi
424 2664 453 2717 et
481 2657 618 2736 explanet
649 2669 678 2716 et
706 2657 877 2736 adimpleat;
909 2659 1095 2735 participium
1125 2655 1288 2735 iungebant
1315 2659 1427 2718 nomini
1460 2666 1489 2718 et

194 2741 298 2808 uerbo.
323 2761 358 2803 eo
381 2743 459 2822 quod
483 2751 596 2820 partem
620 2744 715 2819 capiat
738 2760 753 2801 a
778 2744 897 2801 nomine
913 2750 941 2800 et
956 2751 1070 2820 portem
1087 2760 1102 2801 a
1118 2740 1226 2808 uerho;
1250 2743 1487 2802 coniunctionem

194 2824 355 2904 iungebant
382 2829 494 2887 nomini
526 2836 555 2886 et
582 2825 690 2892 uerbo,
725 2845 760 2885 eo
788 2826 866 2904 qrrod
900 2824 1046 2886 clausulas
1080 2824 1154 2886 male
1189 2826 1382 2887 cohaerentes
1416 2839 1526 2887 con-2²⁰

196 2912 345 2972 iunctione
368 2929 524 2980 ornemus;
554 2913 801 2990 praepositionem
830 2910 991 2987 iungebant
1019 2913 1131 2971 nomini
1160 2919 1189 2971 et
1212 2911 1320 2979 uerho,
1350 2913 1487 2991 eoquod

194 2995 331 3056 omuibus
353 2994 488 3074 partibus
509 3005 711 3075 praeponatur
741 3006 770 3055 et
797 2995 853 3055 sihi
876 2998 948 3072 ipsi;
976 2998 1212 3056 interiectionem
1239 2995 1402 3074 iungebant
1429 3016 1488 3057 no-

194 3082 267 3141 mini
289 3091 319 3141 et
340 3078 443 3150 uerbo,
467 3099 501 3140 eo
525 3080 603 3158 quod
627 3080 765 3141 omnihus
787 3079 921 3158 partibus
944 3083 1116 3141 interiaceat
1138 3089 1168 3141 et
1189 3083 1252 3141 sine
1274 3082 1345 3161 ipsis
1360 3084 1488 3160 prolerri

194 3183 253 3226 uon
275 3168 376 3245 possit.

278 3250 334 3321 Qui
350 3250 460 3310 habeut
475 3250 623 3329 quinque?
660 3249 758 3310 Stoici.
805 3250 897 3310 Stoici
912 3250 1057 3328 quomodo
1074 3250 1162 3311 dicti?
1205 3250 1248 3312 hh
1270 3259 1333 3312 stoa
1356 3253 1524 3331 porticu?5

192 3335 266 3396 Nam
288 3342 351 3396 stoa
374 3335 495 3404 Graece,
519 3334 622 3396 Latine
645 3337 778 3412 porticus
805 3335 923 3396 dicitur.
968 3336 1030 3396 llos
1059 3345 1123 3397 erat
1151 3344 1223 3414 aput
1249 3334 1425 3416 filosophos,
1442 3347 1487 3397 'ut

193 3421 221 3479 in
245 3438 303 3482 uua
327 3420 441 3500 porticu
464 3430 716 3499 congregarentur
744 3429 774 3481 et
801 3419 841 3480 ihi
870 3421 1057 3500 disputarent
1084 3430 1112 3480 et
1134 3420 1202 3481 iude
1224 3420 1261 3481 ah
1283 3430 1346 3483 stoa
1369 3424 1486 3502 porticu

193 3505 284 3567 Stoici
306 3506 387 3565 uicti,
430 3504 510 3576 Quae
532 3514 601 3565 sunt
628 3507 701 3566 istae
723 3507 873 3585 quinque?
922 3504 1036 3567 Nomen
1059 3505 1185 3567 uerhum
1209 3508 1378 3566 coniunctio
1401 3526 1486 3586 prae-

194 3588 207 3674 ΙΙ
231 3590 250 3651 i.
274 3587 485 3672 82¹11p0sm0
514 3599 543 3649 et
568 3591 744 3653 interiectio.
789 3590 865 3652 lstae
894 3589 967 3651 aliae
996 3592 1145 3669 quomodo
1172 3589 1377 3652 habebantur?
1414 3593 1485 3653 Pro·

193 3694 301 3737 nomen
324 3674 487 3754 iungebant
508 3677 635 3744 nomini,
665 3694 701 3736 eo
725 3677 802 3754 quod
832 3677 970 3754 iungatur
993 3677 1121 3737 officium
1144 3678 1286 3746 nominis,
1310 3675 1485 3738 aduerbimn
1500 3684 1526 3722 ³⁰

192 3760 357 3837 iungebant
378 3759 480 3829 uerho,
506 3761 640 3839 eoquod
665 3761 822 3823 cohaereat
843 3760 945 3822 uerbo.
990 3761 1045 3831 Qui
1074 3760 1187 3822 habent
1208 3763 1293 3823 octo?
1338 3761 1444 3822 Graeci
1460 3774 1489 3822 et

192 3845 298 3906 Latini.
344 3844 402 3906 Sed
426 3845 529 3906 Gracci
553 3847 583 3906 in
607 3864 733 3907 numero
756 3847 883 3925 partium
908 3845 994 3907 nohis
1016 3855 1216 3925 coaequantur
1239 3848 1321 3907 etin
1343 3846 1489 3908 uocabulo

195 3929 373 4010 discrepant.
419 3931 592 4002 Quomodo?
635 3930 708 4001 Quia
732 3932 836 3992 Graeci
857 3940 1014 4008 segregant
1036 3930 1189 3991 articulum
1213 3934 1489 4011 apronomincetc.

194 4017 267 4077 Puta
290 4018 314 4076 si
337 4016 419 4077 dicas
441 4016 554 4076 Graece
576 4016 657 4089 ‘hic',
689 4034 763 4096 quae
791 4033 859 4094 pars
881 4017 1023 4076 orationis
1052 4017 1113 4075 est?
1157 4018 1238 4077 dico:
1267 4015 1407 4079 articulus
1430 4025 1488 4096 est3

194 4104 219 4162 si
243 4101 347 4162 Latine
369 4098 459 4165 dicas.
483 4119 647 4180 pronomen
671 4109 729 4168 est;
759 4103 782 4161 si
806 4100 887 4160 dicas
910 4100 1022 4161 Graece
1046 4103 1118 4167 ‘eu'.
1148 4120 1223 4181 quae
1249 4120 1318 4181 pars
1346 4103 1527 4162 orationis³⁵

196 4189 259 4248 est?
305 4187 398 4248 Dicis:
423 4186 599 4246 aduerhium
624 4194 677 4251 est.
702 4188 726 4246 si
742 4185 845 4245 Latine
861 4185 950 4253 dicas,
976 4202 1050 4261 quae
1066 4203 1135 4263 pars
1150 4189 1293 4247 orationis
1307 4188 1371 4247 est?
1393 4186 1487 4247 dicas:

195 4274 363 4333 interiectio
390 4279 444 4333 est,
490 4271 546 4341 Oui
578 4269 689 4332 hahent
716 4271 842 4331 nouom?
886 4272 1002 4339 Graeci,
1026 4272 1075 4348 qui
1098 4271 1209 4332 habeut
1231 4280 1297 4333 octo
1319 4270 1411 4332 ueluti
1435 4290 1489 4332 nos

267 4527 361 4576 Titulus
379 4527 471 4576 litteris
481 4501 595 4574 'seeretis
612 4528 741 4590 scriptae,
760 4541 864 4591 quoram
882 4527 962 4575 clonia
979 4529 1090 4575 eiusdem
1107 4528 1241 4588 cedicius.
1261 4524 1297 4576 2b
1314 4527 1360 4576 sud
1378 4528 1487 4592 popinae

193 4599 267 4659 linem
285 4602 366 4656 erctut,
386 4598 422 4644 itu
439 4595 587 4643 resoluitur:
607 4595 638 4643 de
656 4595 754 4658 partibs
774 4591 855 4642 oratis]
908 4595 1019 4658 hgrecl,
1038 4612 1138 4659 semper
1183 4607 1336 4698 coaequantd
1376 4598 1488 4660 Serrper

196 4729 224 4762 se
257 4717 312 4764 An:
343 4713 516 4778 superlluarn?
588 4716 617 4762 ll
637 4713 692 4762 illos
730 4715 795 4772 ,14
812 4712 949 4761 aristotelis
1023 4716 1050 4764 i?
1070 4715 1200 4764 cohererot
1274 4672 1409 4779 lssoimfflet
1455 4717 1489 4764 20

196 4792 343 4897 curer-fntes
412 4782 616 4830 coniunctionem
703 4783 736 4831 ‘th
755 4783 852 4846 portien
939 4783 967 4831 31
989 4782 1106 4831 cohereot
1192 4785 1223 4832 ³⁶2
1244 4793 1386 4846 coaequent
1455 4785 1489 4832 34

195 4860 328 4898 ortmuum
