3382 5476
523 394 562 444 m
579 393 662 446 nou.
682 393 954 447 omnnsrsuvn.
1319 388 1382 454 273

93 582 246 659 congelata
271 581 398 640 eflicitur
421 589 451 639 et
472 583 579 641 iterum
602 580 664 641 sole
687 579 895 656 colliquefacta
911 580 991 641 redit
1004 582 1036 641 in
1052 598 1168 659 aquam.
1206 580 1382 640 Concres·
1397 605 1419 645 r·
1433 593 1509 640 ⁴⁰2›⁸

93 700 179 742 cere
202 684 221 740 i.
245 689 438 749 conuertere;
463 690 497 741 et
519 699 560 741 ex
582 682 705 743 eadem
729 701 754 746 s.
777 681 886 760 glacie:
910 681 1070 743 eilluere
1093 700 1118 744 s.
1141 699 1247 761 aquam
1270 683 1289 741 i.
1313 697 1382 761 pro·

93 802 205 844 creare.
250 782 345 843 llura
374 782 474 842 dictu
497 785 517 846 i.
540 782 576 843 ad
600 782 775 853 dicendum:
803 785 952 862 gratius
980 780 1186 843 delectabilius
1207 780 1319 850 lenius:
1344 791 1383 843 ut
1398 797 1509 848 osone

93 901 170 945 cum
193 903 218 947 s.
241 883 316 943 solet
338 885 413 943 lieri.
460 884 791 962 Interrogantibus
814 884 920 945 nobis
947 891 1048 944 utrum
1070 901 1125 944 nos
1147 885 1309 962 quaesierit
1330 883 1382 944 ali·

67 988 172 1063 cquis.
224 983 489 1063 Respondetur
517 1003 541 1048 s,
569 984 606 1045 ab
635 985 734 1064 aliquo
765 985 857 1046 bona
889 984 1040 1047 fortuna
1069 987 1089 1046 i.
1120 984 1216 1047 bonus
1248 994 1524 1050 euentum-*⁰2³⁰

93 1086 172 1147 llura
196 1093 274 1146 esset
297 1085 387 1144 dictio
403 1087 429 1145 si
445 1084 596 1146 diceretur
611 1087 711 1146 ‘nemo
734 1104 788 1146 nos
810 1088 978 1166 quaesiuit'.
1024 1085 1081 1147 Sed
1104 1087 1201 1148 leuius
1224 1087 1383 1166 profertur,

93 1205 160 1248 cum
184 1187 292 1247 dicitur
314 1186 404 1246 ‘bona
427 1188 568 1248 iortuna'.
614 1186 713 1247 Vnde
735 1189 756 1246 i.
779 1204 815 1247 cx
838 1186 893 1248 bac
914 1189 1118 1267 responsione.

178 1287 500 1348 accommodatum
539 1295 694 1367 acceptum
731 1305 906 1367 congruum.
963 1289 1153 1350 Aduersus
1186 1288 1537 1357 stimulumpmnno

94 1388 228 1450 calces.
260 1388 387 1450 ‘Calces’
404 1398 515 1451 tractus
529 1408 629 1450 sermo
645 1408 660 1450 a
678 1387 790 1458 bobus,
814 1391 865 1469 qui
880 1389 1022 1467 stimulati
1046 1389 1202 1451 calcitrant
1220 1397 1254 1469 ¹et
1275 1392 1384 1450 itemm

57 1504 84 1542 ιο
97 1499 278 1569 punguntur.
322 1490 556 1552 Prouerbialitcr
578 1499 674 1551 antem
698 1497 796 1569 potest
817 1490 854 1551 ad
877 1490 1005 1571 aliquem
1029 1489 1172 1552 rebellem
1194 1488 1311 1559 reierri.
1335 1491 1385 1568 qui

94 1589 131 1650 ab
153 1590 252 1670 aliquo
275 1593 445 1672 increpatus
468 1592 602 1653 calcitrat
622 1590 673 1652 sed
697 1594 805 1652 iterum
827 1639 994 1654 .......
1017 1596 1169 1672 pungitur.
1213 1590 1256 1652 Et
1276 1590 1385 1671 lupus

94 1693 130 1751 in
153 1691 166 1749 l
171 1690 290 1752 abula.
336 1693 411 1772 Lupi
441 1700 543 1754 natura
572 1701 632 1762 est,
662 1701 708 1762 ut,
731 1695 757 1753 si
779 1692 931 1754 bominem
954 1693 1079 1762 uiderit,
1109 1686 1266 1772 antequam
1288 1691 1326 1752 ab
1349 1709 1385 1752 eo

95 1791 249 1858 uideatur.
278 1811 382 1853 nocem
411 1793 490 1855 illius
517 1794 647 1856 auferat:
681 1796 725 1856 sic
746 1793 885 1856 homines
907 1793 1016 1855 malum
1040 1795 1077 1855 de
1100 1793 1199 1874 aliquo
1220 1793 1385 1873 loquentes,

94 1896 209 1973 ipsum,
241 1894 278 1954 de
301 1911 359 1971 quo
381 1894 554 1975 loquuntur,
584 1896 609 1954 sl
631 1897 827 1974 superuenire
848 1895 995 1967 uiderint,
1024 1915 1123 1957 sermo
1150 1913 1255 1957 eorum
1278 1894 1385 1964 delicit,

58 2009 83 2048 1⁵
97 2004 126 2055 et
149 2004 218 2055 tunc
242 1998 456 2058 conuenienter
478 1996 535 2057 boc
556 1995 748 2076 prouerbium
772 2005 869 2075 potest
894 1996 952 2058 dici
974 1997 1075 2076 ‘lupus
1096 1998 1126 2058 in
1150 1995 1272 2059 iabula’.
1315 1995 1385 2056 Ho·
1401 2007 1422 2047 t·
1435 1996 1485 2045 ⁴⁰²»
1501 1996 1524 2035 ¹³

94 2095 197 2156 stilis
219 2096 350 2157 irrisio
372 2100 392 2157 i.
414 2117 490 2177 quae
511 2096 548 2158 ab
571 2098 656 2158 boste
678 2097 814 2162 infertur.
859 2099 901 2160 Vt
923 2118 965 2159 en
988 2116 1099 2177 agros
1120 2100 1140 2158 i.
1165 2116 1235 2160 cccc
1255 2116 1384 2177 campos.

94 2196 190 2257 Verba
214 2195 352 2257 Camillae
373 2208 443 2259 sunt
464 2195 634 2260 insultantis
655 2199 772 2260 cuidam
795 2200 1006 2270 Troianorum,
1035 2217 1124 2278 quem
1148 2184 1319 2260 interiecit.¹
1344 2197 1386 2258 Et
1400 2210 1421 2251 t·
1434 2199 1484 2247 ⁴⁰²·
1500 2202 1524 2239 ¹⁴

93 2316 198 2377 quam
220 2316 243 2357 s.
266 2297 455 2378 Hesperiam;
479 2297 579 2359 bello
601 2301 620 2359 i.
643 2317 698 2379 per
715 2299 840 2370 bellnm;
863 2299 1025 2362 Troiane
1047 2303 1177 2381 petisti
1202 2303 1221 2363 i.
1237 2300 1384 2361 inuasisti.
1399 2301 1485 2352 ΜΨ,
1500 2301 1524 2340 ¹⁵

94 2399 313 2478 llesperiam
336 2401 355 2458 i.
379 2400 505 2469 ltaliam;
529 2402 663 2461 metire
686 2403 706 2460 i.
730 2419 881 2471 mensura;
904 2403 1034 2463 iacens
1056 2421 1080 2466 s.
1103 2408 1248 2464 mortuus.
1401 2403 1525 2454 poema

56 2515 82 2555 eo
178 2503 363 2561 astismos
391 2508 449 2562 est
475 2511 605 2580 tropus
633 2501 831 2581 multiplex
854 2505 874 2562 i.
899 2501 1005 2563 multas
1027 2505 1144 2583 species
1166 2500 1293 2570 babens;
1316 2519 1382 2581 pu·
1398 2515 1421 2556 u·
1434 2501 1485 2552 ⁴0²·
1500 2502 1523 2542 1²

95 2610 197 2663 tatur
225 2620 249 2664 s.
279 2619 295 2660 a
324 2601 498 2663 doctoribus
525 2602 637 2662 dictum
669 2620 757 2663 omne
785 2605 812 2663 i·
841 2605 937 2664 omnis
965 2602 1065 2663 dictio.
1118 2604 1255 2664 Faceta
1284 2600 1384 2681 lepida

93 2702 234 2770 iocunda;
259 2702 476 2764 urbanitate
499 2704 518 2762 i.
543 2702 720 2780 eloquentia.
759 2703 869 2765 Vrbani
891 2705 1026 2766 homines
1048 2706 1067 2769 i.
1091 2707 1140 2784 qui
1163 2706 1194 2764 in
1216 2702 1385 2764 ciuitatibus

95 2803 243 2873 habitant,
268 2802 486 2882 eloquentiores
508 2803 604 2865 solent
625 2806 704 2875 lieri,
733 2823 821 2883 quam
850 2808 953 2868 rustici
978 2808 999 2870 i.
1019 2803 1133 2866 uillani.
1176 2804 1249 2866 lude
1276 2802 1383 2864 ‘urba-

95 2906 187 2966 nitas’
211 2923 266 2984 pro
289 2904 458 2983 eloquentia
481 2905 610 2985 ponitur,
633 2908 817 2969 ‘rusticitas’
840 2925 913 2969 uero
937 2925 953 2968 e
976 2914 1078 2968 contra
1105 2924 1161 2987 pro
1184 2904 1383 2985 simplicitate.

56 3007 306 3084 ²⁶Expolitum
335 3005 487 3069 elimatum
520 3017 703 3071 exornatum.
754 3010 796 3069 Vt
823 3018 881 3070 est
907 3006 1002 3071 illud
1031 3027 1055 3070 s.
1085 3007 1263 3086 exemplum.
1314 3005 1537 3078 Quin-⁴⁰²218·¹⁹

96 3107 248 3167 Bauium
276 3125 346 3167 non
374 3108 469 3178 odit,
497 3120 592 3170 amet
618 3116 677 3171 tua
705 3112 870 3172 carmina
898 3109 1023 3171 llaeui.
1070 3110 1177 3171 Bauius
1200 3115 1229 3168 et
1250 3106 1385 3167 llaeuius

96 3205 154 3268 duo
177 3209 298 3286 pessimi
320 3216 427 3287 poetae
448 3211 586 3281 luerunt,
610 3213 661 3288 qui
684 3210 879 3272 detrahebant
900 3210 1038 3288 Virgilio,
1067 3209 1175 3289 quibus
1195 3210 1261 3288 ipsc
1289 3206 1385 3267 tacete

96 3307 226 3369 detrabit
248 3308 363 3368 dicens:
395 3310 463 3388 ‘qni
486 3311 609 3372 Bauium
632 3330 691 3372 non
714 3312 789 3382 odit,
818 3321 897 3373 amet
920 3319 969 3372 tua
993 3311 1123 3372 carmina
1145 3308 1269 3377 llaeni’,
1291 3309 1311 3367 i.
1335 3308 1384 3386 qui

96 3427 155 3470 non
179 3410 241 3470 odit
261 3428 369 3480 unum,
393 3413 433 3471 sit
455 3413 481 3471 ei
503 3429 558 3492 pro
580 3428 689 3491 poena,
713 3418 745 3472 ut
767 3411 870 3490 diligat
891 3409 1011 3471 alterius
1033 3411 1162 3470 carmina
1185 3411 1203 3468 i
1227 3407 1334 3469 llaeuii
1356 3415 1386 3467 et

57 3526 83 3565 ao
97 3510 184 3571 iaciat
206 3518 308 3572 contra
331 3520 467 3575 naturam
490 3513 567 3572 sicut
587 3515 734 3593 sequitur:
759 3519 868 3591 atque
890 3511 984 3572 idem
1007 3513 1028 3570 i.
1051 3530 1080 3570 u.
1104 3528 1130 3570 e.
1153 3527 1192 3569 m.
1216 3508 1247 3569 b.

181 3613 300 3674 blinus
329 3622 437 3674 irotae
465 3615 518 3673 rci
549 3615 567 3673 i.
595 3614 778 3692 incognitae;
807 3630 900 3691 qnae
927 3614 1045 3690 magis
1074 3620 1160 3672 nota
1191 3617 1248 3671 est
1274 3611 1294 3669 i.
1317 3610 1520 3690 pinso-⁴⁰2221

98 3716 231 3793 cognita,
261 3714 380 3793 quando
401 3712 543 3776 uidelicet
565 3714 660 3791 aliqua
683 3731 733 3773 res
761 3731 816 3792 per
843 3731 876 3773 se
904 3714 1053 3791 incognita
1080 3731 1135 3792 per
1163 3709 1385 3773 similitudinem

97 3816 220 3877 alterius
252 3817 296 3876 rei
330 3817 466 3892 cognitae
503 3814 731 3875 demonstratur.
774 3813 876 3875 lcon
914 3814 1028 3877 Graece
1064 3813 1227 3875 similitudo
1264 3812 1523 3874 dictionum

97 3916 236 3977 ‘lconas'
268 3925 365 3976 autem
402 3916 527 3977 dicimus
564 3923 675 3978 statuas
711 3933 849 3995 gypseas:
887 3932 997 3994 gypsus
1025 3933 1098 3976 uero
1121 3922 1165 3976 est
1186 3922 1265 3976 terra
1287 3920 1384 3983 tenax,

57 4025 83 4065 ³⁵
98 4018 176 4079 unde
198 4026 310 4078 statuae
333 4019 416 4078 liunt.
460 4017 521 4078 Vel
545 4035 667 4078 eorum
691 4036 715 4077 s.
738 4016 950 4078 membrorum.
996 4015 1233 4095 Comparatio
1255 4016 1274 4075 i.
1291 4012 1385 4094 quali·
1399 4018 1524 4070 ΝΜ

97 4128 141 4180 tas
163 4128 192 4181 et
214 4120 371 4197 quantitas.
417 4118 458 4177 Vt
479 4137 518 4177 os
539 4109 715 4205 humeros
730 4114 742 4198 ΙΙ
757 4114 820 4178 214
835 4114 847 4199 ΙΙ
863 4118 930 4178 deo
951 4114 1098 4177 similis.
1144 4115 1206 4177 lloc
1228 4114 1265 4176 de
1286 4117 1383 4178 Aenea
1399 4119 1524 4171 emt

96 4223 128 4281 in
150 4220 309 4299 Virgilio
338 4219 461 4296 legitur,
493 4220 543 4295 qui
566 4237 634 4280 cum
657 4220 844 4299 apparuisset
865 4218 986 4288 llidoui,
1016 4223 1080 4279 erat
1100 4214 1206 4278 similis
1228 4216 1294 4277 deo.
1338 4214 1385 4276 Os

95 4324 114 4382 i.
138 4342 192 4402 per
220 4342 254 4382 os
277 4330 307 4381 et
333 4338 387 4399 per
415 4319 566 4380 humeros.
611 4320 668 4381 Per
696 4339 730 4380 os
757 4329 851 4381 totum
882 4336 991 4398 corpus
1018 4316 1158 4398 intellige.
1203 4315 1384 4378 Parabole

97 4425 209 4484 Graece
237 4419 376 4502 parabola
404 4420 507 4481 Latine
529 4422 548 4481 i.
572 4420 745 4482 similitudo.
789 4421 952 4500 llngitus
979 4421 1100 4500 proprie
1130 4420 1217 4481 bouis
1245 4426 1304 4487 est,
1332 4416 1523 4480 sede-⁴⁰22&

57 4523 145 4584 ⁴0lric
168 4524 294 4583 bominis
316 4523 488 4583 translatine
510 4521 582 4582 dixit
609 4523 767 4601 mugitum,
796 4523 864 4600 quia
891 4523 968 4583 sicut
995 4520 1050 4582 bos
1077 4523 1221 4601 mugitum
1250 4519 1314 4588 dat,
1342 4520 1385 4579 sic

164 4781 180 4826 4
200 4789 282 4825 ntrnm
302 4793 347 4841 pro
366 4791 397 4824 un
417 4791 464 4824 nos
535 4779 565 4825 11
584 4776 648 4825 Post
666 4774 779 4824 ‘iterum'
797 4779 893 4842 aliquot
911 4776 1033 4826 uocndula
1050 4780 1215 4825 edocuerunt.
1286 4774 1318 4822 15
1335 4770 1383 4820 dici

95 4860 120 4899 ct
138 4847 214 4911 lupus
283 4847 316 4895 20
333 4846 457 4893 antisuros
527 4845 560 4894 26
578 4844 645 4892 meni
696 4847 804 4903 menius,
821 4847 859 4894 etc
875 4860 974 4910 semper
1030 4845 1063 4894 33
1081 4844 1195 4908 gipseas.
1213 4841 1305 4906 gipsns
1325 4854 1385 4888 uem

121 4939 217 4981 uenus.
233 4947 285 4979 cnr.
298 4937 380 4980 suern.
1151 4926 1183 4976 18
