3382 5476
582 368 621 420 1u
639 369 725 421 nou.
744 368 868 420 ternu
887 367 1067 423 utroneu.
1403 365 1465 432 231

172 556 291 617 omnis
320 563 435 616 terra.
480 555 675 623 Periodos,
706 555 835 617 clausula
860 555 908 617 uel
936 557 1078 616 circuitus
1105 558 1327 636 iuterpretatur.
1373 555 1605 627 ‘Periturae

173 660 252 718 enim
275 659 388 719 Graece
411 661 524 718 circum
548 657 667 724 Latium
691 657 788 717 ‘odos'
812 660 873 717 uia:
902 659 934 718 in
959 677 994 718 eo
1017 658 1096 718 enim
1119 659 1208 717 totius
1230 651 1466 717 sententiae'uel

173 760 314 822 orationis
344 760 439 819 exitus
469 769 498 818 et
526 758 733 819 determinatio
763 765 886 820 constat.
931 758 967 819 Et
989 757 1064 819 bene
1092 759 1234 820 circuitus
1261 757 1308 820 nel
1339 757 1466 819 ambitus
1517 779 1521 784 ·

172 861 289 929 dicitur,
313 878 349 920 eo
372 860 449 939 quod
472 862 635 922 circumeat
657 861 677 918 i.
702 858 820 921 ambeat
841 858 1094 940 amplectaturque
1122 858 1269 920 clausulas
1289 861 1464 921 sententiae.

145 961 301 1024 s‘Colon'
335 961 439 1022 dicunt
470 960 575 1022 Graeci
609 959 791 1030 membmm,
826 960 896 1021 inde
929 961 993 1021 cola
1027 960 1133 1040 plurali
1174 979 1298 1021 numero
1332 960 1464 1021 membra

171 1061 320 1124 dicuntur.
371 1062 558 1123 ‘Commota'
588 1080 661 1122 uero
688 1063 857 1123 incisiones.
909 1061 945 1122 lit
971 1079 1025 1141 per
1052 1061 1139 1122 colon
1168 1063 1264 1123 media
1292 1060 1465 1141 intelligitur

170 1164 333 1232 distinctio,
358 1182 412 1242 per
434 1182 548 1224 comma
571 1162 785 1225 subdistinctio.
830 1163 970 1224 Periodos
986 1182 1059 1224 uero
1074 1163 1294 1224 distinctionem
1309 1164 1463 1241 significat

170 1266 279 1327 Verum
303 1265 366 1325 cola
390 1272 418 1324 et
440 1273 584 1324 commata
606 1265 636 1325 iu
660 1265 810 1324 communi
833 1283 985 1333 sermone,
1009 1266 1028 1324 i.
1046 1266 1074 1324 iu
1099 1284 1186 1344 prosa
1211 1283 1301 1325 tinum
1325 1264 1463 1345 idemque

169 1367 343 1445 significant.
390 1366 465 1426 Sunt
493 1368 570 1425 euim
600 1367 730 1426 eiusdem
754 1365 891 1426 dictionis
913 1374 1026 1445 partes.
1055 1366 1159 1426 sedin
1184 1365 1348 1449 minoribus
1370 1368 1462 1446 parti·

133 1485 158 1524 ro
172 1467 226 1528 bus
248 1467 334 1536 colon
358 1467 498 1533 dicimus,
522 1476 569 1526 ut:
602 1465 777 1528 ‘Sustinetis
799 1469 895 1535 enim,
920 1469 945 1527 si
968 1470 1034 1544 quis
1056 1487 1111 1528 uos
1134 1470 1164 1528 in
1187 1469 1362 1529 seruitutem
1385 1467 1463 1527 redi-

169 1570 247 1646 gitt'
292 1567 383 1629 Colon
412 1577 471 1628 est:
510 1570 547 1627 ‘si
574 1569 640 1647 quis
668 1568 791 1628 deuoret
818 1567 960 1648 †colon’
988 1577 1018 1628 et
1045 1568 1159 1649 reliqua
1188 1586 1282 1645 usque
1309 1569 1345 1629 ad
1374 1570 1463 1630 finem

168 1670 342 1730 sententiae.
381 1669 501 1729 Comma
526 1686 597 1729 nero
620 1679 664 1729 est
687 1670 717 1730 in
741 1668 918 1739 maioribus,
944 1680 988 1731 ut:
1014 1669 1150 1731 ‘iubilate
1173 1671 1228 1731 deo
1251 1671 1348 1730 omnis
1370 1673 1462 1731 terra'
1523 1707 1529 1713 ·

68 1845 71 1851 .
169 1780 198 1831 et
221 1779 319 1831 cetera
342 1788 436 1848 risque
459 1771 494 1831 ad
518 1780 668 1849 peractam
698 1772 883 1832 sententiam.
929 1771 961 1833 ln
989 1774 1123 1833 carmine
1151 1790 1240 1840 uero,
1269 1774 1288 1830 i.
1313 1772 1343 1831 in
1366 1779 1464 1831 metro

168 1870 247 1932 aliud
270 1879 301 1931 et
322 1873 473 1932 diuersum
498 1882 552 1931 est.
598 1873 669 1933 Nam
701 1872 751 1933 ubi
780 1872 838 1933 duo
867 1873 959 1953 pedes
987 1871 1073 1934 liberi
1102 1881 1187 1941 sunt,
1216 1875 1236 1932 i.
1261 1870 1340 1932 nulla
1367 1891 1463 1933 rema·

131 1981 258 2034 iouente
281 1971 407 2052 syllaba,
430 1973 517 2033 colcu
540 1982 599 2041 est;
623 1992 737 2034 comma
761 1993 851 2044 uero,
874 1974 925 2036 ubi
949 1985 1015 2054 post
1037 1975 1112 2036 duos
1133 1973 1224 2053 pedes
1246 1984 1384 2053 superest
1405 1973 1463 2063 syl·

169 2072 248 2143 laba,
283 2092 357 2153 quae
391 2083 505 2154 partem
539 2077 678 2136 terminat
711 2077 863 2136 orationis.
916 2076 1009 2137 Totus
1044 2083 1142 2137 autem
1180 2093 1285 2137 uersus
1321 2074 1463 2155 periodus

168 2174 286 2236 dicitur.

691 2410 753 2494 [oe
776 2411 936 2494 uolnus]

168 2629 181 2714 ll
200 2632 259 2695 151
278 2631 289 2714 ll
320 2634 360 2695 lle
382 2635 614 2712 comparatione.
660 2632 847 2711 Comparatio
876 2631 984 2693 dicitur
1012 2631 1200 2702 assimilatio,
1230 2634 1249 2691 i.
1273 2633 1562 2709 coaequationem

127 2744 203 2796 ³⁰eo
225 2735 304 2812 qnod
332 2733 521 2795 assimilando
549 2752 641 2795 unum
664 2731 750 2793 alteri
771 2732 920 2812 praeierat
943 2741 972 2792 et
993 2733 1030 2793 ab
1053 2752 1103 2799 eo.
1132 2721 1210 2812 quod
1239 2741 1283 2792 est
1308 2750 1460 2811 comparo,

166 2838 185 2895 i.
209 2853 356 2915 coaequo,
381 2836 463 2895 uenit
484 2836 675 2914 comparatio.
721 2832 850 2903 Gradus,
873 2835 891 2894 i.
917 2835 1115 2895 ascensiones.
1160 2834 1364 2902 Positinus,
1387 2832 1460 2893 dici·

167 2945 223 3005 tur,
254 2954 290 2996 eo
318 2936 395 3016 quod
424 2938 538 3013 primns
568 2937 687 3016 ponitur
716 2932 762 2995 uel
792 2934 870 3013 quod
899 2938 937 2995 sit
964 2937 1057 3014 prima
1087 2936 1194 3014 positio
1222 2935 1366 3002 nominis;
1396 2937 1460 2996 siue

165 3039 310 3116 positiuus
331 3037 440 3099 dicitur
461 3039 545 3117 quasi
569 3037 768 3117 depositiuus,
792 3055 828 3096 eo
843 3035 922 3116 qnod
939 3039 1125 3116 reciprocam
1147 3054 1304 3114 personam
1328 3036 1459 3116 deponit,

165 3139 185 3199 i.
209 3139 338 3200 dimittit.
389 3139 453 3200 Non
483 3142 563 3200 euim
592 3147 659 3218 eget
687 3157 772 3206 casu,
801 3138 852 3200 scd
883 3137 987 3217 plenus
1014 3139 1045 3197 in
1074 3156 1106 3197 se
1138 3145 1247 3198 manet.
1298 3136 1459 3199 Sciendum

126 3247 279 3307 sautem.
309 3240 377 3318 quia
400 3238 449 3300 illa
472 3242 605 3307 nomina,
635 3257 710 3317 quae
732 3238 927 3301 substantiam
951 3241 1130 3316 significant,
1155 3257 1215 3299 non
1238 3243 1459 3317 comparantur,

166 3342 234 3420 quia
263 3342 447 3401 incrementa
476 3340 524 3402 nel
553 3340 762 3401 diminutiones
794 3343 932 3421 accipere
965 3358 1024 3401 uon
1058 3347 1192 3418 possunt.
1242 3337 1332 3399 Verbi
1364 3341 1460 3416 gratia

166 3440 254 3501 bomo
277 3441 324 3502 uel
348 3440 422 3520 lapis
444 3443 637 3503 substantiam
665 3443 845 3519 significant,
875 3442 959 3502 cuius
986 3425 1161 3518 significatio
1189 3457 1244 3498 nec
1272 3440 1374 3516 augeri
1403 3457 1459 3500 nec

167 3544 259 3604 minui
282 3551 388 3621 potest.
433 3543 463 3603 Si
492 3545 569 3604 enirn
600 3543 690 3604 homo
719 3542 765 3603 uel
788 3543 863 3622 lapis
885 3543 1008 3621 recipiat
1030 3541 1297 3620 comparationem,
1319 3540 1339 3598 i.
1365 3541 1458 3616 magis

164 3645 349 3712 autminus,
372 3645 429 3703 iam
454 3664 512 3705 nou
536 3653 581 3704 est
603 3643 691 3705 bomo
715 3643 764 3703 uel
786 3643 871 3723 lapis.
916 3643 947 3704 Si
965 3662 1037 3703 uero
1053 3640 1162 3719 aliquid
1186 3639 1324 3701 accidens
1346 3638 1458 3702 homini

127 3757 154 3797 ω
167 3747 215 3807 uel
236 3744 325 3825 lapidi
348 3744 460 3813 dicam,
484 3757 555 3805 tunc
571 3744 661 3805 habet
676 3744 772 3804 locum
789 3747 986 3825 comparatio,
1011 3752 1043 3805 ut
1058 3742 1163 3803 doctus
1184 3743 1273 3802 bomo
1290 3750 1320 3802 et
1334 3740 1457 3811 doctior,

166 3844 241 3926 lapis
263 3847 357 3907 durus
380 3854 410 3905 et
432 3844 544 3906 durior.
590 3846 668 3924 Ergo
691 3863 749 3906 non
764 3847 835 3924 ipsa
858 3845 1037 3915 substantia,
1066 3845 1118 3905 sed
1143 3863 1193 3912 ea,
1217 3862 1292 3922 quae
1314 3842 1358 3903 illi
1381 3845 1458 3904 acci·

125 3948 132 3962 '
165 3948 252 4021 dunt,
283 3956 504 4026 comparantur.
555 3948 851 4024 Comparatiuus,
889 3946 996 4007 dicitur
1024 3956 1053 4007 et
1080 3943 1302 4008 assimilatiuus.
1352 3943 1456 4005 Omnia

167 4051 286 4110 nomina
309 4050 504 4128 comparatiui
526 4049 635 4126 gradus
656 4050 776 4127 generis
798 4058 866 4110 sunt
893 4049 1058 4109 communis
1080 4055 1108 4106 et
1132 4046 1244 4105 iaciunt
1265 4051 1403 4106 neutrum
1426 4045 1457 4103 iu

165 4151 226 4220 ius,
250 4158 282 4212 ut
304 4149 354 4209 bic
376 4159 406 4210 ει
428 4149 500 4209 baec
522 4147 637 4210 doctior
660 4160 689 4210 et
711 4152 767 4211 boc
789 4149 918 4220 doctius,
943 4156 1066 4228 excepto
1081 4165 1140 4206 uuo
1156 4145 1217 4206 ‘bic
1232 4148 1355 4215 senior',
1379 4145 1457 4223 quod

128 4259 279 4313 ”tantum
303 4249 457 4312 masculini
484 4250 603 4329 generis
630 4259 677 4312 est
703 4261 733 4310 et
761 4251 830 4311 iacit
852 4251 1025 4310 femininum
1049 4247 1137 4307 ‘baec
1159 4248 1256 4307 anus’.
1301 4247 1453 4326 Compa-
1469 4257 1518 4307 ³⁷⁴,
1532 4260 1558 4299 1⁷

232 4488 361 4536 lambiat
379 4485 589 4551 amplectiturque
657 4486 759 4549 bgreci
829 4485 991 4549 estgntfleat
1071 4484 1102 4534 16
1121 4478 1457 4550 periodusdicitur]1ater

163 4571 192 4619 p.
211 4557 261 4606 208
278 4562 304 4603 et
320 4571 347 4618 p.
370 4556 417 4603 tet
434 4555 491 4616 sato
515 4556 599 4619 iniqua
618 4554 731 4602 dialectis
745 4555 904 4617 prouentum·
919 4553 1034 4602 membris
1051 4554 1147 4617 aliquot
1166 4552 1232 4613 solia
1247 4565 1357 4615 prorant
1374 4551 1453 4599 inter·

164 4622 248 4672 lerunt
317 4623 349 4672 to
367 4621 520 4683 coaequae-io
590 4622 623 4670 24
641 4620 665 4667 ·i·
683 4620 788 4669 dimittit
803 4636 884 4685 cupro
900 4622 991 4670 lineam
1042 4621 1095 4685 egit
1144 4613 1454 4682 29iamnonestbome]

165 4689 191 4738 in
207 4704 286 4754 uturp.
304 4691 430 4741 additum:
450 4688 531 4737 llomo
550 4688 693 4737 substantio
711 4689 831 4737 estetsi
849 4700 1011 4752 comparetur
1027 4702 1079 4737 non
1097 4697 1137 4737 eat
1153 4686 1230 4736 bomo
1248 4687 1378 4747 quianon
1397 4695 1456 4749 pot·

165 4766 205 4805 εει
221 4757 335 4822 occipere
353 4767 516 4823 augmentum
536 4756 575 4806 uel
593 4755 771 4805 detrimentum
839 4757 871 4806 32
889 4765 914 4804 et
931 4757 1022 4806 addidi
1089 4758 1122 4806 34
1139 4755 1181 4803 bic
1198 4750 1296 4818 senior]
1316 4752 1357 4801 lric
1372 4768 1455 4817 cupra
