3382 5476
721 368 790 420 ΑΚΒ
808 369 939 425 esrum

644 591 691 651 DE
714 590 1022 653 iuturustrruun

270 728 453 809 Praepositio
475 737 519 788 est
541 746 610 808 pars
632 728 782 795 orationis,
806 745 882 807 quae
904 728 1072 807 praeposita
1094 726 1160 788 aliis
1182 725 1316 807 partibus
1337 729 1481 793 orationis

184 832 430 909 significationem
459 848 561 890 earum
592 837 641 889 aut
674 827 793 908 conplet
825 837 876 889 aut
907 837 1001 889 mutat
1029 836 1079 889 aut
1105 829 1221 890 minuit.
1265 830 1480 910 Praepositioni

184 933 290 994 accidit
312 950 403 994 uuum
427 939 556 999 tuntum,
580 930 657 992 idest
678 949 764 992 casus
787 930 846 990 duo
869 933 1056 992 accusatiuus
1072 938 1102 991 et
1116 929 1271 993 ablatiuus.
1316 930 1379 993 liae
1400 933 1478 995 euim

183 1043 253 1096 sunt
274 1035 510 1114 praepositiones
532 1051 617 1093 casus
638 1033 812 1094 aecusatiui:
836 1032 872 1092 ad
896 1032 973 1112 apud
996 1041 1064 1092 ante
1079 1032 1239 1094 aduersum
1260 1034 1304 1095 cis
1325 1034 1399 1095 citra
1420 1035 1504 1095 cir-e

184 1157 252 1199 cum
280 1138 359 1197 circa
388 1143 490 1196 contra
520 1152 589 1212 erga
618 1142 700 1194 extra
728 1135 807 1195 inter
836 1136 912 1194 iutra
941 1134 1019 1197 inira
1042 1136 1123 1196 iuxta
1146 1134 1185 1195 ob
1207 1152 1287 1215 poue
1308 1153 1364 1214 per
1386 1152 1480 1214 prope

184 1237 348 1299 secuudum
372 1246 438 1315 post
459 1245 543 1298 trans
564 1236 641 1297 ultra
666 1244 789 1316 propter
810 1254 898 1314 sopra
922 1254 1015 1315 usque
1038 1255 1140 1316 penes.
1178 1234 1333 1308 Quomodo
1355 1234 1480 1297 dicimus

185 1339 220 1401 ad
238 1347 350 1420 patrem
369 1385 376 1399 .
394 1386 401 1401 .
419 1385 426 1399 .
444 1386 451 1400 .
470 1347 498 1399 et
514 1339 550 1399 ed
573 1347 687 1418 patres,
711 1347 782 1417 aput
804 1336 904 1398 uillam
927 1356 993 1398 sum
1015 1345 1045 1397 et
1067 1345 1138 1418 aput
1159 1337 1260 1405 uillas,
1283 1344 1352 1399 ante
1375 1337 1478 1400 aedem

184 1451 231 1504 sto
254 1450 284 1502 et
306 1449 374 1503 ante
397 1441 500 1510 aedes,
529 1440 688 1501 aduersum
719 1441 871 1499 inimicum
899 1457 1000 1518 pugno
1023 1448 1053 1501 et
1075 1439 1233 1501 aduersum
1255 1440 1408 1507 inimicos,
1436 1439 1480 1501 cis

184 1545 308 1606 lluuiuur
331 1564 396 1604 sum
419 1551 449 1603 et
470 1544 513 1602 cis
536 1543 657 1609 fluuios,
682 1543 755 1602 citra
773 1540 868 1601 lorum
892 1548 937 1600 sto
960 1550 990 1601 et
1011 1543 1085 1601 citra
1107 1543 1188 1611 lora,
1211 1542 1324 1602 circum
1347 1541 1478 1605 uicinum
1491 1558 1527 1613 tor

184 1647 320 1707 discurro
343 1653 372 1705 et
395 1647 507 1705 circum
532 1645 661 1712 uicinos,
685 1645 763 1703 eirca
789 1644 930 1722 templum
954 1640 1072 1703 ambulo
1088 1650 1118 1703 et
1133 1643 1211 1703 circa
1235 1641 1354 1722 templa,
1377 1650 1479 1704 contra

185 1749 301 1809 hostem
317 1764 417 1826 pugno
433 1754 463 1806 et
477 1755 579 1806 coutra
596 1744 709 1812 lrostes,
734 1762 802 1821 erga
826 1747 1025 1824 propinquum
1049 1751 1079 1804 et
1101 1762 1170 1822 erga
1192 1746 1377 1824 propinquos
1392 1744 1478 1813 uado,

184 1859 265 1911 extra
282 1849 443 1908 terminum
460 1848 556 1923 migro
573 1855 601 1906 ot
617 1855 697 1905 extra
715 1848 871 1915 tenniuos,
896 1849 974 1906 inter
998 1866 1102 1907 nauem
1127 1845 1203 1906 uado
1226 1854 1255 1907 et
1276 1847 1355 1906 iuter
1377 1863 1477 1914 naues,

184 1952 261 2010 iutra
285 1967 401 2009 murum
425 1948 515 2009 sedeo
537 1956 568 2007 et
589 1949 666 2007 iutra
690 1964 799 2015 muros,
822 1948 898 2007 inira
922 1956 1032 2008 tectum
1056 1965 1120 2007 sum
1144 1954 1174 2007 et
1195 1947 1271 2007 inlra
1287 1955 1375 2015 tecta,
1399 1948 1478 2009 iuxta

185 2050 340 2111 macellum
365 2058 410 2110 sto
434 2058 462 2108 et
484 2052 562 2109 iuxta
586 2047 719 2115 macella,
743 2048 782 2108 ob
797 2049 953 2124 augurium
977 2051 1137 2127 praeueuio
1153 2057 1183 2109 et
1197 2048 1236 2108 ob
1251 2049 1384 2126 auguria,
1401 2066 1477 2127 poue
1491 2069 1514 2111 u

185 2148 313 2213 tribuual
341 2150 439 2211 iudico
469 2158 498 2210 et
526 2169 602 2230 poue
632 2148 803 2218 tribunalia,
833 2167 886 2226 per
915 2152 1058 2231 parietem
1081 2150 1190 2229 aspicio
1213 2157 1242 2209 et
1263 2168 1319 2229 per
1340 2151 1477 2228 parietes,

133 2325 154 2350 ·
184 2274 277 2334 prope
301 2256 461 2315 fenestram
485 2261 531 2312 sto
548 2260 577 2313 et
593 2271 685 2331 prope
710 2250 870 2326 fenestras,
894 2252 1058 2313 secundum
1082 2250 1178 2330 legem
1202 2250 1298 2311 iudico
1321 2258 1351 2311 et
1372 2269 1478 2312 secuu-

184 2355 254 2416 dum
284 2355 376 2434 leges,
406 2362 473 2434 post
500 2361 617 2432 tergum
641 2352 729 2431 alligo
752 2361 782 2412 et
804 2361 870 2432 post.
892 2361 990 2431 terga,
1019 2362 1100 2413 trans
1128 2354 1222 2432 ripam
1246 2353 1324 2413 uado
1346 2361 1376 2414 et
1397 2360 1479 2414 trous

183 2459 279 2538 ripas,
310 2456 385 2518 ultra
413 2458 500 2518 bneru
523 2475 590 2517 sum
613 2463 642 2516 et
664 2453 741 2517 ultra
764 2452 852 2525 bueo,
884 2463 1006 2535 propter
1034 2456 1164 2516 oliicium
1192 2455 1282 2515 uenio
1304 2461 1335 2514 et
1355 2464 1478 2535 propter

183 2561 291 2630 officia,
316 2578 404 2639 supra
428 2557 543 2620 caelum
566 2557 692 2618 ascendo
715 2565 745 2617 et
766 2575 855 2637 supra
878 2556 990 2627 caelos,
1015 2574 1106 2634 usque
1130 2575 1211 2617 ruarc
1234 2555 1311 2617 uado
1333 2564 1364 2617 et
1385 2575 1513 2638 usqueeo

184 2663 291 2732 maria,
314 2680 408 2741 penes
430 2659 575 2721 arbitrum
597 2658 696 2719 iudico
719 2668 749 2719 et
771 2677 862 2738 penes
884 2659 1022 2719 arbitros.
1068 2658 1117 2718 Sic
1139 2675 1212 2736 ergo
1234 2676 1353 2737 semper
1375 2656 1477 2720 obser·

182 2763 312 2824 uaudum
335 2773 395 2829 est.
419 2771 451 2821 ut
473 2762 528 2822 bae
550 2761 787 2840 praepositiones
809 2762 872 2821 siue
895 2762 924 2821 iu
948 2759 1090 2838 singulari
1106 2778 1229 2820 numero
1244 2760 1308 2820 siue
1324 2761 1355 2820 iu
1370 2757 1478 2839 plurali

184 2884 243 2944 uon
266 2866 388 2925 alterius
411 2882 497 2924 casus
519 2861 717 2930 declinationi,
742 2860 800 2922 uisi
823 2864 984 2924 accusatiui
1005 2863 1146 2931 seruiant,
1170 2864 1210 2922 ita
1233 2868 1274 2930 ut,
1299 2879 1367 2922 cunr
1391 2880 1476 2941 prae-

182 2968 345 3046 positiones
367 2967 447 3045 ipsae
470 2974 691 3043 praeponantur
713 2964 897 3033 nominibus,
927 2963 963 3023 de
986 2963 1183 3037 declinatione
1210 2982 1295 3024 casus
1317 2964 1478 3026 accusatiui

183 3086 239 3128 nec
261 3087 318 3127 uua
340 3066 437 3126 littera
459 3064 659 3126 subtrahatur.
1023 3056 1028 3064 '
1475 3086 1513 3139 μ

268 3169 507 3248 Praepositioues
535 3185 621 3227 casus
649 3166 767 3229 ablatiui
796 3177 866 3229 sunt
894 3169 963 3228 bae:
994 3189 1010 3231 a
1038 3166 1075 3228 ab
1103 3166 1156 3227 abs
1183 3185 1250 3227 cum
1279 3185 1379 3228 coram
1402 3166 1477 3229 clam

184 3271 220 3330 de
244 3290 260 3331 e
283 3290 317 3331 er
342 3290 396 3351 pro
419 3289 490 3350 prae
513 3268 609 3349 palam
639 3271 703 3329 siue
725 3269 837 3350 absque
861 3278 957 3331 tenus.
1003 3269 1164 3330 [licendum
1189 3287 1260 3347 ergo
1283 3276 1329 3329 est
1350 3287 1367 3329 a
1389 3270 1477 3330 domo

183 3373 259 3434 uado
282 3380 313 3433 et
334 3392 350 3433 a
374 3372 524 3440 domibus,
548 3372 584 3432 ab
609 3371 727 3432 bomine
744 3418 750 3431 .
769 3419 776 3432 .
792 3418 799 3432 .
818 3419 825 3432 .
842 3380 872 3433 et
893 3371 931 3431 ab
954 3370 1140 3445 bominibus,
1168 3369 1221 3430 abs
1243 3368 1377 3448 quolibet
1393 3417 1401 3431 .
1418 3416 1426 3431 .
1442 3415 1476 3431 ..

183 3483 212 3536 et
240 3476 293 3536 abs
320 3475 427 3552 quibus
455 3474 541 3544 libet,
571 3493 637 3534 cum
667 3475 799 3535 exercitu
826 3483 872 3535 sto
901 3480 930 3532 et
956 3492 1023 3534 curn
1052 3471 1244 3547 exercitibus,
1274 3490 1375 3533 coram
1404 3478 1478 3534 teste

182 3578 249 3637 dico
272 3585 301 3635 et
323 3595 422 3637 coram
446 3575 587 3650 testibus,
619 3576 694 3637 clam
717 3576 838 3637 custode
862 3620 945 3636 ....
970 3582 1000 3635 et
1021 3574 1095 3634 elam
1119 3572 1305 3648 custodibus,
1330 3572 1366 3633 de
1389 3592 1512 3653 prae-so

182 3680 258 3738 torio
281 3686 385 3738 teneor
409 3684 438 3737 et
466 3676 503 3736 de
531 3679 703 3757 praetoriis,
733 3697 749 3738 e
776 3686 856 3739 terra
884 3679 979 3756 migro
1002 3686 1032 3738 et
1053 3696 1069 3737 e
1093 3677 1195 3746 terris,
1224 3695 1260 3737 ex
1287 3676 1476 3755 praefectura

183 3849 410 3857 ——-—-——

249 3968 349 4027 2quae
367 3964 515 4030 praeposita
532 3990 565 3999 —
583 3965 675 4013 minuit
690 3980 738 4018 om.
757 3966 779 4014 A
857 3966 1023 4016 eminuerit
1096 3967 1208 4016 dunum
1227 3973 1323 4015 tautum
1342 3964 1439 4015 accedit
1456 3964 1475 4015 B

182 4034 244 4083 boec
262 4035 342 4092 enim,
360 4049 406 4083 om.
427 4044 466 4082 est
484 4034 505 4081 A
527 4034 594 4082 eninr
617 4047 664 4082 om.
684 4031 703 4080 B
788 4035 804 4082 5
823 4035 1020 4098 praepositionis
1040 4035 1061 4082 A
1148 4039 1163 4086 7
1186 4044 1291 4099 propter
1308 4033 1327 4081 B
1351 4044 1435 4097 preter
1452 4034 1476 4083 A

182 4118 260 4167 penes
278 4103 387 4151 dicimus
406 4101 470 4150 enim
491 4102 509 4150 B
570 4104 586 4152 8
604 4100 636 4150 ad
656 4111 752 4165 petrem
771 4102 839 4166 apud
859 4101 944 4150 uillam
962 4111 1021 4150 unte
1038 4101 1126 4150 aedem
1145 4110 1204 4158 etc..
1223 4103 1321 4153 omaso
1336 4100 1395 4162 sere
1412 4117 1476 4152 cem-

181 4186 230 4234 per
247 4178 274 4220 et
290 4169 376 4220 uerbis
389 4171 470 4234 finitis
487 4175 513 4219 et
528 4171 619 4234 sermio
635 4168 814 4234 pluralidueB
883 4169 953 4219 9cis
974 4171 1080 4219 fluuium
1099 4181 1123 4220 et
1142 4170 1273 4219 lluuiusB
1344 4171 1376 4219 10
1393 4178 1434 4219 sto
1453 4179 1477 4218 et

180 4240 243 4288 citra
261 4237 317 4287 lore
335 4239 451 4288 discurro
469 4240 563 4287 circum
583 4238 694 4286 uicinum
713 4248 738 4286 et
758 4238 851 4287 circum
877 4238 975 4286 [ricinos
993 4239 1016 4285 A
1120 4240 1152 4289 13
1174 4249 1199 4288 et
1220 4239 1287 4287 iutra
1310 4253 1389 4286 naues
1411 4238 1477 4287 inter

181 4321 280 4355 murum
299 4309 321 4355 A
374 4308 439 4355 inter
456 4320 547 4354 nauem
565 4305 631 4355 intra
649 4306 777 4355 moenium
796 4305 836 4354 uel
855 4320 954 4354 murum
972 4304 1039 4355 iul're
1056 4315 1148 4356 tectum
1167 4306 1187 4355 B
1256 4307 1288 4355 15
1307 4303 1340 4371 p'p
1359 4306 1435 4354 uenio
1453 4305 1474 4354 A

182 4376 214 4424 19
233 4384 316 4438 preter
334 4372 447 4422 cilicium
467 4374 542 4420 uenio
561 4384 585 4422 et
603 4383 703 4437 praeter
721 4372 844 4424 oitloieA
918 4375 952 4423 20
970 4389 1048 4439 super
1064 4373 1203 4423 reelumA
1254 4373 1476 4436 supercaelosA

181 4458 262 4504 usque
280 4456 349 4489 mure
367 4440 408 4489 uel
425 4441 585 4489 oceanumli
653 4444 684 4490 21
705 4456 777 4507 pene,
796 4441 873 4490 buu
927 4440 969 4491 Sic
986 4442 1188 4507 ergo-littera
1206 4441 1372 4490 subtrabatur
1388 4441 1475 4495 omli

179 4513 213 4560 24
231 4511 288 4574 ipse
305 4520 478 4572 praeponatur
496 4509 640 4557 nominatur
657 4511 689 4558 de
706 4508 908 4559 declinetioueA
977 4510 1011 4559 26
1029 4511 1233 4575 praepositiones
1251 4525 1298 4560 om.
1317 4509 1337 4559 B
1371 4508 1475 4559 abletiui

180 4593 256 4627 cesus
275 4576 322 4625 bue
340 4575 437 4624 euotB
488 4574 598 4625 ubletiue
616 4578 639 4624 A
723 4580 756 4627 27
774 4579 859 4642 preA
911 4577 1022 4627 dicimus
1044 4580 1110 4627 enim
1130 4594 1144 4626 e
1162 4578 1240 4626 domo
1258 4577 1290 4626 ab
1307 4576 1412 4627 bomine
1429 4578 1475 4627 ebs

180 4645 294 4705 quolibet
310 4657 368 4692 curn
386 4644 498 4692 exercitu
516 4658 600 4692 eoram
620 4655 683 4694 teste
700 4645 763 4693 clem
786 4646 937 4695 custodibus
957 4646 1121 4711 singulariter
1138 4661 1189 4695 nou
1208 4654 1247 4695 est
1264 4644 1296 4694 de
1314 4646 1443 4710 praeturio
1462 4660 1475 4693 e

180 4721 264 4761 cetero
282 4728 314 4761 ex
334 4710 490 4776 praelectum
510 4726 555 4775 pro
574 4712 663 4761 cliente
681 4729 742 4779 prue
755 4714 844 4762 timore
856 4713 939 4778 palam
954 4715 1072 4764 omnibus
1089 4715 1146 4762 sine
1163 4713 1249 4762 lubore
1267 4713 1365 4776 ubsque
1382 4713 1476 4762 iniuria

180 4789 253 4827 tenus
272 4794 359 4845 puppe
376 4779 446 4841 quod
464 4794 511 4828 nos
529 4779 637 4829 dicimus
655 4796 725 4846 pupe
742 4792 815 4831 terrers
832 4781 852 4830 B
920 4785 953 4834 ‘28
971 4783 1002 4831 ab
1020 4781 1123 4831 homine
1140 4782 1178 4830 sic
1196 4790 1220 4830 et
1236 4781 1268 4829 ab
1286 4780 1433 4830 bominibus
1453 4781 1475 4829 A

180 4847 213 4896 29
231 4861 287 4894 curn
305 4848 417 4897 exercitu
435 4858 476 4898 sto
493 4864 624 4913 summer.
641 4846 655 4896 1
672 4862 703 4897 eo
722 4851 744 4899 A
813 4852 847 4900 30
865 4851 977 4915 pretorio
994 4851 1019 4899 A
1086 4851 1118 4900 31
1137 4864 1170 4898 ex
1187 4848 1331 4913 preelectus
1350 4848 1373 4896 A
