3382 5476
196 358 258 423 140
706 358 774 409 uns
794 356 969 408 tuoruum

192 556 276 628 parte
298 546 495 617 declinantur,
524 555 557 608 ut
583 547 715 626 quisquis
742 545 914 607 enimcuius
941 545 1040 606 euicui
1068 560 1246 623 quemquem
1272 561 1291 605 o
1317 546 1493 621 mersa

192 669 310 731 quoquo
340 657 369 710 et
395 647 550 729 pluraliter
584 649 687 727 quiqui
723 664 977 727 quorumquorum
1009 645 1226 726 quibusquibus
1263 643 1314 707 uel
1351 646 1493 727 qulsquis

192 770 342 831 quosquos
365 770 382 810 o
404 753 538 826 qidquia
553 748 782 830 quibusquibus.
827 748 911 828 Apud
928 749 1142 810 Ciceronem
1164 747 1320 808 inuenitur
1339 747 1384 809 sie
1398 744 1492 809 decli·

193 860 293 915 uatum
317 850 560 912 ‘cuicuimodi
585 853 657 911 est'
686 857 716 911 et
743 848 822 929 apud
845 850 1062 911 Terentium
1085 851 1124 911 ita
1147 849 1314 911 inuenitur:
1344 854 1491 928 ‘quem-

192 973 297 1035 quem
327 962 461 1014 narrata
491 955 572 1012 sis’.
618 953 689 1012 ltem
717 958 788 1013 suut
814 953 1008 1030 pronomina,
1036 966 1114 1032 quae
1135 951 1238 1029 priore
1265 958 1383 1012 tantum
1406 958 1514 1030 parter

192 1054 380 1117 declinantur
402 1064 431 1115 et
454 1056 617 1133 posteriore
641 1071 700 1114 uon
725 1052 912 1115 declinantur
934 1099 1116 1115 ......
1138 1053 1205 1129 quls
1228 1069 1301 1114 uero
1324 1052 1492 1115 declinetur

194 1156 206 1235 if
226 1152 383 1237 l.116⁸l!.
429 1156 502 1216 ltem
526 1155 709 1234 Virgilius
729 1155 827 1215 blaro
849 1153 937 1215 dixit:
967 1153 1197 1233 quorundam
1225 1155 1490 1233 pronominum

193 1258 496 1337 compositiones
518 1264 582 1317 aut
602 1265 903 1336 praeponuntur,
927 1264 966 1317 ut
987 1254 1131 1333 aliquis
1152 1256 1294 1334 siquis;
1318 1262 1382 1316 aut
1403 1254 1491 1317 sub·

193 1361 418 1437 iunguntur,
447 1366 486 1419 ut
514 1358 664 1438 quidam
694 1365 849 1436 egomet.
892 1356 983 1418 Multa
1010 1356 1157 1435 siquidem
1180 1357 1358 1437 pronomina
1380 1375 1492 1439 conpo-

192 1470 313 1537 nuntur,
336 1467 369 1522 ut
391 1467 507 1539 egomet
529 1468 622 1521 tumet
644 1459 728 1520 hicce
750 1460 858 1520 haecce
881 1460 972 1520 hocce
995 1460 1130 1540 quisquis
1151 1476 1304 1539 quaequac
1326 1456 1525 1539 quodquodlt

193 1561 241 1622 uel
269 1562 424 1642 quicquid,
453 1563 588 1641 quisnam
617 1578 762 1639 quaenam
790 1562 956 1636 quodnam,
986 1559 1127 1640 quislibet
1153 1558 1303 1639 quaelibet
1324 1558 1489 1639 quodlibet,

194 1666 388 1742 quiscumque
405 1680 609 1741 quaecumque
624 1665 846 1743 quodcumque,
871 1664 998 1740 quisquc
1014 1680 1148 1741 quaeque
1170 1659 1317 1742 quodque,
1342 1662 1489 1742 qulspiam

194 1767 351 1844 quaepiam
381 1765 540 1844 quodpiam
571 1763 619 1825 uel
647 1763 813 1844 quidpiam,
852 1765 964 1841 quisuis
1001 1765 1126 1844 quaeuis
1159 1762 1299 1843 quoduis,
1334 1764 1490 1843 quisquam

194 1884 359 1945 quaequam
382 1865 559 1945 quodquam.
595 1865 862 1943 ltemVirgilius
885 1866 992 1926 iterum
1016 1865 1053 1925 de
1074 1863 1303 1944 pronominibus
1325 1865 1490 1944 conpositis

193 1966 280 2027 dixit:
311 1984 377 2044 ego
405 1985 609 2046 pronomen
640 1967 788 2027 linitum
817 1967 1102 2044 conpositiones
1132 1965 1222 2026 diras
1244 1967 1402 2046 recipit:
1431 1964 1524 2027 nete

194 2087 271 2129 curu
296 2066 391 2128 illud
415 2066 650 2146 duplicatur,
675 2075 712 2128 nt
735 2084 890 2146 egoego,
908 2065 966 2129 uel
990 2086 1069 2129 eum
1093 2078 1165 2128 uret
1187 2064 1369 2148 syllabam
1391 2067 1490 2128 reci·

193 2171 261 2249 pit.
287 2178 325 2229 ut
345 2178 504 2247 egomet;
527 2170 581 2229 sic
604 2176 684 2229 tntu
707 2177 835 2239 tumet,
860 2186 942 2229 sese
964 2178 1089 2229 semet.
1128 2169 1205 2229 Sunt
1225 2170 1297 2229 item
1312 2169 1490 2248 pronomina

194 2271 406 2348 iuterrogatiua
435 2271 588 2349 conposita
617 2288 683 2330 cnm
710 2268 853 2330 aduerbio
881 2270 1084 2348 interrogandi
1099 2290 1159 2341 ue,
1190 2278 1222 2332 ut
1243 2269 1343 2331 hicine
1365 2268 1490 2332 haecine

194 2372 314 2441 hocine;
330 2373 373 2432 sic
389 2373 467 2431 enirn
483 2371 610 2433 dicimus
632 2371 744 2440 hicine,
768 2371 951 2452 quasilrionc,
973 2371 1097 2432 haecine
1113 2372 1239 2442 haecne,
1261 2370 1368 2433 bocina
1383 2369 1489 2433 hocne.

193 2474 226 2534 ln
251 2473 541 2534 Derrterouomio
564 2473 685 2551 legitur:
715 2471 871 2533 haecine
893 2472 1029 2534 reddes
1057 2473 1227 2534 domiuo?
1254 2473 1339 2553 quasi
1365 2473 1523 2535 dlxlssetw

193 2574 404 2654 interrogando
427 2580 538 2637 ‘noune
561 2575 634 2635 haec
656 2572 763 2636 reddes
786 2573 943 2636 domino?'
981 2575 1053 2635 ltem
1076 2574 1154 2637 lram
1177 2593 1230 2635 rex
1252 2574 1324 2654 Tyri
1346 2572 1382 2640 ad
1405 2574 1487 2637 Salo·

194 2694 313 2736 monem
342 2674 431 2737 dixit:
465 2677 620 2738 haecine
653 2676 848 2745 ciuitates,
881 2693 970 2754 quas
998 2676 1138 2737 dedisti
1174 2675 1283 2738 milri?
1311 2674 1487 2739 Est.autem

193 2796 286 2838 unum
314 2795 480 2857 pronomen
509 2779 694 2857 conpositum
722 2796 758 2838 ex
782 2776 897 2838 duobus
925 2780 1088 2858 corruptis,
1120 2787 1151 2839 ut
1178 2778 1273 2848 idem,
1302 2775 1381 2840 idest
1407 2779 1433 2839 is
1460 2787 1489 2839 et

194 2878 292 2938 borno.
337 2878 409 2939 lude
437 2879 607 2940 lsidorus
636 2878 724 2939 dixit:
755 2880 802 2939 ‘is
824 2878 948 2939 horuo’
977 2881 1210 2959 conpositum
1233 2879 1364 2940 ‘idem’
1387 2880 1486 2942 lacit.

195 2979 237 3040 lle
260 2979 316 3038 hoc
339 2981 515 3057 pronomine
538 2981 626 3040 etiam
650 2980 811 3041 Dentatus
834 2978 920 3041 dixit:
966 2981 1051 3043 Nam
1080 2981 1189 3050 idenr;
1218 2980 1315 3060 quod
1343 2990 1523 3043 constare

195 3099 235 3140 ex
265 3079 407 3141 dnobus
435 3083 629 3160 corruptis
656 3082 906 3160 conpositum,
935 3100 1014 3144 cunr
1043 3083 1283 3163 producitur,
1312 3083 1489 3183 masculi·

194 3201 277 3243 num
301 3192 356 3244 est
379 3183 530 3251 ‘idem'3
554 3200 631 3243 cum
656 3183 879 3260 corripitur,
904 3193 1073 3246 neutrum
1097 3196 1152 3246 est
1175 3184 1316 3246 ‘tuone
1351 3183 1488 3247 Necnon

194 3284 390 3364 Pompeius
412 3285 449 3345 de
471 3283 528 3345 boc
551 3287 727 3364 pronomine
749 3286 789 3347 ita
811 3289 996 3365 pronuntiat:
1028 3287 1102 3347 ltern
1123 3303 1291 3366 pronomen
1313 3293 1359 3348 cst
1380 3289 1489 3349 utrius·

195 3406 253 3467 que
275 3387 392 3448 numeri
414 3404 571 3447 commuue
594 3396 623 3447 et
646 3389 800 3464 utriusque
823 3390 955 3465 generis,
979 3388 1055 3450 idest
1077 3387 1233 3450 masculini
1255 3396 1285 3449 et
1306 3389 1415 3459 neutri,
1437 3388 1488 3449 sed

196 3488 379 3569 temporibus
412 3497 441 3548 et
472 3490 715 3567 pronuntiatione
748 3489 936 3551 discernitur.
987 3490 1068 3550 ldem
1100 3492 1125 3551 si
1158 3488 1291 3551 uolueris
1323 3492 1524 3571 corriperc,³⁰

196 3601 333 3652 neutrum
357 3600 416 3661 est,
440 3600 472 3651 ut
493 3590 573 3652 idem
596 3599 729 3670 tempus,
753 3591 832 3652 idem
855 3592 1046 3671 mancipium.
1084 3592 1321 3652 Priscianus:
1345 3593 1401 3653 tria
1424 3602 1488 3655 tan·

196 3701 257 3752 tum
286 3694 363 3752 inter
390 3711 421 3752 so
449 3695 626 3769 pronomina
652 3703 877 3773 conponuntur,
908 3695 963 3754 iste
990 3693 1054 3763 hic,
1083 3704 1115 3753 ut
1136 3695 1202 3754 istic
1230 3694 1324 3754 istaec
1344 3695 1436 3763 istoc:
1463 3694 1489 3755 is

196 3811 269 3854 uero
292 3811 359 3853 cum
382 3790 525 3853 aduerbio
548 3794 735 3872 conponitur‚
759 3805 792 3856 ut
814 3795 907 3865 idem,
932 3794 1009 3874 quod
1033 3796 1178 3874 significat
1200 3797 1225 3855 is
1247 3804 1278 3856 et
1298 3794 1430 3865 demum,
1453 3812 1489 3855 ex

264 4015 324 4062 lut
342 4013 385 4075 qul
403 4013 461 4074 quis
479 4013 551 4062 cuius
570 4013 611 4061 cul
629 4028 780 4075 quemquem
846 4028 1015 4076 oaquoquo
1084 4016 1227 4076 2quorum
1295 4015 1489 4077 bosqulbus

194 4080 288 4143 quibus
340 4077 500 4147 cqcerouem]
520 4083 556 4145 es.
575 4082 664 4144 Pomp.
682 4097 709 4145 p.
729 4084 779 4130 207
808 4085 843 4132 32
922 4080 1112 4148 4ιειιιιιῑίιιιιι]
1134 4083 1169 4144 cs.
1188 4084 1277 4146 Pomp.
1295 4084 1312 4135 l.
1329 4084 1347 4132 l.
1365 4085 1400 4132 20
1450 4084 1487 4130 in·

195 4150 331 4198 ueniuutnr
399 4149 572 4200 bdoellnatur
623 4148 780 4197 declinantur
813 4151 941 4199 Laeonum
959 4153 1067 4214 expleas
1083 4152 1218 4200 seeundum
1230 4150 1374 4214 Pompeium
1390 4166 1418 4215 p.
1430 4152 1489 4207 207,

196 4220 243 4266 35:
263 4226 291 4265 ut
308 4228 348 4266 est
364 4215 426 4266 illud
446 4218 590 4284 quispiam,
610 4218 679 4283 piem
698 4233 748 4268 nou
767 4217 907 4267 declinatur
966 4221 981 4268 'i
1000 4218 1124 4282 Virgilius
1142 4214 1224 4282 Maro]
1243 4218 1301 4267 Non
1318 4220 1406 4268 amem
1420 4220 1491 4284 opud

195 4286 300 4335 illeirun.
387 4288 419 4335 10
436 4284 527 4347 hicque
578 4285 691 4349 haecque
709 4285 808 4347 hocque
889 4288 918 4334 11
938 4287 1067 4348 quodnam
1085 4302 1132 4336 om.
1204 4287 1236 4335 14
1253 4282 1392 4352 Virgilius]
1410 4303 1437 4351 p.
1455 4289 1487 4336 2⁵

194 4353 272 4402 dici:
292 4352 346 4401 lloe
364 4363 447 4401 tumen
466 4367 608 4417 pronomen
631 4354 807 4418 expositiones
830 4353 894 4402 duos
917 4355 1007 4418 recipit
1024 4362 1073 4404 ete.
1159 4354 1191 4403 16
1208 4364 1260 4402 met
1276 4364 1301 4402 et
1387 4356 1421 4406 17
1438 4364 1488 4404 tute

195 4421 281 4469 :liuius
350 4422 382 4470 18
400 4428 460 4468 neut
476 4419 562 4486 hicine
629 4423 663 4471 20
680 4417 885 4488 deuteronomio]
904 4421 1067 4484 xmae
1117 4423 1149 4470 21
1170 4436 1236 4471 none
1253 4420 1300 4470 hac
1316 4420 1412 4473 reddas
1456 4422 1487 4471 22

195 4485 322 4550 lraeeiues]
342 4488 403 4550 llep.
422 4487 437 4537 l
455 4490 525 4545 013
593 4491 626 4539 23
644 4488 710 4537 idem
729 4489 795 4538 idem
814 4490 835 4538 is
890 4491 924 4538 '24
941 4489 1059 4554 isquorus
1078 4486 1170 4553 dorus]
1189 4490 1228 4539 De
1245 4489 1293 4539 doe
1310 4489 1412 4541 Isidori
1425 4492 1488 4547 aar.

195 4557 238 4621 qni
248 4557 274 4604 in
288 4555 426 4618 oriqinihus
436 4569 485 4604 non
494 4563 577 4618 extat,
590 4558 625 4619 es.
634 4558 737 4621 praefi:
756 4559 807 4607 ‘De
816 4557 921 4607 Isidoro
928 4558 1112 4621 prommatieo’.
1155 4557 1195 4606 lrls
1205 4556 1282 4606 homo
1317 4560 1352 4609 25
1361 4552 1486 4621 Donatus]

192 4641 221 4687 p.
241 4626 302 4687 380,
321 4625 355 4671 22
423 4624 457 4673 28
474 4622 624 4689 Pompeius]
643 4642 670 4689 p.
688 4627 747 4687 208,
767 4629 796 4674 1:
826 4640 968 4690 pronomen
986 4638 1025 4674 est
1043 4627 1175 4686 utriusque
1193 4625 1305 4690 genueris,
1324 4625 1391 4676 idest
1408 4624 1487 4676 neutri

195 4701 218 4739 et
237 4690 380 4753 masculini,
399 4690 443 4739 sed
462 4692 619 4757 temporibus
638 4700 686 4745 ete.
762 4697 795 4744 30
814 4694 881 4743 ldem
900 4695 922 4743 sl
942 4690 1063 4758 uolneris]
1084 4693 1120 4754 es.
1132 4694 1220 4757 Pomp.
1230 4710 1256 4757 p.
1273 4695 1331 4753 208,
1345 4696 1369 4743 4.
1380 4699 1406 4756 5,
1424 4693 1487 4743 naue

195 4774 244 4807 non
262 4758 360 4808 derbiuru
378 4766 428 4822 ert,
448 4757 508 4824 quin
526 4768 585 4809 ursle
604 4762 639 4809 ‘si
654 4763 775 4811 uolueris’
793 4764 884 4811 lacuna
901 4763 1037 4812 statuenda
1054 4763 1095 4812 sit.
1157 4764 1187 4811 31
1208 4759 1366 4827 Priscianus]
1386 4761 1422 4825 ef.
1435 4760 1451 4810 1
1460 4776 1486 4826 ρ.

195 4827 256 4887 580,
277 4829 307 4875 11
325 4842 378 4892 aeq.
431 4839 483 4876 tren
536 4831 568 4879 32
587 4828 646 4877 itam
665 4846 693 4877 se
745 4830 767 4878 is
786 4828 858 4894 tuero]
878 4832 903 4879 in
921 4846 969 4879 suo
