3382 5476
684 369 896 425 aennensis,
1396 367 1438 434 75

139 561 286 631 tionibus;
310 561 340 620 in
363 559 478 629 culum,
503 567 534 619 ut
556 577 609 621 oro
631 568 745 620 oratum
768 561 813 620 ire
833 559 1001 630 oraculum,
1025 561 1118 622 miror
1134 561 1271 621 miratum
1286 561 1332 620 ire
1348 560 1435 621 mira·

139 661 255 735 culum,
278 678 434 742 propugno
457 669 674 740 propugnatum
697 664 741 722 irc
763 661 1034 742 propugnaculum
1066 663 1095 721 in
1120 667 1267 729 mentum,
1291 667 1324 722 ut
1345 660 1436 722 lundo

138 764 292 826 fundatum
321 765 365 822 ire
391 763 629 834 tundamentum,
659 781 733 824 orno
757 770 892 825 ornatum
915 765 959 824 ire
981 771 1203 832 ornamentum,
1232 782 1318 825 sacro
1340 782 1436 826 sacra·

139 874 201 928 tum
228 868 271 927 ire
299 873 533 934 sacramentum,
563 867 606 927 sic
635 873 817 927 momentum
846 864 1016 927 alimentum
1043 868 1276 935 incrementuur;
1304 868 1334 927 in
1358 885 1435 934 men,

112 976 173 1030 sut
199 969 265 1029 loro
293 967 421 1029 iocatum
451 969 495 1028 ire
524 970 672 1038 toramen,
703 985 798 1047 purgo
821 976 978 1047 purgatum
1001 969 1045 1028 ire
1068 985 1245 1048 purgamen,
1275 968 1314 1028 llo
1336 968 1436 1029 ilatum

139 1073 183 1132 ire
213 1071 333 1139 ttamen,
364 1069 444 1147 liquo
472 1068 613 1149 liquatum
642 1072 687 1130 ire
715 1068 880 1147 liquamen,
910 1071 954 1129 sic
982 1077 1133 1131 certamen
1162 1087 1267 1147 agmen
1302 1069 1436 1149 fragmen

139 1190 264 1235 acumen
287 1170 415 1231 lenimen
440 1173 606 1241 munimen,
637 1172 697 1232 llno
719 1172 830 1232 fluxum
854 1173 898 1231 ire
920 1170 1045 1239 llumen;
1073 1172 1105 1231 iu
1128 1173 1187 1240 sio,
1211 1179 1244 1232 ut
1265 1170 1353 1233 iubeo
1375 1173 1436 1232 ius·

138 1293 203 1336 sum
226 1279 272 1336 ire
294 1275 401 1342 iussio,
434 1290 535 1351 mergo
557 1291 688 1334 mersum
712 1276 758 1335 ire
780 1275 904 1343 mersio,
928 1271 1013 1335 laedo
1036 1271 1148 1334 laesum
1171 1275 1216 1334 ire
1238 1271 1328 1335 laesio
1351 1275 1437 1335 mitto

141 1378 262 1438 missum
290 1376 334 1436 ire
364 1375 480 1443 missio;
510 1377 540 1435 in
568 1376 624 1447 tio,
653 1393 703 1436 um
731 1373 840 1456 syllaba
863 1376 894 1435 in
918 1377 947 1435 io
970 1392 1131 1444 conuersa,
1160 1381 1192 1435 ut
1214 1374 1371 1455 probatum
1393 1377 1437 1437 ire

100 1497 127 1536 ao
139 1476 290 1557 probatio,
314 1478 356 1537 sic
377 1477 527 1538 inuocatio
551 1474 678 1538 laudatio
701 1477 829 1538 eleuatio
853 1479 1005 1557 usurpatio
1027 1479 1103 1538 ratio
1126 1480 1244 1557 equatio
1267 1476 1438 1540 obseruatio

140 1578 230 1641 dictio
253 1581 348 1641 oratio
372 1579 459 1639 lectio
482 1577 608 1646 auditio:
633 1580 664 1638 in
687 1587 744 1649 tor,
768 1586 800 1639 ut
823 1576 900 1639 bello
923 1577 1064 1639 bellatum
1082 1579 1125 1639 ire
1141 1577 1276 1646 bellator,
1300 1586 1330 1640 et
1351 1579 1438 1640 lemi-

141 1683 245 1742 niuum
274 1683 304 1742 in
332 1682 404 1749 trix,
435 1687 467 1740 ut
493 1678 644 1747 bellatrix.
674 1698 768 1741 uenor
795 1688 936 1741 uenatum
964 1682 1009 1741 ire
1037 1683 1189 1749 uenatrix,
1218 1680 1308 1742 luicio
1330 1680 1436 1742 tultum

141 1786 186 1843 ire
213 1781 329 1853 tultriu,
359 1784 402 1844 sic
431 1783 526 1842 uictor
550 1783 673 1849 uictrix,
703 1783 811 1861 petitor
833 1782 967 1862 petitrix,
996 1782 1114 1843 auditor
1136 1782 1280 1860 auditrix,
1308 1783 1438 1846 nutritor

128 1886 240 1947 voutrin
269 1886 366 1945 minus
394 1903 451 1945 rana
480 1882 591 1963 syllaba
620 1894 744 1964 propter
770 1883 964 1965 euphoniam,
993 1885 1063 1945 item
1086 1883 1190 1946 doctor
1212 1885 1326 1946 doctrix
1350 1894 1380 1946 et
1401 1884 1438 1946 ab

103 2007 128 2048 aa
142 2005 178 2047 eo
199 1986 350 2054 doctrina,
380 1993 484 2047 tonsor
507 1988 632 2047 tonstrix
655 1987 815 2057 tonstrina,
844 1993 940 2047 textor
963 1988 1069 2047 textrix
1093 1988 1236 2055 textrina;
1265 1988 1296 2048 in
1319 2005 1384 2058 sor,
1407 1995 1440 2047 ut

141 2088 229 2150 iubeo
251 2090 364 2150 iussum
386 2089 431 2148 irc
453 2090 559 2158 iussor,
583 2088 694 2150 suadeo
716 2106 835 2149 suasum
857 2089 902 2149 ire
923 2106 1037 2157 suasor,
1061 2087 1145 2149 rideo
1167 2090 1259 2149 risum
1282 2090 1326 2150 ire
1350 2089 1439 2159 risor,

142 2192 185 2252 sic
207 2207 333 2270 pransor
355 2209 462 2252 censor
484 2189 623 2252 defensor
645 2188 743 2259 lusor;
772 2191 803 2251 in
826 2188 906 2259 hilis,
930 2197 963 2251 ut
985 2197 1114 2252 amatum
1136 2192 1180 2252 ire
1203 2187 1352 2262 amabilis,
1375 2188 1438 2253 lau·

143 2291 243 2352 datum
272 2292 317 2352 ire
346 2291 514 2361 laudabilis,
545 2298 653 2354 statum
682 2294 727 2353 ire
749 2291 875 2362 stabilis,
904 2301 1016 2353 motum
1039 2294 1083 2352 ire
1105 2291 1240 2363 mobilis,
1269 2300 1372 2354 notum
1394 2295 1439 2354 ire

143 2391 267 2461 nobilis,
297 2394 429 2455 auditum
459 2397 503 2455 ire
531 2392 683 2463 audibilis,
712 2396 756 2454 sic
782 2392 908 2454 oisihilis
930 2392 1079 2473 passibilis
1100 2394 1264 2462 sensibilis;
1296 2394 1327 2455 in
1349 2397 1438 2463 dous,

103 2517 129 2558 ao
142 2502 174 2556 ut
195 2502 327 2575 optatum
350 2497 395 2556 ire
418 2498 579 2577 optatiuus,
609 2497 772 2558 deductum
794 2498 839 2557 ire
857 2491 871 2578 11
888 2494 907 2555 l.
924 2491 986 2557 85δ
1003 2493 1014 2576 ΙΙ
1036 2495 1227 2564 dirinatiuus,
1255 2498 1438 2558 nominatum

143 2598 187 2658 ire
214 2598 428 2666 nominalium:
459 2600 488 2660 in
514 2600 602 2668 icius,
632 2604 663 2658 ιιι
685 2597 844 2658 aduentum
867 2597 912 2657 ire
934 2595 1119 2658 aduenticius
1140 2603 1372 2659 commentatum
1395 2598 1440 2658 ire

144 2700 406 2761 commentaticius.
445 2701 648 2781 Aparticipiis
669 2700 867 2760 inueniuntur
890 2697 1041 2760 deriuatae
1064 2700 1288 2761 terminationes
1309 2701 1340 2761 in
1362 2698 1436 2761 bun·

143 2801 213 2872 dus,
237 2802 266 2861 in
290 2820 361 2871 uus,
384 2803 415 2861 in
439 2803 495 2870 tio,
518 2804 548 2863 in
571 2821 602 2871 a;
629 2803 659 2863 in
684 2800 816 2876 bandus,
840 2807 871 2862 ot
893 2801 995 2863 turcus
1017 2799 1210 2872 furibundus,
1234 2799 1340 2863 ludens
1361 2799 1438 2862 ludi·

144 2901 274 2972 hundos,
304 2905 435 2964 moriens
464 2903 673 2972 moribundos,
702 2902 813 2964 saltans
840 2903 1047 2974 saltabundus,
1075 2909 1197 2966 cantans
1219 2902 1438 2972 cantabundus:

104 3005 174 3067 selo
208 3022 278 3075 uus,
314 3012 346 3065 ut
379 3008 549 3066 nominatus
582 3006 725 3067 nominati
755 3007 968 3076 nominatiuos,
1002 3012 1124 3068 uocatus
1151 3007 1248 3068 uocati
1277 3007 1438 3076 uocatiuus,

145 3107 302 3170 meditatos
324 3107 457 3168 meditati
478 3108 676 3169 meditatiuus.
714 3107 747 3168 lo
770 3109 820 3178 tio,
845 3115 877 3169 ut
899 3107 1004 3169 doctus
1026 3108 1105 3170 docti
1127 3107 1234 3178 doctio,
1258 3115 1440 3170 memoratus

117 3210 299 3272 *memorati
328 3211 515 3279 memoratio,
544 3208 713 3271 consolatus
741 3209 885 3272 consolati
912 3210 1088 3280 consolatio;
1117 3213 1148 3271 in
1171 3227 1241 3281 ura,
1270 3217 1303 3270 ut
1324 3211 1441 3290 pictura

143 3312 292 3391 scriptura
315 3318 420 3372 natura
442 3318 577 3373 creatura
600 3329 734 3373 censura.
779 3312 815 3373 Et
839 3312 981 3374 oerhialia
1004 3313 1174 3374 nomina'in
1199 3331 1253 3374 ura
1275 3311 1439 3373 desinentia

144 3413 268 3474 turmam
292 3411 403 3475 liabent
424 3415 647 3492 participiorum
668 3415 834 3476 actinorum
849 3415 941 3475 futuri
957 3416 1110 3492 temporis,
1133 3421 1166 3474 ut
1180 3411 1312 3475 lecturus
1325 3411 1439 3475 lectura

105 3533 132 3574 ao
145 3513 300 3576 lecturum.
339 3515 487 3576 Memento
509 3523 606 3577 tamen
630 3517 853 3596 participiorum
870 3522 899 3576 et
913 3517 1068 3576 nominum
1091 3516 1223 3577 eiusdem
1239 3516 1332 3588 uocis,
1354 3515 1439 3595 quin-

144 3634 202 3697 que
224 3616 320 3678 modis
336 3616 478 3688 ditierre,
507 3619 721 3696 significatione
746 3619 957 3698 conparatione
979 3619 1125 3679 seruitute
1147 3617 1342 3678 declinatione
1364 3624 1439 3678 tem·

145 3736 234 3798 pore:
262 3720 491 3797 significatione:
521 3722 605 3800 quia,
634 3719 752 3799 quando
780 3736 889 3780 nomen
917 3724 976 3788 est,
1006 3725 1173 3780 creaturam
1195 3721 1259 3780 siue
1281 3735 1440 3799 personam

145 3819 274 3882 hominis
306 3822 450 3899 siguificat
481 3821 576 3899 qualis
603 3823 656 3892 sit,
691 3828 724 3881 ut
750 3822 882 3901 sapiens;
918 3821 1037 3901 quando
1066 3840 1140 3884 uero
1169 3822 1373 3902 participium,
1408 3828 1442 3882 ιιι

146 3921 292 4001 Opilius
314 3922 458 3992 ostendit,
482 3922 592 4003 aliquid
616 3924 748 4001 agitant
775 3924 884 4004 patitur
912 3925 943 3984 in
972 3925 1122 4004 praesenti
1151 3922 1199 3984 uel
1226 3925 1257 3984 in
1281 3924 1441 4004 praeterito

106 4022 193 4085 seuel
215 4025 245 4084 in
268 4025 383 4094 iuturo;
414 4027 640 4104 conparatione:
670 4024 787 4104 quando
810 4027 889 4087 enim
912 4027 1032 4087 nomina
1054 4033 1137 4094 sunt,
1166 4032 1380 4104 conparantur,
1410 4030 1443 4085 ut

147 4126 251 4187 doctos
279 4126 393 4188 doctior
421 4126 623 4198 doctissimus,
659 4128 815 4207 participia
844 4146 917 4189 nero
945 4144 1004 4188 non
1033 4134 1245 4206 conparantura
1280 4126 1441 4188 seruitute:

147 4226 265 4307 quando
293 4230 411 4291 uomina
432 4238 514 4298 sunt,
542 4232 681 4309 genetiuo
704 4231 855 4305 seruiunt,
884 4236 916 4290 ut
938 4246 1040 4291 amans
1062 4227 1154 4299 illius,
1185 4227 1241 4289 hoc
1263 4234 1308 4289 est
1328 4233 1442 4288 amator

216 4448 394 4498 ioreaculum
474 4452 635 4501 tineremen
653 4450 681 4502 ιιῑ
745 4451 917 4516 tlpurgatnm
934 4463 1103 4515 repurgemen
1123 4449 1171 4498 ttos
1239 4447 1322 4498 otico
1340 4447 1442 4498 licatum

146 4515 184 4564 ire
201 4515 305 4566 licnmen
376 4514 514 4584 certamen]
534 4534 607 4569 secer
624 4528 707 4569 tamen
777 4514 881 4584 agmen]
901 4515 959 4567 erarii
1049 4519 1181 4567 liussum
1199 4517 1280 4567 iussio
1349 4515 1441 4566 8ledo

146 4589 195 4636 etc.
263 4585 391 4634 amisum
443 4586 518 4636 misio
570 4589 595 4635 iu
615 4586 641 4636 id
659 4600 784 4637 concresse
838 4588 868 4635 12
887 4585 969 4635 lulceo
1039 4588 1070 4637 15
1089 4585 1183 4634 tontrix
1237 4586 1269 4635 16
1286 4587 1358 4635 iusor
1410 4586 1442 4634 17

146 4647 247 4717 censor]
265 4661 353 4702 torreor
421 4655 609 4704 aedificatum
628 4655 728 4710 ireom,
796 4656 828 4703 et
848 4653 906 4702 iiius
967 4653 1108 4703 aduenticia
1176 4653 1210 4702 22
1227 4653 1341 4702 deridete
1408 4653 1442 4702 23

146 4718 242 4769 furiens
261 4718 403 4770 torbnndns
463 4724 496 4771 2ss
516 4722 628 4772 meditati
647 4723 777 4771 meditatio
796 4723 822 4771 in
841 4721 885 4770 itio
937 4723 969 4771 27
988 4722 1138 4771 consulatus
1155 4719 1281 4770 consulati
1298 4718 1442 4769 consolatio

145 4787 180 4838 28
198 4785 238 4836 uel
256 4788 376 4837 uerbielie
461 4792 493 4840 ιιι
512 4785 665 4856 nerinorum]
686 4791 866 4855 passuieorum
934 4788 1013 4839 lectus
1099 4792 1132 4839 33
1152 4787 1314 4853 participium
1338 4787 1441 4853 opillius

146 4853 257 4906 ostendit
274 4855 335 4917 qnid
354 4858 407 4922 agit
476 4859 508 4908 34
526 4858 550 4907 'm
570 4858 706 4923 praeterito
775 4858 808 4908 36
825 4856 975 4908 doctissima
1043 4858 1076 4909 et
1094 4869 1165 4904 amns
1183 4854 1251 4905 iltius
