3382 5476
812 1237 945 1319 VII

308 1451 609 1550 VERGILII
636 1451 1071 1551 GRAMMATICI
1095 1436 1448 1549 EXOERPTA

591 1604 852 1704 PARTIM
877 1605 1170 1703 INEDITA.

317 2025 330 2108 ll
347 2027 366 2088 i.
382 2024 422 2088 2³
438 2025 453 2110 ΙΙ
476 2028 632 2101 Quomodo
654 2048 795 2092 sonamus
816 2029 1036 2111 diphthongon,
1066 2027 1185 2111 quando
1209 2047 1298 2091 unam
1321 2026 1464 2110 syllabam
1488 2026 1525 2088 de

230 2128 346 2191 duabus
369 2129 523 2192 uocalihus
545 2132 686 2193 iacimus?
718 2132 938 2195 Priscianus
960 2132 1047 2193 dicit:
1076 2130 1194 2212 quando
1216 2130 1293 2193 duae
1314 2128 1434 2192 uocales
1456 2148 1526 2190 suas

229 2252 321 2294 uoces
343 2231 469 2302 hahent,
493 2233 561 2293 ideo
584 2232 785 2312 diphthongos
807 2232 924 2308 dicitur,
948 2232 1026 2314 quod
1051 2231 1135 2294 binas
1157 2251 1248 2294 uoces
1270 2231 1389 2292 hahent.
1435 2230 1525 2316 Ver-

230 2333 350 2413 gilius
377 2342 476 2394 tamen
505 2333 590 2403 dicit,
619 2333 698 2414 qnod
721 2337 815 2415 prima
839 2333 952 2395 uocalis
973 2336 1003 2394 in
1026 2333 1210 2413 diphthongo
1234 2352 1338 2394 uocem
1362 2351 1421 2393 non
1444 2332 1548 2401 lacit·

203 2435 284 2497 ased
307 2453 413 2496 sonum
437 2438 557 2505 amittit,
580 2444 613 2496 ut
635 2437 699 2515 ipse
722 2435 808 2497 dicit:
836 2434 985 2508 Quaedam
1009 2444 1107 2496 autem
1130 2423 1277 2497 uocalium
1299 2432 1424 2514 mohiles
1446 2441 1525 2501 sunt,

231 2537 376 2615 quaedam
399 2535 518 2598 stabiles
540 2584 631 2599 .....
653 2535 796 2617 quaedam
819 2539 956 2617 quotiens
978 2538 1073 2599 lortes
1095 2555 1154 2598 rron
1177 2554 1305 2614 cumque
1327 2535 1524 2616 proscriptiue

232 2637 381 2707 uidentur,
404 2646 438 2698 ut
458 2657 558 2707 aou;
588 2639 696 2699 etenim
719 2656 750 2706 a.
778 2657 844 2698 cum
867 2641 897 2699 in
920 2639 1067 2719 principio
1089 2639 1188 2700 dneue
1209 2637 1336 2700 alicuius
1358 2638 1525 2729 partis-po·

229 2741 285 2801 sita
309 2740 412 2810 luerit,
435 2758 451 2799 e
474 2742 572 2800 statim
596 2758 655 2800 non
677 2738 879 2817 subsequente
901 2758 948 2801 ma
1055 2758 1122 2801 cum
1144 2738 1328 2819 producitur,
1352 2739 1438 2800 lortls
1460 2739 1525 2809 erit,

230 2850 263 2904 ut
285 2843 375 2902 ‘ars'
398 2842 527 2902 ‘amori’
551 2840 703 2908 ‘schola';
731 2848 761 2901 at
783 2860 851 2902 cum
874 2840 1035 2921 praedictis
1058 2841 1130 2902 locis
1152 2859 1169 2900 e
1191 2859 1255 2902 eam
1278 2839 1439 2902 subsecuta
1460 2840 1525 2901 lue-

191 2964 217 3004 1o
230 2945 285 3012 rit,
308 2963 325 3004 a
346 2943 473 3005 infirmis
495 2940 629 3009 hahetur.
652 2949 685 3003 ut
707 2945 782 3003 ‘aes’
804 2944 944 3004 ‘deneas'
967 2943 1144 3024 ‘Mycenae’
1168 2934 1334 3012 ‘Cannae⁵,
1357 2945 1435 3004 sicut
1456 2951 1486 3002 et
1508 2960 1526 3000 o

230 3045 318 3106 lortis
340 3046 398 3106 erit
420 3046 450 3104 in
474 3041 520 3103 his
542 3042 625 3114 locis,
649 3052 682 3103 ut
704 3047 795 3104 ‘amo’
819 3048 877 3104 ‘os'
899 3045 1019 3121 ‘origo',
1035 3045 1168 3112 ‘sermo’3
1191 3052 1221 3105 at
1243 3063 1310 3107 cuin
1334 3064 1350 3105 e
1372 3051 1525 3122 sequatur,

230 3144 407 3227 diphthongi
429 3144 496 3207 loco
517 3153 655 3225 ponetur,
678 3156 712 3206 ut
734 3146 854 3226 ‘poena'
877 3146 1017 3206 ‘foedus’.

318 3245 329 3329 ll
348 3248 368 3307 l.
384 3243 424 3308 3·
441 3244 453 3327 ll
480 3244 514 3306 Vt
536 3244 727 3326 Vergilius
749 3245 835 3307 dicit:
866 3245 1028 3308 Sciendum
1051 3256 1098 3308 est
1119 3266 1203 3318 sane,
1227 3247 1322 3328 quod,
1344 3247 1523 3325 ubicumque

230 3347 365 3411 neodem
388 3345 553 3427 quamlibet
574 3350 604 3408 in
628 3346 723 3408 media
746 3356 830 3427 parte
852 3349 978 3427 positam
1002 3347 1150 3429 duplicata
1171 3366 1186 3410 s
1207 3357 1308 3410 secuta
1332 3350 1430 3423 luerit,
1454 3367 1523 3409 ean-

191 3471 217 3512 15
231 3451 298 3513 dem
322 3448 453 3511 uocalem
477 3450 685 3527 corripiemus,
710 3457 742 3511 ut
763 3451 887 3510 ‘nassa’
910 3450 1014 3511 ‘loma’
1036 3450 1198 3524 †‘uessit’
1221 3450 1300 3510 idest
1321 3451 1392 3519 scit,
1416 3449 1524 3510 ‘uissit’

230 3552 307 3612 idest
329 3551 418 3618 uidit;
442 3560 471 3609 at
492 3551 517 3610 si
540 3568 614 3619 una,
638 3551 752 3611 uocalis
773 3552 964 3630 producetur,
993 3551 1377 3630 nt‘gloriosus'‘11isus'.
1421 3553 1525 3612 Omnis
1574 3612 1579 3620 ,

230 3653 433 3734 superlatiuus
454 3652 564 3730 gradus
586 3670 600 3712 s
623 3650 800 3731 duplicatam
823 3672 942 3733 semper
964 3652 1102 3723 hahebit,
1126 3661 1159 3715 ut
1180 3652 1356 3722 altissimus;
1378 3654 1422 3713 sic
1444 3661 1474 3713 ct
1495 3673 1525 3713 m

231 3755 379 3835 duplicata
407 3762 475 3814 ante
504 3758 591 3814 sitam
619 3755 744 3834 corripit
772 3753 921 3823 uocalem,
956 3763 989 3815 nt
1016 3773 1150 3816 summus
1176 3773 1327 3834 gammus;
1362 3756 1409 3816 sin
1443 3754 1523 3825 alias,

231 3856 422 3938 producetur,
448 3863 480 3916 ut
501 3874 603 3916 sumus
623 3873 732 3917 ramus.

298 4144 352 4194 Ara
369 4145 465 4194 codicia
481 4143 622 4194 Balnearia
642 4146 693 4193 123
710 4159 746 4194 ex
763 4145 844 4194 randis
861 4144 1006 4195 auctoribus
1022 4148 1130 4195 collecta
1144 4145 1167 4207 f.
1181 4142 1307 4194 1⁸-arb
1388 4147 1401 4193 1
1420 4144 1524 4210 dipton-

230 4227 283 4279 gon
300 4215 342 4262 uel
357 4213 509 4277 dyptongon
526 4228 627 4276 smper
694 4207 888 4278 2Priscianua]
907 4213 943 4275 cf.
961 4212 979 4262 1
994 4229 1021 4276 ρ.
1035 4215 1078 4271 37,
1091 4214 1136 4262 ta:
1155 4211 1310 4277 diphthongi
1328 4223 1411 4261 autern
1430 4212 1523 4261 dieun-

230 4293 280 4342 tur,
299 4279 369 4342 quod
387 4281 461 4329 hinoa
480 4279 635 4345 phthongos,
654 4279 703 4329 hoc
720 4291 759 4330 est
776 4294 863 4343 uoces,
880 4279 1107 4346 comprehendunt
1159 4294 1208 4342 que
1225 4278 1275 4328 duc
1338 4282 1354 4330 3
1371 4279 1522 4346 dyptongon

300 4344 444 4412 Vergilius]
463 4348 521 4398 Non
539 4354 613 4398 extat
631 4349 653 4397 io
670 4350 740 4398 locus
756 4350 828 4413 apud
844 4347 949 4411 Maium,
966 4349 1014 4398 ced
1029 4350 1124 4397 citatur
1140 4363 1157 4396 a
1174 4346 1334 4398 Gruindmelo
1351 4349 1524 4412 ammaim,

230 4416 266 4481 cf.
284 4416 320 4465 H.
340 4415 421 4466 Keilii
437 4416 469 4466 de
485 4417 656 4479 prarnmatioie
671 4417 771 4479 infimae
787 4417 881 4466 aetatis
896 4431 1051 4481 promarum
1090 4414 1199 4479 Erlung.
1212 4417 1278 4466 18⁶8
1293 4432 1320 4480 p.
1335 4417 1382 4466 18:
1399 4414 1524 4479 Virgilius

229 4495 315 4535 tamen
333 4483 403 4532 hlaro
422 4484 448 4532 in
466 4484 521 4533 suis
539 4483 601 4533 dicit
618 4483 749 4549 epistolis,
776 4484 845 4546 qnod
871 4483 938 4533 duae
964 4484 1065 4533 uocales
1092 4483 1118 4532 in
1144 4496 1221 4532 uuam
1247 4482 1371 4546 syllohom
1397 4483 1523 4548 dppcongi

229 4553 332 4601 iunctae
350 4564 400 4599 non
418 4562 530 4616 possunt
546 4565 622 4601 suum
640 4552 783 4615 exprimere
799 4565 902 4606 sonum.
970 4550 1098 4615 uirgilius‚
1116 4566 1186 4601 corr.
1200 4565 1272 4616 uerg.
1340 4553 1424 4612 eque
1441 4551 1524 4616 prima

231 4618 335 4669 uocales
353 4618 378 4667 ln
396 4618 548 4685 dyptongon
567 4634 617 4669 non
635 4617 696 4667 lacit
746 4620 839 4669 dsoni
891 4618 989 4669 nobiles
1057 4620 1150 4684 lipari
1167 4617 1272 4668 stabiles
1290 4617 1434 4669 manuam
1451 4635 1524 4668 unum

228 4687 366 4754 putredine
384 4689 485 4737 euanuit
537 4686 640 4738 aaron
658 4696 684 4736 nt
700 4687 774 4736 cuius
825 4685 888 4736 locis
906 4701 962 4736 eam
980 4702 1012 4736 au
1017 4723 1092 4736 .....
1161 4689 1193 4736 10
1209 4686 1304 4736 nemias
1322 4685 1420 4751 micenq
1438 4701 1524 4752 gannq

232 4757 399 4806 stacteum
486 4755 663 4821 morpheae
680 4764 767 4803 securta
853 4756 884 4805 15
902 4753 973 4804 lossn
993 4755 1025 4803 ·i·
1044 4755 1093 4804 scit
1111 4755 1191 4804 cressit
1213 4754 1288 4804 uiasit
1306 4755 1339 4802 ·i·
1358 4753 1423 4802 uidit
1439 4765 1484 4803 aut
1500 4755 1523 4804 si

230 4824 263 4875 ll
280 4822 378 4889 grand;
447 4825 478 4873 19
496 4840 585 4873 sumus
603 4838 695 4874 τι...
