3382 5476
248 358 381 408 CLXVIII
786 342 1012 396 Psslscttuun

248 531 262 615 ll
278 552 308 613 p.
325 530 345 594 8
361 529 373 614 ΙΙ
389 533 462 593 Cum
479 534 509 594 In
526 534 622 613 capite
638 533 871 612 uniuscuiusque
887 528 953 592 libri
968 532 1059 593 rrirrlta
1074 533 1189 612 possiut
1203 533 1332 609 requirI,
1349 551 1384 594 ex
1401 531 1539 595 omnihus

248 634 305 695 bae
326 636 486 715 perinchae
508 634 585 695 idest
607 635 857 708 circumstantiae,
882 631 990 710 quibus
1012 641 1088 693 totus
1104 632 1263 694 roboratur
1279 633 1354 695 iiber
1370 642 1399 695 ot
1413 644 1538 705 constat,

248 736 482 799 considerandae
504 746 582 807 sunt,
606 736 746 798 uidelicet
767 737 833 816 quis
855 736 982 814 scripsit,
1006 734 1076 812 quid
1099 736 1227 815 scripsit,
1251 742 1392 814 quantum
1409 739 1538 816 scripsit,

249 837 377 917 qualiter
392 840 521 917 scripsit,
540 855 631 915 quare
647 839 775 918 scripsit,
792 836 841 898 ubi
859 835 906 897 uel
923 835 1041 914 quando
1057 838 1178 915 scripsit
1199 846 1229 897 et
1250 837 1286 897 ad
1302 856 1391 917 quem
1408 839 1538 917 scripsit.

250 940 281 1001 st
303 940 482 1017 requiritur,
512 941 578 1017 quis
606 940 739 1016 scripsit:
768 939 937 1000 Priscianus
965 939 1099 1016 scripsit,
1129 940 1213 1000 cuius
1240 957 1349 1000 nomen
1378 938 1568 1001 dirIuatums

158 1031 161 1038 ¹
250 1048 381 1103 estnon
410 1058 426 1100 a
456 1042 601 1121 ‘prisco',
630 1040 681 1101 sed
710 1057 727 1100 a
755 1040 913 1108 ‘Priscio',
943 1039 1104 1118 sicutipse
1131 1038 1212 1100 dicit.
1257 1039 1324 1100 Fuit
1346 1050 1444 1103 autem
1467 1041 1541 1102 ciuis

250 1144 462 1211 Caesariensis,
487 1142 637 1203 Romanus
659 1158 779 1218 genere,
803 1142 878 1202 sicut
900 1143 962 1220 Ipse
985 1142 1015 1200 iu
1037 1139 1160 1220 epistola
1177 1134 1355 1203 manifestat.
1399 1143 1457 1203 Sed
1473 1160 1540 1204 cum

250 1243 350 1322 plures
378 1243 538 1304 Caesareas
564 1241 712 1321 legamus,
740 1240 778 1302 de
807 1261 864 1322 qua
895 1241 999 1303 barum
1028 1243 1132 1313 luerit,
1162 1262 1178 1302 a
1205 1242 1355 1324 plerisque
1377 1242 1539 1307 dubitatur.

248 1345 323 1407 Nam
345 1346 488 1407 Caesarea
512 1352 557 1405 est
572 1343 749 1413 Palaestine,
773 1344 916 1405 Caesarea
931 1346 1071 1420 Augusta,
1095 1346 1237 1405 Caesarea
1254 1345 1448 1424 Cappadocia.
1482 1347 1541 1407 Sed

251 1446 402 1526 quidam
430 1444 602 1515 adfirmant,
632 1445 806 1507 Caesaream
837 1447 939 1515 istam,
969 1444 1006 1504 de
1035 1466 1090 1525 qua
1113 1445 1284 1506 Priscianus
1311 1446 1454 1530 oriundus
1476 1449 1584 1518 luit,1o

251 1548 399 1610 coloniam
416 1550 534 1610 Africae
552 1567 628 1616 esse,
651 1545 798 1609 subditam
816 1556 913 1609 tamen
929 1547 1061 1607 Rourauo
1077 1549 1203 1628 imperio
1225 1550 1284 1609 iam
1307 1557 1377 1610 tunc
1399 1552 1543 1631 temporis

249 1653 326 1712 sicut
348 1660 377 1711 et
399 1657 488 1711 totam
512 1650 649 1711 Africam.

336 1752 366 1811 Si
389 1753 587 1832 requiramus,
612 1751 682 1828 quid
705 1752 839 1830 scripsit:
863 1752 1084 1829 grammaticam
1107 1751 1233 1830 scripsit.
1279 1753 1474 1813 Grammatica
1492 1771 1541 1813 au-

251 1861 310 1915 tem
333 1853 479 1913 diriuatur
500 1854 699 1930 a‘gramma'.
744 1853 912 1913 Grammata
930 1871 1002 1912 uero
1018 1871 1032 1913 a
1051 1854 1216 1930 ‘gramme’,
1240 1855 1316 1914 sicut
1339 1855 1543 1915 Martianus

252 1956 354 2016 docet:
378 1956 490 2016 Graece
513 1972 646 2033 gramme
668 1953 746 2015 linea
769 1953 892 2022 dicitur,
916 1952 985 2014 inde
1008 1972 1139 2032 gramma
1163 1952 1275 2022 littera,
1299 1975 1334 2014 oo
1356 1952 1545 2035 quod‘lineis
1561 1980 1585 2019 15

252 2058 406 2118 formetur.
453 2056 566 2116 Exinde
594 2075 666 2116 uero
695 2057 885 2134 grammatica
914 2065 959 2115 est
981 2073 1029 2116 ars
1052 2054 1194 2116 litteralis.
1241 2055 1311 2116 Indo
1334 2060 1544 2135 grammaticus

252 2159 407 2221 litteratus.
454 2159 531 2237 Ergo
555 2159 623 2238 quia
644 2160 853 2237 grammaticus
876 2166 940 2218 erat
962 2157 1143 2227 Priscianus,
1172 2159 1393 2236 grammaticam
1416 2160 1542 2238 scripsit.

337 2260 375 2321 Se
398 2261 586 2336 requirimus,
611 2266 752 2339 quantum
775 2260 909 2338 scripsit:
933 2257 1036 2319 decom
1061 2268 1089 2318 et
1111 2266 1177 2319 octo
1193 2257 1286 2320 libros
1300 2259 1427 2340 scripsit
1466 2260 1543 2332 Qua·

255 2365 336 2425 liter:
361 2363 552 2442 grammatIce
575 2360 663 2422 bene.

337 2466 429 2526 Causa
452 2471 566 2531 autem,
596 2482 687 2543 quaro
709 2464 878 2542 scripserit,
908 2462 980 2524 baec
1002 2465 1174 2541 agnoscitur
1197 2464 1300 2535 luisse,
1330 2466 1490 2544 sicutipse
1512 2467 1585 2533 iun,

255 2564 377 2647 epistola
402 2566 577 2627 manifestat.
623 2566 694 2627 Cum
718 2563 813 2625 Latini
837 2585 852 2625 a
876 2566 1007 2634 Graecis,
1033 2568 1081 2643 qui
1106 2584 1176 2646 prae
1204 2570 1312 2627 ceteris
1340 2565 1477 2645 gentibus
1499 2586 1545 2628 sa·

253 2670 365 2750 pientia
389 2666 542 2736 florebant,
565 2666 703 2727 liberales
725 2684 795 2728 acce
812 2664 815 2748 l
834 2686 861 2746 p.
879 2663 899 2726 9
917 2667 920 2747 ff
937 2669 1051 2747 pissent
1072 2677 1166 2737 artes,
1190 2676 1271 2728 tanto
1295 2687 1395 2728 amore
1417 2670 1545 2730 Graeco·

254 2790 320 2832 rum
352 2770 506 2830 doctorum
534 2770 650 2848 decepti
680 2777 762 2836 suut,
793 2777 825 2829 ut
853 2769 940 2829 etiam
970 2768 1113 2846 quosdam
1141 2788 1260 2831 errores
1289 2788 1407 2840 eorum,
1437 2772 1488 2850 qui
1516 2773 1546 2832 iu

255 2872 404 2934 mendosis
427 2879 511 2932 erant
533 2869 626 2939 libris,
651 2872 681 2928 iu
698 2869 829 2930 Latinam
854 2870 983 2948 linguam
1008 2871 1212 2931 transferrent.
1257 2871 1315 2932 Sed
1338 2890 1405 2933 cum
1428 2891 1548 2934 errores

256 2976 435 3036 Graecorum
460 2981 489 3033 et
512 2973 581 3031 uitia
605 2973 711 3031 artium
735 2971 793 3030 duo
816 2973 987 3051 peritissimi
1011 2972 1148 3032 doctores
1168 2972 1356 3035 Herodianus
1379 2983 1408 3035 et
1428 2973 1546 3053 Apollo·
1560 3001 1587 3041 25

256 3078 323 3137 nius
346 3083 471 3155 uterque
494 3076 624 3134 Graecus
647 3072 870 3142 emendassent,
895 3073 972 3152 apud
988 3072 1108 3135 Latinos
1124 3083 1222 3134 autem
1245 3095 1337 3155 usque
1360 3075 1396 3136 ad
1413 3083 1547 3154 tempora

256 3177 399 3238 Prisciani
427 3175 505 3235 idem
535 3192 654 3235 errores
683 3176 841 3236 incorrecti
863 3183 890 3236 et
915 3174 1095 3237 inemendati
1119 3176 1257 3246 luissent,
1288 3177 1455 3238 Priscianus
1476 3177 1547 3238 bor·

256 3284 336 3340 tante
359 3277 472 3338 Iuliano
495 3278 619 3356 patricio
642 3276 784 3354 colligens
806 3278 995 3338 auctoritates
1018 3285 1047 3338 et
1070 3279 1283 3356 exemplatam
1307 3299 1343 3341 ex
1365 3280 1547 3341 Graecorum

257 3379 443 3454 auctoribus,
468 3379 626 3458 praecipue
648 3377 817 3439 Herodiano
846 3387 876 3439 et
897 3378 1069 3458 Apollonio,
1098 3399 1185 3460 quam
1216 3399 1252 3441 ex
1274 3379 1472 3443 nobilioribus
1494 3382 1547 3443 La·

216 3501 223 3516 ·
257 3484 385 3542 tinorum
416 3481 472 3540 lroc
501 3479 592 3540 edidit
621 3497 696 3559 opus
731 3479 952 3550 demonstrans,
989 3481 1116 3561 qualiter
1143 3485 1333 3560 grammatica
1366 3485 1477 3546 rectius
1510 3487 1588 3551 sitso

256 3583 376 3644 utenda.

343 3685 374 3745 Si
391 3681 581 3761 requirimus,
605 3684 656 3746 ubi
679 3687 814 3763 scripsit:
837 3684 950 3747 Romae
973 3686 1225 3768 Constantinopoli
1248 3689 1381 3768 scripsit,
1406 3706 1480 3766 quae
1502 3708 1549 3750 se·

186 3863 190 3872 Ι
260 3787 354 3848 cunda
377 3784 541 3866 appellatur
564 3786 656 3847 Roma
683 3785 738 3868 hac
766 3787 803 3847 de
832 3805 930 3849 causa.
974 3788 1132 3868 Postquam
1156 3790 1365 3852 Constantium
1387 3791 1548 3870 imperator

258 3892 343 3967 siguo
372 3890 469 3950 crucis
497 3889 562 3950 uiso
591 3889 621 3948 in
650 3889 732 3950 caelo
761 3898 790 3949 et
819 3889 906 3950 beato
929 3889 1071 3952 Siluestro
1094 3891 1285 3972 praedicante
1308 3893 1343 3953 ad
1366 3893 1454 3954 iidem
1477 3911 1548 3953 cou-

257 4009 363 4052 uersus
386 3999 431 4051 est
453 3990 575 4063 Christi,
606 4000 718 4053 tautum
748 3993 891 4053 bonorem
915 3993 1034 4076 domino
1057 4002 1086 4053 et
1107 3995 1241 4073 apostolo
1265 3997 1333 4067 ,eius
1356 3995 1443 4056 Petro
1466 3995 1548 4056 eubi-
1562 4015 1588 4056 ss

258 4091 329 4162 buit,
353 4100 386 4152 ut
407 4093 535 4154 diceret:
554 4093 635 4182 '‘Non
652 4102 749 4174 potest
764 4093 838 4155 duos
854 4097 1048 4174 imperatores
1063 4095 1157 4157 Roma
1178 4095 1289 4158 babere
1304 4117 1352 4159 me
1368 4107 1397 4158 et
1412 4105 1548 4158 sanctum

259 4194 404 4257 Petrum’.
448 4193 533 4256 Tunc
557 4196 650 4257 uoluit
672 4194 828 4258 aedificare
851 4197 997 4257 ciuitatem
1022 4198 1132 4272 regIam
1156 4197 1206 4259 illo
1227 4200 1258 4259 iu
1280 4198 1355 4269 loeo,
1379 4198 1431 4260 ubi
1453 4217 1549 4279 quon-

260 4294 327 4356 dam
350 4297 437 4357 'lroia
461 4297 566 4359 luerat.
612 4297 669 4358 Sed
693 4297 855 4359 reuelatum
880 4306 925 4359 est
940 4299 966 4359 ei
987 4299 1140 4369 diuinitus,
1164 4317 1323 4379 numquam
1348 4319 1412 4361 esse
1434 4300 1548 4361 reaedi-

326 4552 503 4616 2peri0ebiue
554 4553 644 4616 6ipse
661 4551 733 4620 dIcit]
754 4552 952 4618 lp.79,r.1o
970 4553 1005 4603 H.
1040 4554 1109 4602 ciues
1162 4555 1346 4604 ‘lcesariensis
1382 4540 1548 4620 In⁸epistola]

259 4619 318 4682 Ip.
338 4618 419 4669 112.-
449 4631 694 4668 uostrorumnutem
714 4623 838 4679 neminem
912 4622 1072 4687 Ppalestina
1140 4621 1275 4686 capadocia
1355 4624 1387 4671 14
1404 4623 1549 4673 marcianus

259 4683 345 4752 docet]
367 4688 406 4737 De
424 4689 518 4751 nuptiis
535 4695 582 4736 etc.
600 4687 642 4737 lib.
662 4687 714 4737 III
729 4692 777 4741 im:
796 4680 979 4755 γραμματική
998 4690 1069 4738 dicor
1087 4690 1113 4737 in
1126 4689 1242 4749 Graecia,
1261 4690 1331 4753 quod
1349 4681 1464 4757 γραμμή
1482 4690 1551 4740 linea

260 4766 284 4803 et
301 4747 452 4820 γράμματα
481 4754 577 4804 litterae
605 4770 780 4821 irrincupentur
805 4758 918 4820 mihique
941 4759 976 4806 sit
997 4757 1145 4806 attributum
1163 4757 1301 4808 litterarum
1319 4758 1416 4810 Iormas
1436 4760 1549 4824 propriis

260 4821 377 4872 ductibus
395 4823 498 4873 lineare.
568 4825 599 4874 15
616 4840 691 4890 grece
742 4824 823 4874 littera
879 4830 910 4877 ‘21
930 4827 1028 4892 grecis,
1046 4827 1084 4876 sie
1100 4841 1200 4891 semper
1251 4829 1285 4877 35
1302 4826 1401 4878 honore
1452 4827 1551 4879 exibuit
