3382 5476
193 363 238 411 cx
431 339 434 346 '
477 418 484 435 .
541 351 591 401 na
610 349 825 400 caunensis
842 333 1141 401 ainsmaansmvs

277 539 375 612 Atque
396 533 605 619 ninnium)
633 541 665 598 in
685 539 848 599 secundam
876 555 993 613 qnoque
1016 539 1129 597 Donati
1153 538 1313 609 editionem
1340 553 1485 597 commen-

193 645 288 699 tatum
311 656 374 699 esse
395 645 521 714 constat,
545 639 589 712 cs.
614 641 653 700 H.
677 643 772 700 Keilii
787 657 896 716 propr.
922 640 1051 714 Erlanp.
1070 656 1103 715 p.
1122 645 1160 696 21
1182 645 1212 699 el
1236 638 1366 699 Tliuroti
1376 639 1486 698 librum

193 757 290 816 supra
317 743 477 802 laudatum
498 759 534 817 p.
568 748 612 801 10.
665 741 794 813 Quorum
823 743 873 801 liic
899 745 930 802 in
959 742 1137 802 bibliotheca
1164 740 1320 815 Brupensi
1345 742 1396 813 (n.
1427 747 1487 800 637

192 860 272 904 saec.
296 843 398 912 XIII;
426 842 472 916 cs.
496 845 599 904 Laude
625 845 788 918 catalopue
815 845 868 904 iles
895 846 1076 904 manuscrits
1103 845 1140 903 ile
1166 845 1199 902 la
1228 841 1427 918 bibliollie'que
1449 843 1487 901 cle

193 947 314 1020 Brupes
336 963 371 1021 p.
398 951 471 1020 476)
501 937 562 1005 lale
588 954 781 1006 commentum
810 953 920 1006 extare
948 948 1007 1019 ait,
1037 946 1105 1020 scil,
1134 947 1169 1006 icl
1194 946 1276 1021 qnod
1302 960 1488 1021 summopere

193 1049 289 1120 doleo,
322 1047 400 1106 nibil
425 1049 536 1107 certius
569 1049 606 1107 ile
638 1064 673 1108 eo
706 1050 907 1122 6166666666,-
940 1055 1040 1108 tamen
1068 1047 1233 1107 laonensis
1265 1048 1339 1107 libri
1364 1065 1394 1107 n.
1425 1053 1487 1105 466

191 1166 271 1209 saec.
299 1148 383 1209 XIV
411 1147 547 1224 Bemipio
575 1150 716 1209 attributi
740 1150 798 1210 ltoc
825 1166 888 1209 esse
915 1152 1033 1210 initium
1061 1149 1231 1210 contendit:
1260 1148 1418 1219 ‘Quoniam
1445 1149 1489 1207 aii

192 1252 370 1326 sapientiam
388 1267 448 1326 per
467 1254 671 1326 aromaticam
694 1253 890 1311 cecinimus!
930 1254 1045 1312 Keilius
1068 1268 1141 1311 uero
1162 1251 1235 1310 libri
1248 1251 1413 1311 Beruensis
1428 1256 1486 1309 386

166 1421 169 1428 .
193 1368 251 1411 aon
273 1354 334 1412 nisi
352 1352 601 1429 subscriptionem
621 1355 790 1428 proposuit.
830 1353 919 1424 Quem
935 1355 1107 1413 describens
1122 1353 1270 1412 Sinnerus
1283 1353 1377 1415 catal.
1393 1353 1484 1412 coco.

193 1453 311 1513 Beran.
335 1453 356 1511 1
368 1471 403 1529 p.
429 1459 495 1514 369.
520 1461 578 1515 376
599 1472 634 1515 66
656 1452 790 1529 errauit,
820 1457 903 1530 quoii
929 1472 994 1514 eom
1017 1455 1131 1515 Donati
1157 1458 1234 1514 ortis
1259 1456 1412 1515 secundae
1433 1471 1486 1514 ex-

187 1558 371 1630 positionem
397 1554 535 1630 Bemipio
563 1558 717 1630 attribuit,
756 1573 834 1632 quae
862 1559 894 1616 in
926 1560 1012 1617 initio
1039 1556 1068 1630 s.
1102 1562 1135 1614 1⁰
1155 1588 1198 1597 -
1221 1555 1251 1629 s.
1283 1553 1337 1615 24δ
1363 1557 1484 1631 lepitur.

193 1658 283 1718 Hanc
305 1660 382 1717 enim
404 1661 621 1734 expositionem
642 1676 703 1719 non
724 1661 844 1719 saeculo
859 1658 954 1732 Χ111,
978 1660 1032 1719 seil
1046 1657 1115 1718 XII
1135 1660 1291 1732 scriptam,
1315 1674 1406 1733 qaam
1420 1675 1486 1718 curn

193 1761 416 1820 commentariis
438 1760 678 1822 Einsiillensibus
700 1763 850 1822 interilum
872 1777 1041 1836 conpruere
1068 1758 1199 1820 uidimus
1226 1758 1285 1831 (es.
1312 1777 1344 1835 p.
1370 1766 1442 1833 237,
1468 1768 1486 1817 6

193 1878 291 1935 mnrp.
319 1868 353 1919 76
375 1878 474 1936 marp.
500 1868 567 1935 238,
593 1868 628 1920 13
649 1879 748 1936 morq.
764 1867 838 1937 etc.)
861 1880 881 1921 a
896 1862 1034 1937 Bemipio
1056 1864 1187 1922 alienam
1202 1878 1265 1921 esse
1279 1878 1313 1921 eo
1322 1862 1485 1937 probatur,

195 1964 284 2037 quod,
309 1980 399 2038 quam
422 1965 493 2023 inde
513 1965 761 2039 subscriptionem
783 1966 902 2024 Keilius
918 1967 1051 2040 protulit
1060 1982 1095 2039 p.
1115 1971 1169 2022 et:
1192 1963 1330 2038 ‘explicit
1350 1965 1488 2024 Donatus

194 2066 293 2123 maior
314 2069 400 2125 euius
422 2067 578 2141 expositor
599 2073 643 2125 est
664 2067 841 2141 Remipius',
866 2083 902 2125 ea
924 2084 983 2126 noa
1006 2069 1038 2125 in
1060 2066 1158 2137 liuius,
1183 2067 1221 2124 ile
1243 2082 1302 2140 qua
1324 2068 1484 2139 loquimur,

192 2170 253 2239 line
274 2169 396 2241 lopitur,
420 2170 474 2227 seo
494 2170 526 2227 in
549 2169 649 2226 altera
671 2169 709 2226 ab
732 2169 790 2227 ista
811 2171 884 2227 salis
906 2170 1043 2239 diuersa,
1074 2184 1152 2241 qnae
1180 2185 1272 2226 manu
1298 2184 1377 2226 saec.
1402 2165 1489 2229 XIII

195 2270 312 2343 scripta
334 2270 405 2327 inde
427 2268 493 2342 as.
519 2275 575 2328 25⁰
598 2287 689 2344 saque
712 2269 756 2327 acl
771 2268 801 2341 s.
826 2265 881 2328 36ὓ
900 2272 1009 2345 perpit.
1055 2269 1180 2328 Sinaeri
1206 2286 1277 2329 uero
1305 2286 1393 2328 error
1415 2269 1486 2327 inile

195 2377 364 2444 natusest,
394 2372 476 2445 quod
501 2373 533 2430 in
555 2373 668 2454 prima
682 2373 795 2431 codicis
811 2374 933 2446 papirio
960 2389 1052 2431 manu
1073 2373 1276 2431 recentissima
1299 2372 1486 2445 adscriptum

195 2479 238 2532 est
261 2473 299 2532 <1.
324 2473 461 2532 bonatus
480 2488 547 2533 eum
569 2476 757 2549 expositione
779 2472 936 2547 Remipii’,
962 2475 1043 2548 quoil
1063 2474 1106 2531 aii
1127 2475 1254 2532 alteram
1277 2472 1350 2531 libri
1367 2480 1487 2546 partem

145 2651 156 2662 .
193 2577 348 2649 pertinere
369 2577 440 2634 inae
456 2581 563 2652 polet,
593 2578 664 2650 quio
684 2578 785 2636 statim
810 2578 946 2650 seqnitur
974 2579 1021 2636 52,
1042 2577 1144 2649 plossa
1167 2575 1377 2647 Doctrinalis',
1408 2591 1488 2648 quae

196 2678 325 2735 alteram
348 2679 563 2751 expositionem
585 2680 699 2754 excipit
716 2677 746 2751 s.
772 2684 829 2735 36ιι
850 2711 893 2723 —
910 2676 940 2750 s.
965 2683 1028 2735 91⁰.

765 2910 847 2975 Ona.
870 2909 916 2973 ΙΙ.

260 3043 316 3108 DE
346 3043 514 3111 anmals
543 3043 787 3109 BERNENSIS
814 3045 877 3109 386
906 3043 1160 3110 COMMENTIS
1188 3045 1234 3109 IN
1263 3003 1428 3111 DOllATI

525 3145 677 3210 AR'I’EM
705 3145 944 3212 saeVNDAM
974 3145 1157 3213 DVOBVS.

281 3287 367 3347 lluae
388 3289 482 3361 ipitur
504 3289 580 3347 istae
601 3289 803 3362 expositiones
825 3289 931 3347 ambae
953 3289 996 3347 acl
1016 3289 1131 3348 Donati
1149 3296 1246 3347 artem
1261 3291 1404 3348 maiorem
1416 3305 1487 3364 per·

196 3391 302 3461 tinent,
327 3405 455 3464 quorum
474 3392 564 3463 prior
586 3390 702 3449 bonati
721 3391 821 3450 uerbis
845 3392 988 3450 continuo
1009 3393 1130 3466 scriptis
1158 3392 1201 3449 ita
1224 3392 1424 3463 adiectuim,
1456 3397 1488 3450 iit

196 3475 339 3566 qnaltuor
360 3493 513 3566 marpincs
533 3493 741 3567 linearumque
761 3495 862 3568 spolia
888 3494 1066 3567 interposita
1082 3494 1198 3569 passim
1226 3494 1346 3552 scholiis
1372 3494 1488 3568 repleta

195 3596 270 3666 siat,
298 3595 452 3667 posterior
478 3595 605 3667 sinpulis
632 3594 745 3653 Donati
769 3596 935 3668 sententiis,
971 3611 1050 3668 quac
1076 3596 1284 3668 illustrantur,
1309 3596 1488 3670 praemissis

196 3693 352 3755 subicitur.
396 3697 493 3769 Atque
521 3696 596 3755 liaec
624 3712 683 3755 non
706 3693 768 3755 nisi
789 3697 832 3755 acl
853 3705 919 3756 octo
942 3693 1092 3756 orationis
1109 3704 1218 3772 partes
1234 3694 1386 3772 pertinet,
1416 3694 1484 3765 illa,

195 3806 352 3873 postquam
372 3796 399 3869 s.
427 3804 494 3854 1-
506 3785 558 3854 17δ
580 3795 730 3858 orationis
746 3806 853 3872 portes
875 3795 1034 3872 expositae
1055 3807 1134 3870 sunt,
1152 3798 1181 3870 f.
1202 3805 1255 3856 18⁶
1276 3815 1310 3857 eo
1332 3799 1408 3870 loco,
1434 3795 1488 3871 qni

196 3905 241 3957 cst
268 3900 305 3957 ile
330 3896 477 3973 posituris
499 3915 534 3973 p.
566 3906 638 3975 372,
670 3906 797 3957 15-23
818 3902 876 3972 K„
907 3897 1042 3958 exhibito
1070 3901 1113 3958 ao
1138 3898 1358 3960 barbarismum
1380 3898 1488 3974 perp-il

197 4018 288 4074 usquc
311 4001 354 4058 ail
373 4003 463 4071 finem
484 3998 573 4060 libri:
596 4005 641 4060 ‘iil
662 4009 694 4059 at
716 4018 770 4060 nos
792 3998 837 4060 sic
854 3998 974 4074 [rip-ias
994 3999 1197 4061 -troianas
1220 3999 1307 4062 uexit
1322 4003 1365 4060 aii
1386 4002 1485 4061 urbes.

133 4107 141 4114 '
198 4099 336 4176 Explicit
356 4099 433 4160 liber
455 4100 532 4161 arti-s
554 4100 683 4162 donati?
730 4100 822 4162 Cuius
842 4103 899 4163 lioc
921 4110 964 4161 cst
985 4100 1125 4162 initium:

282 4203 389 4282 Incipit
426 4203 521 4263 edicio
560 4203 690 4264 secanda
724 4204 824 4264 donati
854 4205 1009 4282 grammati
1043 4204 1125 4264 urbis
1161 4223 1254 4266 rome.
1310 4205 1381 4264 Cum
1417 4205 1488 4265 dicit

198 4305 328 4366 secunda
351 4305 523 4383 intelligitur
545 4307 640 4384 prima
663 4306 730 4384 quia
754 4305 880 4365 donatas
902 4305 976 4366 illias
992 4305 1144 4368 ibiciones
1159 4310 1318 4386 conposnil
1339 4309 1486 4368 minorem

266 4557 295 4623 *J
314 4558 424 4624 Remigii
446 4561 471 4608 in
495 4559 644 4608 Manlianum
669 4559 797 4626 Capellam
824 4564 1034 4620 commentarius,
1062 4571 1186 4624 qnatenus
1212 4562 1245 4611 ad
1271 4561 1361 4611 librum
1386 4562 1487 4612 testium

198 4629 242 4689 qui
260 4636 299 4677 est
317 4627 348 4676 de
366 4628 530 4690 grammatica
549 4638 658 4692 special,
676 4643 831 4692 quamquam
850 4632 875 4677 in
893 4629 994 4679 duobus
1007 4630 1076 4679 libris
1090 4630 1259 4679 Bernensibus
1278 4632 1385 4679 uetustis
1404 4645 1442 4681 nr.
1455 4631 1488 4680 56

199 4710 264 4744 saec.
284 4693 309 4743 X
326 4705 351 4745 et
369 4710 406 4744 nr.
419 4698 467 4746 331
486 4694 663 4745 saec.x-x1
681 4697 786 4762 legitur,
805 4697 862 4746 ideo
875 4712 890 4745 a
902 4712 941 4746 me
959 4699 1153 4762 praetermissas
1167 4707 1217 4757 est,
1237 4698 1296 4761 qnia
1309 4697 1371 4747 nihil
1382 4699 1443 4748 'inde
1455 4699 1487 4747 ad
1532 4721 1534 4726 ·

198 4764 281 4812 studia
301 4764 465 4827 grammatica
484 4765 664 4829 cognoscenda
682 4764 767 4830 colligi
786 4775 915 4830 poterant,
935 4766 957 4814 si
971 4767 1071 4829 quidem
1091 4765 1143 4816 1666
1160 4770 1231 4816 totns
1245 4768 1270 4815 in
1283 4766 1392 4831 singulis
1412 4782 1489 4817 uoca-

200 4830 264 4880 bulis
288 4831 421 4882 uerbaliter
442 4832 611 4899 explanandis
635 4843 759 4883 uniantur.
795 4833 848 4883 1166
867 4835 915 4883 iam
934 4833 1062 4885 'linia-otus
1080 4834 1145 4885 nimi
1162 4834 1177 4886 l.
1196 4835 1211 4889 1,
1231 4851 1257 4900 p.
1278 4836 1317 4889 11.
