3382 5476
192 389 304 439 vant
598 375 649 426 DE
667 372 788 427 LIBRIS
806 372 1080 428 TVRICENSIBVS.

192 568 313 637 mulceo;
336 567 435 624 sorbeo
452 576 539 624 tamen
556 566 650 623 sorbni
665 568 773 624 dicitnr.
811 566 904 624 Omnia
919 565 1003 624 uerba
1025 564 1158 623 secundae
1174 563 1374 638 coniugationis
1392 582 1441 640 per
1456 567 1485 623 ui

191 654 292 710 diuisas
310 653 434 710 facientia
449 655 637 727 praeteritum,
652 651 696 709 uel
712 669 766 709 non
782 651 882 709 habent
897 653 1024 726 supinum
1041 650 1085 710 nel
1101 651 1204 708 faciunt
1219 652 1246 706 in
1264 658 1320 707 tum
1335 651 1484 725 penultima

191 747 317 813 correpta
339 746 449 813 praeter
471 738 555 795 doceo
578 737 688 795 doctum
711 747 739 795 et
761 753 858 794 censeo
881 754 992 794 censum
1016 745 1044 794 et
1067 746 1146 793 teneo
1170 744 1284 794 tentum.
1320 734 1389 793 Nota
1412 736 1486 811 quod

192 841 239 880 sex
269 823 402 880 neutralia
430 824 457 879 in
484 823 602 880 secunda
631 824 824 895 coniugatione
853 824 1031 879 inueniuntur
1058 821 1157 878 habere
1187 823 1299 897 supina,
1333 829 1364 877 nt
1390 821 1485 895 placeo

191 926 277 965 noceo
300 925 384 966 caneo
408 924 489 984 pareo
513 907 592 965 doleo
615 907 703 965 ualeo.
741 908 809 965 Nota
832 909 912 964 etiam
936 909 1007 981 quod
1032 915 1125 964 torreo
1148 915 1175 964 et
1197 917 1277 981 pateo
1301 922 1361 962 eum
1384 907 1487 963 faciunt

191 996 368 1068 praeteritum
391 995 418 1050 in
441 995 469 1051 ui
492 992 596 1050 diuisas
618 993 739 1066 sillabas,
761 992 887 1050 similiter
909 992 1075 1066 excipienda,
1099 992 1146 1049 sed
1161 991 1364 1049 Priscianus
1386 991 1420 1048 de
1442 991 1486 1048 his

191 1095 246 1136 non
269 1078 333 1136 facit
356 1080 531 1136 mentionem.

524 1248 548 1283 ut
562 1241 617 1283 facio
632 1242 672 1284 feei
723 1248 748 1283 ut
762 1241 849 1296 perficio
863 1241 941 1296 perfeci

343 1296 364 1349 Α
383 1294 476 1351 breuis
494 1296 557 1350 ante
575 1295 618 1350 cio
637 1311 689 1351 eon
708 1295 860 1365 conpositis
880 1295 945 1350 facit
963 1294 1012 1351 eci.

393 1377 436 1419 elie
449 1377 578 1419 habentibus
592 1389 605 1418 e
619 1383 668 1419 ante
680 1378 714 1420 cio
729 1384 753 1419 ut
767 1378 841 1432 aspexi
856 1384 966 1432 aspectum

343 1429 430 1486 Elioui
448 1438 558 1499 praeter
576 1431 618 1487 cio
638 1439 728 1487 cetera
746 1430 847 1488 format
865 1431 892 1486 in
912 1431 961 1487 exi.

369 1520 394 1554 ut
405 1512 500 1554 elicitum
551 1513 593 1555 feci
608 1513 687 1554 facturn
701 1513 776 1568 aspexi
790 1520 900 1568 aspectum

345 1564 432 1622 Elioui
450 1566 497 1623 dat
515 1567 597 1631 itum,
615 1567 640 1621 oi
659 1566 704 1623 nel
722 1567 749 1623 xi
768 1574 889 1623 trauseat
906 1566 933 1621 in
952 1574 1035 1625 etum.

357 1650 372 1693 i.
387 1650 510 1692 huiusmodi
524 1652 614 1692 uerbum
628 1650 641 1694 i.
655 1651 677 1690 in
691 1651 749 1691 omni
764 1651 913 1702 coniugatione

343 1702 370 1759 Si
389 1719 519 1772 praesens
538 1711 613 1759 tenet
631 1720 660 1769 a,
680 1711 756 1760 tenet
773 1704 817 1759 hic
836 1712 864 1759 et
881 1703 983 1774 ubique
1001 1703 1107 1773 supina.

368 1791 392 1826 ut
406 1785 464 1826 fodio
480 1786 524 1827 fodi
539 1785 622 1827 fossum
703 1787 763 1839 fugio
777 1786 824 1836 futei
839 1787 932 1839 fugitum

311 1838 439 1893 attatei
458 1854 575 1907 sumque
593 1839 652 1901 dio,
671 1839 717 1905 gio
736 1839 764 1906 gi
782 1840 828 1895 dat
846 1839 971 1909 itumque
989 1840 1098 1909 supino.

394 1926 418 1959 ut
432 1920 493 1973 rapio
507 1921 567 1972 rapui
581 1921 664 1961 diuisae

206 1972 392 2029 nestorianae
408 1972 455 2039 pio
474 1988 583 2040 semper
600 1974 628 2027 ui
647 1973 705 2030 sine
722 1975 783 2042 cepi
801 1975 861 2031 sine
878 1976 980 2043 eupini.

367 2063 391 2096 ut
405 2062 490 2109 raptum
694 2069 750 2110 qnae
763 2058 843 2099 faciunt
856 2060 952 2112 cupitum
966 2065 986 2100 ef
1000 2060 1092 2114 sapitum

343 2107 423 2164 Ptum
442 2108 507 2164 facit
525 2125 604 2165 omne
622 2111 682 2178 pio,
700 2111 782 2178 cupio
801 2112 934 2180 sapioque
954 2121 1069 2168 remoto.

368 2193 425 2232 unde
439 2198 514 2246 partus
528 2200 603 2246 partus
617 2194 688 2248 partui
701 2200 722 2234 et
736 2194 828 2247 paritum
842 2194 880 2235 sed
894 2207 938 2237 non
951 2196 1058 2236 inuenitur
1072 2198 1114 2238 nisi
1129 2198 1224 2248 peritura

342 2244 391 2300 llat
408 2247 502 2312 peperi
520 2247 611 2313 pario,
629 2254 739 2313 partum
757 2248 912 2315 paritumue
929 2248 1037 2316 supino.

370 2335 394 2369 ut
408 2329 485 2381 qnncio
499 2329 573 2381 quaesi
588 2341 691 2382 quassum
706 2331 727 2369 in
742 2331 857 2383 praeterito
871 2337 892 2371 et
906 2332 926 2371 in
940 2332 1018 2385 supino
1032 2332 1128 2386 duplicat
1141 2345 1159 2376 ι.
1169 2338 1193 2373 nt
1207 2343 1310 2386 quassum

342 2381 392 2437 flat
409 2385 432 2437 si
451 2397 567 2450 sumque
585 2383 628 2438 cio
647 2381 695 2450 sed
713 2381 862 2439 utroslibet
880 2400 893 2438 s
910 2384 1083 2452 geminando.

444 2464 527 2505 diuisas
567 2464 649 2506 diuisas

295 2520 326 2569 10
344 2516 510 2584 Semperne
529 2517 575 2573 dat
594 2519 635 2573 ui:
655 2516 736 2574 dehet
754 2526 831 2575 struo
850 2519 895 2575 uel
914 2518 969 2577 fluo
988 2520 1068 2578 demi.

369 2600 427 2653 quod
441 2599 491 2641 feeit
505 2601 550 2654 plui
563 2607 584 2642 et
597 2601 680 2655 plutnnr
696 2609 719 2642 ut
733 2605 778 2643 acui
795 2609 879 2644 acutum

343 2652 376 2708 Et
392 2652 460 2736 pluo
479 2653 576 2710 dehine
594 2662 672 2709 utum
689 2656 817 2722 producit
835 2655 924 2711 dando
943 2657 1082 2724 supinum.

369 2742 390 2776 ot
403 2738 423 2777 io
438 2736 588 2788 excipiendum
602 2745 635 2778 oet
648 2744 672 2778 ut
685 2744 756 2778 rutum
811 2738 906 2791 ialiqun
920 2746 943 2779 ut
958 2746 1028 2781 metuo
1042 2747 1064 2781 et
1076 2754 1132 2794 spuo
1146 2747 1166 2782 et
1181 2743 1234 2785 imo.

344 2789 391 2843 flat
410 2789 513 2844 ruitum
531 2805 583 2844 ruo
602 2789 662 2845 siue
680 2799 786 2854 rutum,
805 2791 991 2860 nonnullaque
1010 2792 1124 2850 nullum.

370 2872 448 2913 eillnba
461 2878 485 2912 ut
498 2871 560 2913 soluo
575 2871 631 2913 solui
892 2874 988 2916 solutum

344 2925 400 2979 Lno
419 2924 568 2991 precedens
587 2924 620 2980 de
639 2942 675 2982 uo
694 2927 722 2981 ui
741 2925 840 2983 format
860 2935 887 2983 et
905 2937 982 2983 utum

368 3007 497 3048 naturaliter
508 3014 532 3048 ut
546 3009 596 3049 uiuo
611 3008 656 3049 uixi
899 3013 980 3052 uictum

344 3059 493 3127 Longaque
510 3059 661 3127 precedens
680 3061 786 3117 uocalis
804 3064 829 3117 xi
848 3062 912 3119 facit
930 3075 958 3120 et
975 3073 1057 3121 ctum.

369 3148 392 3183 ut
407 3143 463 3184 nubo
477 3145 541 3197 nupsi
555 3151 647 3196 nuptum
697 3145 802 3188 i.uocalie
815 3146 942 3189 naturaliter
956 3147 991 3189 lon
1010 3161 1022 3189 a
1036 3150 1144 3202 praecedit

295 3200 325 3247 15
343 3195 380 3251 Bo
398 3197 443 3263 psi
461 3204 575 3264 tumque
594 3196 672 3262 facit,
690 3197 713 3252 si
732 3197 811 3254 litera
829 3198 911 3268 longa
930 3161 1038 3268 proibe,

431 3284 454 3319 nt
468 3280 520 3321 bibo
534 3280 580 3321 bibi
594 3279 666 3321 lambo
680 3280 745 3322 lauibi

344 3332 438 3389 Cetera
456 3331 482 3388 bi
501 3333 605 3388 faciunt
624 3341 717 3404 preter
734 3350 805 3402 quae
824 3333 900 3404 (que)
919 3335 952 3392 de
971 3336 1041 3393 cubo
1060 3338 1137 3394 liunt.

559 3423 583 3456 ut
597 3416 688 3458 bibitum

344 3468 375 3524 Et
394 3468 448 3524 nisi
465 3467 549 3524 faciat
566 3485 617 3538 per
634 3470 703 3526 itum
722 3469 756 3526 bo
775 3481 873 3528 cuncta
891 3473 1012 3542 supinat.

368 3557 392 3592 ut
406 3552 461 3593 duco
475 3552 528 3593 duxi
731 3556 856 3596 naturaliter

344 3603 371 3660 Si
390 3621 422 3660 co
440 3605 599 3672 prancatii,
619 3605 721 3662 uocalis
741 3606 822 3676 longa
840 3608 907 3665 facit
924 3611 958 3665 ri.

369 3689 386 3729 st
401 3695 494 3742 ponatur
506 3690 528 3729 in
543 3690 651 3741 praesenti
664 3692 686 3731 in
701 3693 815 3744 praeterito
829 3698 852 3733 uf
866 3695 928 3735 uinco
943 3695 983 3735 uici
997 3697 1083 3761 quiesco
1099 3698 1170 3750 quieui

342 3741 364 3796 N
383 3741 428 3797 uel
445 3760 458 3796 s
477 3741 607 3799 allicitur:
627 3742 677 3798 hec
695 3744 718 3798 si
737 3744 813 3808 facit,
833 3744 879 3801 illa
899 3746 965 3802 facit
982 3764 1020 3804 ur.

368 3825 427 3876 quod
441 3826 555 3877 aquiesce
570 3825 709 3867 formatura
721 3826 780 3869 diseo
794 3831 908 3882 eonpeseui
923 3843 935 3870 a
949 3844 1014 3884 poseo

293 3881 326 3928 20
343 3875 443 3946 Excipe
462 3880 611 3946 conquesei
630 3879 712 3934 didici
731 3895 867 3947 eonpeseo
885 3886 1001 3951 poposci

369 3961 493 4002 inchoatiua

345 4011 378 4067 Et
395 4029 448 4080 que
467 4015 608 4081 preteritis
626 4024 774 4072 caruerunt
792 4025 876 4084 atoue
893 4020 1008 4088 supinis.

370 4097 487 4160 penultima
501 4100 522 4138 in
537 4101 643 4152 praesenti
657 4101 771 4154 corripitur
784 4108 805 4142 ct
819 4102 839 4142 in
854 4104 969 4156 praeterito
982 4110 1003 4144 et
1017 4105 1094 4158 supino
1109 4108 1234 4160 producitur

344 4147 380 4204 let
399 4152 562 4219 preteritum
580 4151 697 4219 prebens
717 4155 759 4209 ico
779 4155 878 4223 migrat
896 4157 924 4211 in
942 4157 1034 4212 ictum.

524 4234 605 4288 duplex
619 4236 684 4276 habet
697 4237 836 4289 praeteritum
850 4239 907 4291 parsi
922 4246 943 4279 et
958 4242 1041 4294 peperci

343 4284 522 4342 Praeteritum
541 4303 624 4355 pareo
643 4287 688 4343 dat
706 4290 781 4355 parsi
799 4290 859 4346 sine
877 4295 996 4360 peperci.

369 4375 392 4410 ul
406 4369 453 4410 dico
467 4369 512 4409 dixi
526 4370 605 4410 dictum
671 4377 693 4411 ut
707 4372 769 4412 uinco
784 4374 826 4413 uici
840 4374 920 4414 uicturn

344 4421 375 4475 lli
393 4421 437 4477 uel
456 4422 480 4477 ei
499 4422 545 4477 dat
562 4431 648 4486 ctum,
668 4425 696 4479 ui
715 4424 778 4480 dam
797 4426 876 4481 facit:
895 4428 1084 4498 excipiasquae
1103 4433 1178 4500 (que)

343 4525 362 4561 Α
377 4522 517 4585 formatione.
527 4535 574 4562 nant
588 4522 656 4563 forma
669 4529 757 4579 propter
770 4526 820 4578 praui
835 4532 919 4578 praelum
934 4535 954 4567 et
968 4531 1048 4578 agnoui
1063 4536 1084 4570 et
1097 4533 1190 4583 eognoui
1205 4534 1301 4584 agnitum
1316 4540 1337 4575 et
1350 4539 1468 4588 cognitum.

293 4578 326 4626 25
345 4574 506 4641 Excipienda
525 4575 605 4630 docet
624 4585 735 4646 excepta
754 4579 840 4646 prima
858 4580 985 4636 secunda.

394 4664 417 4697 ut
431 4656 530 4698 discitum
988 4667 1131 4719 conpescitum
1147 4669 1250 4721 poscitum

343 4711 392 4765 llat
411 4711 437 4764 in
457 4711 524 4767 itum
544 4710 603 4778 (flat
621 4713 693 4768 etin
712 4714 779 4769 itum
799 4717 870 4780 cod.)
890 4715 965 4772 diseo
985 4735 1122 4788 conpesce
1142 4739 1227 4789 poseo
1246 4723 1383 4793 supinum.

370 4800 394 4834 ut
408 4795 458 4835 ludo
472 4794 514 4834 lusi

345 4847 372 4902 lu
391 4848 414 4902 si
433 4846 468 4902 ilo
488 4848 571 4902 uertit
589 4849 611 4903 si
631 4865 680 4917 per
698 4867 727 4904 se
746 4850 828 4919 longa
847 4852 955 4920 preibit.
