3382 5476
632 368 757 423 snsscn
775 369 1045 422 EXPOSITIONES

687 558 735 619 DE
756 558 987 620 Pannonian.

280 660 447 721 Pronomeo
476 660 548 739 quid
576 661 636 721 esti
679 659 848 721 Pronomen
882 661 937 721 bac
964 662 1078 721 ratione
1106 660 1226 723 uidetur
1252 660 1380 731 dictum,
1416 660 1499 741 quod

195 762 329 840 iungitur
362 762 460 823 cilicio
492 763 635 831 nourinis,
672 769 703 822 ut
730 763 769 822 sit
801 780 967 841 pronomen
998 780 1047 823 res
1074 765 1169 842 posita
1196 780 1252 842 pro
1278 764 1414 827 nomine.
1460 762 1500 825 Et

196 866 286 932 scias,
316 863 463 941 quomodo
492 872 657 944 pronomen
680 863 813 942 iungitur
835 864 934 925 oliicio
956 865 1093 927 nominis.
1137 865 1171 927 si
1192 866 1232 925 ita
1255 862 1351 927 dicas:
1375 862 1498 927 ‘Cicero

194 968 314 1046 scripsit
341 974 438 1027 sectas
465 966 621 1036 verrinas,
649 967 715 1045 ipse
743 967 862 1045 scripsit
890 976 987 1028 sectas
1014 974 1045 1028 et
1072 964 1276 1046 Philippicas,
1299 982 1371 1027 ecce
1392 966 1524 1045 ‘ipse’o

194 1085 361 1148 pronomen
384 1076 414 1127 et
436 1068 565 1145 positum
589 1085 624 1128 eo
646 1066 728 1136 loco,
757 1067 808 1127 ubi
830 1071 923 1148 possit
946 1086 1054 1129 nomen
1077 1069 1157 1148 poni.
1202 1067 1280 1146 Ergo
1302 1084 1342 1127 ne
1363 1067 1499 1127 nominis

193 1171 313 1230 iteratio
341 1169 491 1229 lastidium
520 1176 706 1247 procrearet,
735 1187 790 1248 pro
817 1168 868 1230 illo
897 1172 1017 1231 nomine
1040 1170 1178 1231 ‘dicero'
1207 1185 1373 1248 pronomen
1396 1167 1498 1249 ‘ipse’

130 1348 136 1355 Ι
194 1273 339 1350 positum:
363 1271 439 1349 ‘ipse
461 1272 581 1350 scripsit
602 1269 793 1350 Philippicas'
816 1278 846 1331 et
867 1280 982 1333 tantum
1007 1271 1064 1332 boc
1085 1272 1231 1349 significat
1256 1286 1383 1341 nomen,
1412 1270 1498 1333 acsi

193 1373 305 1434 dixeris
327 1371 465 1437 ‘dicero'.
511 1371 581 1433 ldeo
604 1372 715 1433 dictum
740 1379 783 1433 est
804 1390 986 1452 pronomen,
1009 1373 1089 1452 quod
1111 1372 1178 1433 loco
1199 1374 1329 1435 nominis
1351 1388 1419 1433 esse
1440 1388 1497 1451 po·

193 1476 263 1535 tuit:
293 1473 345 1535 ubi
367 1492 476 1535 iromen
500 1493 565 1536 esse
587 1477 696 1553 potuit,
725 1472 766 1534 ibi
788 1475 916 1553 positum
940 1482 984 1535 est
1005 1492 1172 1556 pronomen
1186 1520 1328 1537 ......
1367 1471 1446 1535 Nam
1466 1474 1535 1535 sim

193 1576 250 1636 boc
272 1578 360 1656 ‘ipse’
384 1577 529 1655 significat
552 1592 731 1655 pronomen,
756 1574 835 1654 quod
857 1577 1003 1654 significat
1025 1595 1134 1639 nomen
1156 1575 1298 1643 ‘Cicero’.
1326 1575 1413 1652 qnasi
1434 1590 1496 1636 una

193 1696 261 1757 pars
289 1680 432 1739 orationis
462 1684 491 1737 et
518 1696 577 1736 raon
606 1676 708 1738 debuit
736 1676 875 1737 discerni.
921 1678 979 1738 Sed
1008 1678 1065 1739 boc
1093 1680 1233 1747 interest,
1262 1676 1342 1754 quod
1370 1676 1496 1737 nomine

194 1781 289 1859 posito
317 1778 405 1859 plena
433 1788 478 1839 est
506 1777 671 1855 eloqnutio,
700 1778 731 1837 in
760 1780 937 1857 pronomine
967 1798 1026 1841 non
1055 1788 1099 1841 est
1126 1780 1223 1859 plena.
1268 1778 1343 1839 Nam
1370 1776 1495 1858 quando
1556 1817 1560 1823 -

193 1881 260 1941 dico
289 1880 411 1941 ‘Cicero
439 1880 558 1957 scripsit
586 1880 752 1947 Verrinas',
782 1878 870 1958 plena
898 1888 941 1940 est
964 1880 1130 1960 eloqnutio;
1169 1878 1286 1958 quando
1315 1878 1383 1941 dlco
1411 1880 1495 1960 ‘ipse

193 1983 312 2060 scripsit
332 1980 534 2059 Philippicas',
557 1979 730 2057 semiplena.
1508 2004 1534 2045 ιι

279 2082 450 2143 Pronomini
474 2090 548 2159 quot
569 2079 724 2141 accidunt‘t
764 2081 846 2152 Quae
869 2084 956 2144 etlam
979 2085 1094 2143 nomini
1117 2082 1229 2161 absque
1251 2101 1310 2144 nna
1331 2101 1377 2144 re.
1415 2080 1495 2144 Gon·

193 2187 307 2265 paratio
330 2185 439 2247 accidit
461 2185 587 2251 nomini,
611 2185 781 2261 pronomini
803 2191 900 2245 autem
924 2201 1094 2261 numquam.
1138 2185 1268 2246 Persona
1291 2184 1399 2245 accidit
1421 2201 1495 2264 pro·

193 2288 320 2356 nomini,
346 2287 458 2347 nomini
481 2302 650 2363 numquam.
695 2283 827 2355 Qualitas
848 2302 944 2363 genus
971 2304 1115 2348 numerus
1142 2288 1236 2365 ligura
1264 2304 1350 2347 casus
1372 2286 1495 2366 utrique

193 2385 427 2470 communiens.
444 2384 521 2449 143
538 2384 563 2469 li.

278 2491 409 2563 Qualitas
441 2491 650 2568 pronominum
684 2490 716 2549 in
746 2506 819 2566 quas
847 2452 990 2549 diuiditur
1017 2490 1136 2569 partos?
1179 2488 1275 2550 Omne
1303 2507 1413 2551 nomen
1442 2497 1533 2555 anteo

194 2596 348 2673 proprium
377 2599 422 2653 est
448 2599 499 2651 aut
527 2588 753 2670 appellatiuum,
782 2592 825 2651 sic
847 2608 935 2653 omne
957 2609 1120 2671 pronomen
1143 2598 1194 2651 aut
1215 2591 1329 2651 finitum
1352 2599 1405 2653 aut
1426 2592 1494 2653 inli-

194 2697 298 2756 nilum.
342 2692 427 2763 Quod
450 2701 494 2753 est
515 2692 649 2753 linitum?
676 2691 760 2761 Quod
784 2692 886 2753 delinit
907 2710 1065 2772 personam
1089 2710 1144 2753 nec
1166 2693 1277 2772 patitur
1300 2710 1355 2753 nos
1377 2710 1493 2765 errare,

194 2797 246 2857 sed
276 2796 454 2873 constringit
481 2794 516 2853 ad
546 2812 634 2854 unam
663 2795 916 2871 significationem.
967 2793 1091 2863 Quando
1119 2794 1188 2854 dico
1216 2796 1317 2871 ‘ego',
1345 2794 1492 2873 numquid

194 2907 280 2977 potes
307 2899 405 2975 ipsum
435 2893 482 2955 nel
506 2897 595 2955 istum
620 2894 668 2955 uel
691 2894 816 2955 alterum
838 2894 1030 2973 intellegere?
1075 2894 1199 2967 Quando
1222 2893 1288 2955 dico
1311 2898 1390 2967 ‘tu’,
1419 2895 1493 2975 qnid

194 2996 348 3074 intellegas
371 2997 459 3057 alium
483 2998 541 3056 nisi
564 3004 593 3055 te
615 2995 730 3057 solumi
767 2996 844 3056 ‘lile'
867 2999 930 3057 sine
954 2996 1044 3058 dubio
1065 2995 1284 3075 intellegendus
1306 3005 1359 3058 est.
1505 3024 1533 3065 ιι

279 3099 375 3158 Finita
398 3115 469 3174 ergo
490 3099 668 3177 pronomina
690 3099 745 3158 ista
769 3107 837 3158 sunt
859 3106 987 3158 tantum:
1017 3116 1071 3177 ego
1094 3108 1126 3159 tu
1149 3097 1214 3167 ille,
1243 3115 1319 3176 qnae
1346 3097 1496 3161 definiunt
1538 3112 1543 3119 '

195 3206 292 3261 certas
313 3217 464 3278 personas.
510 3198 608 3260 Prima
632 3217 757 3276 persona
781 3200 860 3278 ‘ego'
890 3218 1008 3280 semper
1030 3201 1112 3260 finita
1134 3210 1186 3269 est,
1210 3198 1284 3259 ‘ille’
1306 3218 1382 3261 uero
1403 3204 1493 3263 tertia

194 3320 321 3383 persona
344 3300 503 3378 aliquando
526 3320 585 3361 non
609 3302 690 3361 linita
713 3309 768 3365 est.
812 3301 884 3361 Nam
909 3303 934 3362 si
957 3319 1097 3381 praesens
1121 3286 1159 3362 sit
1180 3300 1245 3371 ille,
1274 3301 1311 3361 de
1334 3318 1393 3379 qno
1414 3301 1491 3365 dici·

195 3415 254 3474 tur,
277 3413 348 3464 tuuc
370 3402 455 3463 ‘illc'
478 3422 641 3483 pronomen
665 3403 780 3463 linitum
809 3411 862 3463 est.
908 3402 939 3463 Si
967 3413 1064 3465 autem
1092 3403 1129 3464 de
1157 3402 1279 3464 absente
1306 3404 1347 3464 sit
1374 3401 1493 3475 relatio,

195 3505 270 3568 ‘ille’
294 3508 353 3566 erit
374 3498 533 3575 inlinitum,
559 3512 591 3565 ut
614 3508 699 3584 puta,
723 3506 819 3582 siquis
841 3512 940 3583 potest
963 3513 992 3565 et
1014 3503 1076 3565 ‘ille
1100 3512 1129 3565 et
1151 3506 1221 3566 iste’
1245 3523 1319 3566 esse.
1504 3531 1533 3573 eo

279 3607 349 3668 ideo
372 3606 481 3667 dicitur
502 3608 648 3667 inlinitum
664 3624 845 3685 pronomen,
869 3606 945 3685 quod
962 3625 1021 3667 non
1038 3606 1172 3667 deliniuit
1186 3614 1296 3667 certam
1312 3624 1492 3686 personam

195 3726 267 3785 ergo
290 3712 344 3768 ista
368 3715 413 3768 est
435 3706 569 3785 qualitas,
593 3727 669 3788 qnae
692 3708 797 3768 diuidit
820 3710 1011 3787 pronomina:
1036 3716 1086 3769 aut
1107 3710 1188 3769 linita
1209 3707 1279 3769 lacit
1301 3716 1352 3770 aut
1365 3710 1511 3781 infinita,-

194 3809 246 3871 sed
270 3811 349 3870 finita
371 3808 409 3868 lll
432 3815 513 3877 sunt,
537 3808 651 3885 reliqua
674 3812 773 3868 omnia
795 3810 909 3870 infinita
932 3809 1082 3871 dicuntur.
1291 3788 1296 3799 ’

279 3912 321 3971 lle
336 3928 457 3989 genere.
487 3910 600 3993 Accidit
614 3926 708 3987 genus
724 3910 918 3970 urascnlinum
939 3914 1021 3990 quis.
1045 3912 1218 3972 femininum
1233 3928 1324 3991 quae,
1347 3918 1490 3974 neudum

194 4013 287 4095 quod,
317 4030 531 4073 commoneor
554 4010 671 4072 duobus
698 4009 873 4089 generibus:
903 4013 999 4090 qualis
1022 4015 1069 4073 uir
1098 4013 1191 4092 qualis
1214 4011 1329 4080 mulier,
1353 4011 1420 4074 talis
1443 4016 1532 4075 ubas

260 4322 275 4370 2
294 4334 436 4386 pronomen
455 4335 484 4367 ac
564 4317 700 4367 bscribsit
718 4316 743 4366 id
761 4327 845 4365 sectas
864 4317 980 4365 cartinas
1000 4318 1056 4382 ipse
1074 4318 1177 4368 scribsit
1194 4329 1276 4368 rectas
1294 4330 1319 4369 et
1336 4317 1490 4385 philipeicas

261 4385 357 4451 sectas]
378 4389 420 4436 An
441 4388 563 4435 Graecmn
582 4381 668 4450 τόμος
685 4386 871 4465 interpretatus
888 4388 944 4434 est'
962 4385 997 4446 cf.
1014 4387 1100 4449 praes.
1180 4387 1319 4437 8scribsit
1334 4386 1489 4453 pbilipsiees

194 4460 226 4508 10
245 4459 306 4507 Post
320 4466 359 4504 est
376 4468 517 4519 pronomen
531 4458 649 4503 nonnullo
662 4455 694 4503 de
706 4469 787 4519 aequo
799 4454 903 4503 nominis
915 4459 940 4502 et
953 4456 1110 4517 pronominis
1122 4457 1177 4504 iure
1189 4457 1348 4505 intercidisse
1360 4456 1488 4514 uidentur,

193 4525 280 4591 quibus
296 4539 436 4588 pronomen
453 4522 569 4571 inmerito
587 4523 730 4571 laterneto
746 4530 837 4586 portes
854 4524 979 4571 orationis
996 4525 1098 4572 uersari
1114 4530 1205 4573 auctor
1222 4524 1400 4574 contenderat.
1456 4526 1488 4573 li

192 4544 271 4674 qarod]
290 4607 356 4654 quae
425 4591 457 4639 14
475 4588 577 4638 scribsit
594 4592 743 4654 uer-riuus
761 4594 793 4640 lb
811 4590 913 4639 scribsit
932 4590 1081 4655 plrilipsicas
1136 4592 1167 4640 19
1184 4586 1342 4656 communia]
1361 4591 1490 4641 Secuntur

190 4662 315 4712 incodice
328 4658 419 4709 uerba:
442 4672 532 4706 nomen
546 4671 686 4721 pronomen
700 4658 735 4707 bii
753 4669 857 4708 snnten
871 4658 959 4707 ordine
965 4674 1266 4724 ‚quorumaensnennoa
1280 4660 1403 4725 expedio.
1454 4660 1488 4709 22

190 4778 380 4907 ἓέοἰὶὼῳιιιι
406 4775 576 4895 l‹pprtedidrrit
643 4777 812 4827 idditininut
880 4780 912 4828 29
931 4775 1001 4857 turre]
1020 4779 1068 4827 boc
1137 4775 1268 4845 ltiqnod]
1287 4794 1353 4841 quae
1405 4728 1490 4828 dmum

320 4863 388 4896 Cim*
