<?xml version="1.0" encoding="UTF-8"?>
<!DOCTYPE html PUBLIC "-//W3C//DTD XHTML 1.0 Transitional//EN"
    "http://www.w3.org/TR/xhtml1/DTD/xhtml1-transitional.dtd">
<html xmlns="http://www.w3.org/1999/xhtml" xml:lang="en" lang="en">
 <head>
  <title>
</title>
<meta http-equiv="Content-Type" content="text/html;charset=utf-8" />
  <meta name='ocr-system' content='tesseract 3.04.00' />
  <meta name='ocr-capabilities' content='ocr_page ocr_carea ocr_par ocr_line ocrx_word'/>
</head>
<body>
  <div class='ocr_page' id='page_1' title='image "./grammaticilatin06keilgoog_0359.png"; bbox 0 0 3382 5476; ppageno 0'>
   <div class='ocr_carea' id='block_1_1' title="bbox 193 355 962 428">
    <p class='ocr_par' dir='ltr' id='par_1_1' title="bbox 193 355 962 428">
     <span class='ocr_line' id='line_1_1' title="bbox 193 355 962 428; baseline 0.003 -15"><span class='ocrx_word' id='word_1_1' title='bbox 193 363 234 428; x_wconf 75' lang='lat'>86</span> <span class='ocrx_word' id='word_1_2' title='bbox 525 355 540 380; x_wconf 83' lang='lat'><em>⁰</em></span> <span class='ocrx_word' id='word_1_3' title='bbox 700 365 768 415; x_wconf 80' lang='lat' dir='ltr'>ans</span> <span class='ocrx_word' id='word_1_4' title='bbox 786 365 962 417; x_wconf 66' lang='lat' dir='ltr'>suenrus</span> 
     </span>
    </p>
   </div>
   <div class='ocr_carea' id='block_1_2' title="bbox 189 548 1535 4194">
    <p class='ocr_par' dir='ltr' id='par_1_2' title="bbox 189 548 1526 2137">
     <span class='ocr_line' id='line_1_2' title="bbox 191 548 1491 633; baseline 0.001 -19"><span class='ocrx_word' id='word_1_5' title='bbox 191 553 357 633; x_wconf 91' lang='lat' dir='ltr'>primordio</span> <span class='ocrx_word' id='word_1_6' title='bbox 385 552 504 621; x_wconf 89' lang='lat' dir='ltr'>mundi,</span> <span class='ocrx_word' id='word_1_7' title='bbox 534 560 566 613; x_wconf 95' lang='lat' dir='ltr'>ut</span> <span class='ocrx_word' id='word_1_8' title='bbox 593 560 672 614; x_wconf 89' lang='lat' dir='ltr'>terra</span> <span class='ocrx_word' id='word_1_9' title='bbox 701 549 814 614; x_wconf 86' lang='lat' dir='ltr'>caelum</span> <span class='ocrx_word' id='word_1_10' title='bbox 838 548 913 631; x_wconf 86' lang='lat' dir='ltr'>lapis</span> <span class='ocrx_word' id='word_1_11' title='bbox 936 551 1048 631; x_wconf 91' lang='lat' dir='ltr'>lignum</span> <span class='ocrx_word' id='word_1_12' title='bbox 1071 553 1159 614; x_wconf 88' lang='lat' dir='ltr'>homo</span> <span class='ocrx_word' id='word_1_13' title='bbox 1184 599 1319 616; x_wconf 92' lang='grc'><strong>......</strong></span> <span class='ocrx_word' id='word_1_14' title='bbox 1341 553 1380 614; x_wconf 83' lang='lat' dir='ltr'>Et</span> <span class='ocrx_word' id='word_1_15' title='bbox 1400 556 1491 624; x_wconf 82' lang='lat' dir='ltr'>scias,</span> 
     </span>
     <span class='ocr_line' id='line_1_3' title="bbox 192 648 1490 733; baseline 0 -16"><span class='ocrx_word' id='word_1_16' title='bbox 192 648 257 717; x_wconf 79' lang='lat' dir='ltr'>esse</span> <span class='ocrx_word' id='word_1_17' title='bbox 281 655 337 716; x_wconf 91' lang='lat' dir='ltr'>alia</span> <span class='ocrx_word' id='word_1_18' title='bbox 359 657 495 722; x_wconf 90' lang='lat' dir='ltr'>nomina,</span> <span class='ocrx_word' id='word_1_19' title='bbox 525 670 600 731; x_wconf 89' lang='lat' dir='ltr'>quae</span> <span class='ocrx_word' id='word_1_20' title='bbox 622 657 731 715; x_wconf 87' lang='lat' dir='ltr'>iterum</span> <span class='ocrx_word' id='word_1_21' title='bbox 753 655 882 733; x_wconf 91' lang='lat' dir='ltr'>conponi</span> <span class='ocrx_word' id='word_1_22' title='bbox 904 663 1043 733; x_wconf 83' lang='lat' dir='ltr'><strong>possunt,</strong></span> <span class='ocrx_word' id='word_1_23' title='bbox 1067 654 1137 717; x_wconf 88' lang='lat' dir='ltr'>licet</span> <span class='ocrx_word' id='word_1_24' title='bbox 1158 664 1262 718; x_wconf 85' lang='lat' dir='ltr'>contra</span> <span class='ocrx_word' id='word_1_25' title='bbox 1285 655 1490 725; x_wconf 70' lang='lat' dir='ltr'>interdianum,</span> 
     </span>
     <span class='ocr_line' id='line_1_4' title="bbox 192 755 1491 837; baseline 0.004 -22"><span class='ocrx_word' id='word_1_26' title='bbox 192 758 259 834; x_wconf 80' lang='lat' dir='ltr'>quia</span> <span class='ocrx_word' id='word_1_27' title='bbox 282 756 449 818; x_wconf 83' lang='lat' dir='ltr'>Donatus</span> <span class='ocrx_word' id='word_1_28' title='bbox 471 756 556 817; x_wconf 89' lang='lat' dir='ltr'>dicit:</span> <span class='ocrx_word' id='word_1_29' title='bbox 581 755 856 817; x_wconf 85' lang='lat' dir='ltr'>Prouidcndum</span> <span class='ocrx_word' id='word_1_30' title='bbox 880 765 935 817; x_wconf 89' lang='lat' dir='ltr'>cst</span> <span class='ocrx_word' id='word_1_31' title='bbox 957 756 1146 827; x_wconf 75' lang='lat' dir='ltr'>nobis,&#39;ne</span> <span class='ocrx_word' id='word_1_32' title='bbox 1169 774 1427 837; x_wconf 83' lang='lat' dir='ltr'>conponamua</span> <span class='ocrx_word' id='word_1_33' title='bbox 1449 776 1491 820; x_wconf 86' lang='lat' dir='ltr'>ca</span> 
     </span>
     <span class='ocr_line' id='line_1_5' title="bbox 192 859 1490 939; baseline 0.001 -20"><span class='ocrx_word' id='word_1_34' title='bbox 192 859 353 928; x_wconf 90' lang='lat' dir='ltr'>nomina,</span> <span class='ocrx_word' id='word_1_35' title='bbox 377 876 467 939; x_wconf 89' lang='lat' dir='ltr'>quae</span> <span class='ocrx_word' id='word_1_36' title='bbox 490 859 685 936; x_wconf 91' lang='lat' dir='ltr'>conposita</span> <span class='ocrx_word' id='word_1_37' title='bbox 709 864 793 918; x_wconf 91' lang='lat' dir='ltr'>sunt</span> <span class='ocrx_word' id='word_1_38' title='bbox 814 865 876 918; x_wconf 92' lang='lat' dir='ltr'>aut</span> <span class='ocrx_word' id='word_1_39' title='bbox 898 876 938 918; x_wconf 94' lang='lat' dir='ltr'>ea</span> <span class='ocrx_word' id='word_1_40' title='bbox 961 860 1108 918; x_wconf 89' lang='lat' dir='ltr'>omnino</span> <span class='ocrx_word' id='word_1_41' title='bbox 1131 861 1294 938; x_wconf 91' lang='lat' dir='ltr'>conponi</span> <span class='ocrx_word' id='word_1_42' title='bbox 1317 876 1388 920; x_wconf 86' lang='lat' dir='ltr'>nou</span> <span class='ocrx_word' id='word_1_43' title='bbox 1409 876 1490 939; x_wconf 83' lang='lat' dir='ltr'>pos·</span> 
     </span>
     <span class='ocr_line' id='line_1_6' title="bbox 191 959 1516 1038; baseline -0.002 -17"><span class='ocrx_word' id='word_1_44' title='bbox 191 967 287 1021; x_wconf 86' lang='lat' dir='ltr'>aunt.</span> <span class='ocrx_word' id='word_1_45' title='bbox 330 959 388 1020; x_wconf 84' lang='lat' dir='ltr'>Sed</span> <span class='ocrx_word' id='word_1_46' title='bbox 412 962 503 1029; x_wconf 89' lang='lat' dir='ltr'>scias,</span> <span class='ocrx_word' id='word_1_47' title='bbox 534 959 589 1020; x_wconf 83' lang='lat' dir='ltr'>lior</span> <span class='ocrx_word' id='word_1_48' title='bbox 617 960 696 1028; x_wconf 82' lang='lat' dir='ltr'>fieri,</span> <span class='ocrx_word' id='word_1_49' title='bbox 727 977 795 1019; x_wconf 91' lang='lat' dir='ltr'>cum</span> <span class='ocrx_word' id='word_1_50' title='bbox 822 960 905 1038; x_wconf 92' lang='lat' dir='ltr'>prior</span> <span class='ocrx_word' id='word_1_51' title='bbox 933 960 1096 1037; x_wconf 76' lang='lat' dir='ltr'>conpositio</span> <span class='ocrx_word' id='word_1_52' title='bbox 1124 977 1184 1020; x_wconf 91' lang='lat' dir='ltr'>non</span> <span class='ocrx_word' id='word_1_53' title='bbox 1214 962 1374 1022; x_wconf 84' lang='lat' dir='ltr'>mutauerit</span> <span class='ocrx_word' id='word_1_54' title='bbox 1400 959 1516 1021; x_wconf 80' lang='lat' dir='ltr'>intel-a</span> 
     </span>
     <span class='ocr_line' id='line_1_7' title="bbox 191 1050 1490 1141; baseline 0.002 -20"><span class='ocrx_word' id='word_1_55' title='bbox 191 1060 300 1122; x_wconf 89' lang='lat' dir='ltr'>lectum</span> <span class='ocrx_word' id='word_1_56' title='bbox 323 1059 536 1139; x_wconf 75' lang='lat' dir='ltr'>simplicitatis,</span> <span class='ocrx_word' id='word_1_57' title='bbox 560 1063 668 1122; x_wconf 90' lang='lat' dir='ltr'>iterum</span> <span class='ocrx_word' id='word_1_58' title='bbox 692 1063 834 1140; x_wconf 89' lang='lat' dir='ltr'>conponi,</span> <span class='ocrx_word' id='word_1_59' title='bbox 858 1050 1035 1123; x_wconf 77' lang='lat' dir='ltr'>ut&#39;territus</span> <span class='ocrx_word' id='word_1_60' title='bbox 1056 1069 1086 1122; x_wconf 88' lang='lat' dir='ltr'>et</span> <span class='ocrx_word' id='word_1_61' title='bbox 1107 1064 1287 1141; x_wconf 81' lang='lat' dir='ltr'>perterritus</span> <span class='ocrx_word' id='word_1_62' title='bbox 1304 1061 1386 1123; x_wconf 90' lang='lat' dir='ltr'>idem</span> <span class='ocrx_word' id='word_1_63' title='bbox 1401 1060 1490 1123; x_wconf 81' lang='lat' dir='ltr'>intel·</span> 
     </span>
     <span class='ocr_line' id='line_1_8' title="bbox 189 1160 1489 1248; baseline 0.002 -25"><span class='ocrx_word' id='word_1_64' title='bbox 189 1161 301 1232; x_wconf 87' lang='lat' dir='ltr'>lectus,</span> <span class='ocrx_word' id='word_1_65' title='bbox 335 1164 546 1242; x_wconf 83' lang='lat' dir='ltr'>inperterritus</span> <span class='ocrx_word' id='word_1_66' title='bbox 573 1180 646 1224; x_wconf 92' lang='lat' dir='ltr'>uero</span> <span class='ocrx_word' id='word_1_67' title='bbox 666 1165 801 1248; x_wconf 80' lang='lat' dir='ltr'>¹mutauit</span> <span class='ocrx_word' id='word_1_68' title='bbox 827 1160 1025 1231; x_wconf 88' lang='lat' dir='ltr'>intellectum,</span> <span class='ocrx_word' id='word_1_69' title='bbox 1060 1172 1089 1224; x_wconf 87' lang='lat' dir='ltr'>et</span> <span class='ocrx_word' id='word_1_70' title='bbox 1118 1161 1194 1223; x_wconf 91' lang='lat' dir='ltr'>ultra</span> <span class='ocrx_word' id='word_1_71' title='bbox 1228 1181 1401 1244; x_wconf 76' lang='lat' dir='ltr'>conponere</span> <span class='ocrx_word' id='word_1_72' title='bbox 1428 1182 1489 1226; x_wconf 91' lang='lat' dir='ltr'>uon</span> 
     </span>
     <span class='ocr_line' id='line_1_9' title="bbox 192 1262 1487 1345; baseline 0.002 -21"><span class='ocrx_word' id='word_1_73' title='bbox 192 1262 321 1334; x_wconf 74' lang='lat' dir='ltr'>nelchin,</span> <span class='ocrx_word' id='word_1_74' title='bbox 345 1272 374 1324; x_wconf 85' lang='lat' dir='ltr'>et</span> <span class='ocrx_word' id='word_1_75' title='bbox 389 1267 414 1325; x_wconf 83' lang='lat' dir='ltr'>si</span> <span class='ocrx_word' id='word_1_76' title='bbox 431 1268 463 1325; x_wconf 94' lang='lat' dir='ltr'>in</span> <span class='ocrx_word' id='word_1_77' title='bbox 478 1266 575 1344; x_wconf 91' lang='lat' dir='ltr'>prima</span> <span class='ocrx_word' id='word_1_78' title='bbox 590 1267 657 1325; x_wconf 87' lang='lat' dir='ltr'>uice</span> <span class='ocrx_word' id='word_1_79' title='bbox 672 1266 833 1325; x_wconf 89' lang='lat' dir='ltr'>mutauerit</span> <span class='ocrx_word' id='word_1_80' title='bbox 855 1263 1054 1335; x_wconf 86' lang='lat' dir='ltr'>intellectum,</span> <span class='ocrx_word' id='word_1_81' title='bbox 1077 1283 1139 1325; x_wconf 89' lang='lat' dir='ltr'>non</span> <span class='ocrx_word' id='word_1_82' title='bbox 1161 1272 1347 1345; x_wconf 90' lang='lat' dir='ltr'>conponetur</span> <span class='ocrx_word' id='word_1_83' title='bbox 1368 1268 1487 1334; x_wconf 88' lang='lat' dir='ltr'>iterum,</span> 
     </span>
     <span class='ocr_line' id='line_1_10' title="bbox 190 1363 1488 1446; baseline 0 -19"><span class='ocrx_word' id='word_1_84' title='bbox 190 1374 222 1427; x_wconf 93' lang='lat' dir='ltr'>ut</span> <span class='ocrx_word' id='word_1_85' title='bbox 245 1365 313 1427; x_wconf 76' lang='lat' dir='ltr'>sorix</span> <span class='ocrx_word' id='word_1_86' title='bbox 337 1374 367 1427; x_wconf 93' lang='lat' dir='ltr'>et</span> <span class='ocrx_word' id='word_1_87' title='bbox 387 1365 499 1427; x_wconf 78' lang='lat' dir='ltr'>infelix.</span> <span class='ocrx_word' id='word_1_88' title='bbox 544 1367 708 1427; x_wconf 81' lang='lat' dir='ltr'>Donatus</span> <span class='ocrx_word' id='word_1_89' title='bbox 731 1365 816 1426; x_wconf 90' lang='lat' dir='ltr'>dicit:</span> <span class='ocrx_word' id='word_1_90' title='bbox 846 1363 884 1425; x_wconf 93' lang='lat' dir='ltr'>ln</span> <span class='ocrx_word' id='word_1_91' title='bbox 907 1365 1168 1427; x_wconf 81' lang='lat' dir='ltr'>declinatione</span> <span class='ocrx_word' id='word_1_92' title='bbox 1191 1368 1488 1446; x_wconf 84' lang='lat' dir='ltr'>compositorum</span> 
     </span>
     <span class='ocr_line' id='line_1_11' title="bbox 191 1465 1525 1547; baseline -0.002 -19"><span class='ocrx_word' id='word_1_93' title='bbox 191 1469 375 1529; x_wconf 84' lang='lat' dir='ltr'>nominum</span> <span class='ocrx_word' id='word_1_94' title='bbox 405 1469 709 1529; x_wconf 86' lang='lat' dir='ltr'>animaduertere</span> <span class='ocrx_word' id='word_1_95' title='bbox 739 1465 918 1528; x_wconf 87' lang='lat' dir='ltr'>dehemus</span> <span class='ocrx_word' id='word_1_96' title='bbox 940 1486 996 1538; x_wconf 89' lang='lat' dir='ltr'>ea,</span> <span class='ocrx_word' id='word_1_97' title='bbox 1020 1487 1112 1547; x_wconf 87' lang='lat' dir='ltr'>quae</span> <span class='ocrx_word' id='word_1_98' title='bbox 1135 1487 1175 1529; x_wconf 83' lang='lat' dir='ltr'>ex</span> <span class='ocrx_word' id='word_1_99' title='bbox 1199 1467 1342 1530; x_wconf 89' lang='lat' dir='ltr'>duobus</span> <span class='ocrx_word' id='word_1_100' title='bbox 1369 1468 1525 1529; x_wconf 82' lang='lat' dir='ltr'>nomi-ro</span> 
     </span>
     <span class='ocr_line' id='line_1_12' title="bbox 192 1569 1490 1650; baseline 0.002 -21"><span class='ocrx_word' id='word_1_101' title='bbox 192 1571 335 1630; x_wconf 89' lang='lat' dir='ltr'>natiuis</span> <span class='ocrx_word' id='word_1_102' title='bbox 357 1571 551 1649; x_wconf 87' lang='lat' dir='ltr'>conposita</span> <span class='ocrx_word' id='word_1_103' title='bbox 575 1569 733 1638; x_wconf 80' lang='lat' dir='ltr'>fuerint,</span> <span class='ocrx_word' id='word_1_104' title='bbox 763 1588 828 1649; x_wconf 90' lang='lat' dir='ltr'>per</span> <span class='ocrx_word' id='word_1_105' title='bbox 851 1587 977 1631; x_wconf 88' lang='lat' dir='ltr'>omnes</span> <span class='ocrx_word' id='word_1_106' title='bbox 1000 1589 1108 1631; x_wconf 88' lang='lat' dir='ltr'>casus</span> <span class='ocrx_word' id='word_1_107' title='bbox 1135 1589 1177 1630; x_wconf 82' lang='lat' dir='ltr'>ex</span> <span class='ocrx_word' id='word_1_108' title='bbox 1200 1577 1361 1650; x_wconf 84' lang='lat' dir='ltr'>utraque</span> <span class='ocrx_word' id='word_1_109' title='bbox 1383 1579 1490 1650; x_wconf 91' lang='lat' dir='ltr'>parte</span> 
     </span>
     <span class='ocr_line' id='line_1_13' title="bbox 192 1669 1489 1750; baseline 0.002 -19"><span class='ocrx_word' id='word_1_110' title='bbox 192 1669 394 1739; x_wconf 85' lang='lat' dir='ltr'>declinari,</span> <span class='ocrx_word' id='word_1_111' title='bbox 423 1680 458 1731; x_wconf 87' lang='lat' dir='ltr'>nt</span> <span class='ocrx_word' id='word_1_112' title='bbox 486 1689 599 1750; x_wconf 83' lang='lat' dir='ltr'>equas</span> <span class='ocrx_word' id='word_1_113' title='bbox 628 1670 810 1732; x_wconf 84' lang='lat' dir='ltr'>Romanus</span> <span class='ocrx_word' id='word_1_114' title='bbox 837 1673 978 1748; x_wconf 88' lang='lat' dir='ltr'>equitis</span> <span class='ocrx_word' id='word_1_115' title='bbox 1007 1671 1170 1732; x_wconf 85' lang='lat' dir='ltr'>Romani.</span> <span class='ocrx_word' id='word_1_116' title='bbox 1215 1672 1305 1733; x_wconf 87' lang='lat' dir='ltr'>item</span> <span class='ocrx_word' id='word_1_117' title='bbox 1335 1680 1489 1750; x_wconf 89' lang='lat' dir='ltr'>praetor</span> 
     </span>
     <span class='ocr_line' id='line_1_14' title="bbox 192 1770 1488 1854; baseline 0.002 -21"><span class='ocrx_word' id='word_1_118' title='bbox 192 1772 354 1833; x_wconf 88' lang='lat' dir='ltr'>urbanus</span> <span class='ocrx_word' id='word_1_119' title='bbox 376 1775 567 1850; x_wconf 90' lang='lat' dir='ltr'>praetoris</span> <span class='ocrx_word' id='word_1_120' title='bbox 591 1770 741 1841; x_wconf 85' lang='lat' dir='ltr'>urbaui;</span> <span class='ocrx_word' id='word_1_121' title='bbox 766 1789 860 1848; x_wconf 87' lang='lat' dir='ltr'>quae</span> <span class='ocrx_word' id='word_1_122' title='bbox 883 1792 969 1833; x_wconf 88' lang='lat' dir='ltr'>uero</span> <span class='ocrx_word' id='word_1_123' title='bbox 993 1793 1033 1834; x_wconf 86' lang='lat' dir='ltr'>ex</span> <span class='ocrx_word' id='word_1_124' title='bbox 1057 1775 1290 1834; x_wconf 86' lang='lat' dir='ltr'>nominatiuo</span> <span class='ocrx_word' id='word_1_125' title='bbox 1313 1782 1349 1835; x_wconf 89' lang='lat' dir='ltr'>et</span> <span class='ocrx_word' id='word_1_126' title='bbox 1371 1772 1488 1854; x_wconf 88' lang='lat' dir='ltr'>quoli-</span> 
     </span>
     <span class='ocr_line' id='line_1_15' title="bbox 193 1871 1489 1953; baseline 0.003 -21"><span class='ocrx_word' id='word_1_127' title='bbox 193 1873 253 1933; x_wconf 84' lang='lat' dir='ltr'>bet</span> <span class='ocrx_word' id='word_1_128' title='bbox 281 1871 354 1932; x_wconf 92' lang='lat' dir='ltr'>alio</span> <span class='ocrx_word' id='word_1_129' title='bbox 383 1892 469 1933; x_wconf 88' lang='lat' dir='ltr'>casu</span> <span class='ocrx_word' id='word_1_130' title='bbox 499 1875 696 1952; x_wconf 90' lang='lat' dir='ltr'>conposita</span> <span class='ocrx_word' id='word_1_131' title='bbox 727 1875 885 1943; x_wconf 86' lang='lat' dir='ltr'>luerint,</span> <span class='ocrx_word' id='word_1_132' title='bbox 915 1892 954 1934; x_wconf 87' lang='lat' dir='ltr'>ea</span> <span class='ocrx_word' id='word_1_133' title='bbox 978 1884 1086 1953; x_wconf 72' lang='lat' dir='ltr'>parm</span> <span class='ocrx_word' id='word_1_134' title='bbox 1113 1873 1298 1935; x_wconf 87' lang='lat' dir='ltr'>declinari</span> <span class='ocrx_word' id='word_1_135' title='bbox 1327 1883 1489 1944; x_wconf 90' lang='lat' dir='ltr'>tantum,</span> 
     </span>
     <span class='ocr_line' id='line_1_16' title="bbox 192 1974 1526 2056; baseline 0.006 -25"><span class='ocrx_word' id='word_1_136' title='bbox 192 1992 262 2052; x_wconf 80' lang='lat' dir='ltr'>una</span> <span class='ocrx_word' id='word_1_137' title='bbox 300 1974 712 2035; x_wconf 84' lang='lat' dir='ltr'>incrit&#39;nominatinus</span> <span class='ocrx_word' id='word_1_138' title='bbox 748 1992 870 2043; x_wconf 88' lang='lat' dir='ltr'>casus,</span> <span class='ocrx_word' id='word_1_139' title='bbox 909 1983 945 2034; x_wconf 88' lang='lat' dir='ltr'>nt</span> <span class='ocrx_word' id='word_1_140' title='bbox 981 1976 1201 2054; x_wconf 76' lang='lat' dir='ltr'>praelectus</span> <span class='ocrx_word' id='word_1_141' title='bbox 1231 1978 1397 2056; x_wconf 86' lang='lat' dir='ltr'>equitnm</span> <span class='ocrx_word' id='word_1_142' title='bbox 1427 1977 1526 2039; x_wconf 65' lang='lat' dir='ltr'>uelit</span> 
     </span>
     <span class='ocr_line' id='line_1_17' title="bbox 192 2077 592 2137; baseline 0 -1"><span class='ocrx_word' id='word_1_143' title='bbox 192 2085 346 2136; x_wconf 84' lang='lat' dir='ltr'>senatus</span> <span class='ocrx_word' id='word_1_144' title='bbox 368 2077 592 2137; x_wconf 89' lang='lat' dir='ltr'>consultum.</span> 
     </span>
    </p>

    <p class='ocr_par' dir='ltr' id='par_1_3' title="bbox 192 2176 1535 4194">
     <span class='ocr_line' id='line_1_18' title="bbox 278 2176 1489 2260; baseline 0.002 -22"><span class='ocrx_word' id='word_1_145' title='bbox 278 2178 369 2239; x_wconf 88' lang='lat' dir='ltr'>Casus</span> <span class='ocrx_word' id='word_1_146' title='bbox 392 2176 464 2256; x_wconf 91' lang='lat' dir='ltr'>quid</span> <span class='ocrx_word' id='word_1_147' title='bbox 493 2178 554 2237; x_wconf 82' lang='lat' dir='ltr'>esti</span> <span class='ocrx_word' id='word_1_148' title='bbox 598 2177 661 2238; x_wconf 87' lang='lat' dir='ltr'>Hoc</span> <span class='ocrx_word' id='word_1_149' title='bbox 689 2187 733 2238; x_wconf 86' lang='lat' dir='ltr'>cst</span> <span class='ocrx_word' id='word_1_150' title='bbox 761 2178 852 2238; x_wconf 93' lang='lat' dir='ltr'>dictio</span> <span class='ocrx_word' id='word_1_151' title='bbox 882 2178 1026 2256; x_wconf 82' lang='lat' dir='ltr'>gradatim</span> <span class='ocrx_word' id='word_1_152' title='bbox 1055 2197 1184 2260; x_wconf 86' lang='lat' dir='ltr'>pergens</span> <span class='ocrx_word' id='word_1_153' title='bbox 1212 2182 1376 2242; x_wconf 86' lang='lat' dir='ltr'>nouissima</span> <span class='ocrx_word' id='word_1_154' title='bbox 1404 2188 1489 2259; x_wconf 88' lang='lat' dir='ltr'>parte</span> 
     </span>
     <span class='ocr_line' id='line_1_19' title="bbox 192 2278 1488 2348; baseline 0.002 -8"><span class='ocrx_word' id='word_1_155' title='bbox 192 2283 337 2348; x_wconf 88' lang='lat' dir='ltr'>nominis;</span> <span class='ocrx_word' id='word_1_156' title='bbox 368 2278 467 2340; x_wconf 88' lang='lat' dir='ltr'>alitor:</span> <span class='ocrx_word' id='word_1_157' title='bbox 492 2297 578 2340; x_wconf 84' lang='lat' dir='ltr'>casus</span> <span class='ocrx_word' id='word_1_158' title='bbox 601 2289 644 2339; x_wconf 87' lang='lat' dir='ltr'>est</span> <span class='ocrx_word' id='word_1_159' title='bbox 667 2281 794 2340; x_wconf 88' lang='lat' dir='ltr'>uarietas</span> <span class='ocrx_word' id='word_1_160' title='bbox 817 2279 1065 2340; x_wconf 79' lang='lat' dir='ltr'>denominationis</span> <span class='ocrx_word' id='word_1_161' title='bbox 1087 2300 1103 2340; x_wconf 94' lang='lat' dir='ltr'>a</span> <span class='ocrx_word' id='word_1_162' title='bbox 1127 2284 1312 2343; x_wconf 89' lang='lat' dir='ltr'>nominatiuo</span> <span class='ocrx_word' id='word_1_163' title='bbox 1334 2280 1488 2344; x_wconf 90' lang='lat' dir='ltr'>inclinata.</span> 
     </span>
     <span class='ocr_line' id='line_1_20' title="bbox 192 2381 1491 2461; baseline 0.002 -19"><span class='ocrx_word' id='word_1_164' title='bbox 192 2382 266 2442; x_wconf 89' lang='lat' dir='ltr'>ltem</span> <span class='ocrx_word' id='word_1_165' title='bbox 290 2381 344 2442; x_wconf 90' lang='lat' dir='ltr'>alia</span> <span class='ocrx_word' id='word_1_166' title='bbox 373 2381 520 2442; x_wconf 82' lang='lat' dir='ltr'>definitio:</span> <span class='ocrx_word' id='word_1_167' title='bbox 552 2401 638 2442; x_wconf 86' lang='lat' dir='ltr'>casus</span> <span class='ocrx_word' id='word_1_168' title='bbox 661 2389 705 2442; x_wconf 85' lang='lat' dir='ltr'>est</span> <span class='ocrx_word' id='word_1_169' title='bbox 728 2382 814 2442; x_wconf 85' lang='lat' dir='ltr'>llexio</span> <span class='ocrx_word' id='word_1_170' title='bbox 838 2385 921 2445; x_wconf 89' lang='lat' dir='ltr'>uocis</span> <span class='ocrx_word' id='word_1_171' title='bbox 944 2400 998 2461; x_wconf 91' lang='lat' dir='ltr'>per</span> <span class='ocrx_word' id='word_1_172' title='bbox 1021 2384 1118 2443; x_wconf 89' lang='lat' dir='ltr'>uarias</span> <span class='ocrx_word' id='word_1_173' title='bbox 1140 2381 1295 2460; x_wconf 86' lang='lat' dir='ltr'>qualitates</span> <span class='ocrx_word' id='word_1_174' title='bbox 1317 2383 1491 2445; x_wconf 88' lang='lat' dir='ltr'>nominandi</span> 
     </span>
     <span class='ocr_line' id='line_1_21' title="bbox 193 2483 1530 2565; baseline 0 -22"><span class='ocrx_word' id='word_1_175' title='bbox 193 2484 342 2562; x_wconf 90' lang='lat' dir='ltr'>corporis,</span> <span class='ocrx_word' id='word_1_176' title='bbox 367 2484 445 2544; x_wconf 92' lang='lat' dir='ltr'>nude</span> <span class='ocrx_word' id='word_1_177' title='bbox 468 2505 484 2546; x_wconf 88' lang='lat' dir='ltr'>a</span> <span class='ocrx_word' id='word_1_178' title='bbox 506 2483 639 2545; x_wconf 87' lang='lat' dir='ltr'>cadendo</span> <span class='ocrx_word' id='word_1_179' title='bbox 662 2501 748 2545; x_wconf 89' lang='lat' dir='ltr'>casus</span> <span class='ocrx_word' id='word_1_180' title='bbox 770 2483 841 2544; x_wconf 90' lang='lat' dir='ltr'>dicti</span> <span class='ocrx_word' id='word_1_181' title='bbox 863 2493 946 2555; x_wconf 89' lang='lat' dir='ltr'>sunt,</span> <span class='ocrx_word' id='word_1_182' title='bbox 971 2484 1101 2561; x_wconf 90' lang='lat' dir='ltr'>eoquod</span> <span class='ocrx_word' id='word_1_183' title='bbox 1125 2484 1356 2565; x_wconf 81' lang='lat' dir='ltr'>unumquodque</span> <span class='ocrx_word' id='word_1_184' title='bbox 1379 2503 1530 2547; x_wconf 72' lang='lat' dir='ltr'>numenio</span> 
     </span>
     <span class='ocr_line' id='line_1_22' title="bbox 193 2585 1488 2654; baseline 0.002 -9"><span class='ocrx_word' id='word_1_185' title='bbox 193 2586 279 2646; x_wconf 89' lang='lat' dir='ltr'>cadat</span> <span class='ocrx_word' id='word_1_186' title='bbox 301 2605 317 2645; x_wconf 91' lang='lat' dir='ltr'>a</span> <span class='ocrx_word' id='word_1_187' title='bbox 340 2605 394 2646; x_wconf 91' lang='lat' dir='ltr'>suo</span> <span class='ocrx_word' id='word_1_188' title='bbox 417 2594 494 2646; x_wconf 90' lang='lat' dir='ltr'>statu</span> <span class='ocrx_word' id='word_1_189' title='bbox 522 2588 552 2646; x_wconf 93' lang='lat' dir='ltr'>in</span> <span class='ocrx_word' id='word_1_190' title='bbox 581 2585 706 2646; x_wconf 87' lang='lat' dir='ltr'>alterum</span> <span class='ocrx_word' id='word_1_191' title='bbox 735 2594 859 2654; x_wconf 90' lang='lat' dir='ltr'>statum,</span> <span class='ocrx_word' id='word_1_192' title='bbox 888 2594 920 2645; x_wconf 92' lang='lat' dir='ltr'>ut</span> <span class='ocrx_word' id='word_1_193' title='bbox 948 2586 1052 2647; x_wconf 90' lang='lat' dir='ltr'>doctus</span> <span class='ocrx_word' id='word_1_194' title='bbox 1081 2586 1171 2647; x_wconf 89' lang='lat' dir='ltr'>docti.</span> <span class='ocrx_word' id='word_1_195' title='bbox 1216 2588 1307 2649; x_wconf 70' lang='lat' dir='ltr'>(lasus</span> <span class='ocrx_word' id='word_1_196' title='bbox 1335 2589 1488 2649; x_wconf 91' lang='lat' dir='ltr'>nominum</span> 
     </span>
     <span class='ocr_line' id='line_1_23' title="bbox 193 2688 1490 2766; baseline 0.002 -18"><span class='ocrx_word' id='word_1_197' title='bbox 193 2695 264 2766; x_wconf 85' lang='lat' dir='ltr'>quot</span> <span class='ocrx_word' id='word_1_198' title='bbox 287 2690 372 2748; x_wconf 76' lang='lat' dir='ltr'>sunt?</span> <span class='ocrx_word' id='word_1_199' title='bbox 417 2689 489 2757; x_wconf 81' lang='lat' dir='ltr'>Sex,</span> <span class='ocrx_word' id='word_1_200' title='bbox 514 2689 714 2748; x_wconf 84' lang='lat' dir='ltr'>nominatiuus</span> <span class='ocrx_word' id='word_1_201' title='bbox 736 2688 891 2764; x_wconf 86' lang='lat' dir='ltr'>genetiuus</span> <span class='ocrx_word' id='word_1_202' title='bbox 914 2688 1031 2748; x_wconf 90' lang='lat' dir='ltr'>datiuus</span> <span class='ocrx_word' id='word_1_203' title='bbox 1054 2689 1242 2749; x_wconf 84' lang='lat' dir='ltr'>accusatiuus</span> <span class='ocrx_word' id='word_1_204' title='bbox 1264 2691 1417 2751; x_wconf 85' lang='lat' dir='ltr'>nocaiiuus</span> <span class='ocrx_word' id='word_1_205' title='bbox 1438 2688 1490 2750; x_wconf 81' lang='lat' dir='ltr'>ab·</span> 
     </span>
     <span class='ocr_line' id='line_1_24' title="bbox 194 2788 1490 2870; baseline 0.004 -22"><span class='ocrx_word' id='word_1_206' title='bbox 194 2789 310 2851; x_wconf 84' lang='lat' dir='ltr'>latinus.</span> <span class='ocrx_word' id='word_1_207' title='bbox 344 2788 526 2867; x_wconf 82' lang='lat' dir='ltr'>Virgilius</span> <span class='ocrx_word' id='word_1_208' title='bbox 548 2789 630 2849; x_wconf 92' lang='lat' dir='ltr'>dicit:</span> <span class='ocrx_word' id='word_1_209' title='bbox 655 2789 776 2859; x_wconf 84' lang='lat' dir='ltr'>Quare</span> <span class='ocrx_word' id='word_1_210' title='bbox 798 2807 861 2849; x_wconf 81' lang='lat' dir='ltr'>sex</span> <span class='ocrx_word' id='word_1_211' title='bbox 884 2806 991 2850; x_wconf 87' lang='lat' dir='ltr'>casus</span> <span class='ocrx_word' id='word_1_212' title='bbox 1013 2791 1118 2850; x_wconf 84' lang='lat' dir='ltr'>suuti</span> <span class='ocrx_word' id='word_1_213' title='bbox 1141 2790 1231 2861; x_wconf 83' lang='lat' dir='ltr'>(luia</span> <span class='ocrx_word' id='word_1_214' title='bbox 1254 2809 1316 2852; x_wconf 86' lang='lat' dir='ltr'>sex</span> <span class='ocrx_word' id='word_1_215' title='bbox 1338 2793 1490 2870; x_wconf 86' lang='lat' dir='ltr'>negotia</span> 
     </span>
     <span class='ocr_line' id='line_1_25' title="bbox 194 2890 1491 2970; baseline 0.004 -20"><span class='ocrx_word' id='word_1_216' title='bbox 194 2891 363 2952; x_wconf 87' lang='lat' dir='ltr'>homines</span> <span class='ocrx_word' id='word_1_217' title='bbox 394 2890 548 2952; x_wconf 82' lang='lat' dir='ltr'>halent:</span> <span class='ocrx_word' id='word_1_218' title='bbox 579 2892 770 2951; x_wconf 88' lang='lat' dir='ltr'>nominant</span> <span class='ocrx_word' id='word_1_219' title='bbox 798 2900 984 2968; x_wconf 88' lang='lat' dir='ltr'>generant</span> <span class='ocrx_word' id='word_1_220' title='bbox 1011 2890 1101 2952; x_wconf 92' lang='lat' dir='ltr'>dant</span> <span class='ocrx_word' id='word_1_221' title='bbox 1129 2900 1243 2970; x_wconf 89' lang='lat' dir='ltr'>agunt</span> <span class='ocrx_word' id='word_1_222' title='bbox 1269 2901 1407 2953; x_wconf 87' lang='lat' dir='ltr'>uocant</span> <span class='ocrx_word' id='word_1_223' title='bbox 1427 2911 1491 2955; x_wconf 85' lang='lat' dir='ltr'>au·</span> 
     </span>
     <span class='ocr_line' id='line_1_26' title="bbox 193 2989 1491 3081; baseline 0.002 -28"><span class='ocrx_word' id='word_1_224' title='bbox 193 2995 331 3053; x_wconf 86' lang='lat' dir='ltr'>icrunt.</span> <span class='ocrx_word' id='word_1_225' title='bbox 377 2992 419 3053; x_wconf 82' lang='lat' dir='ltr'>Ex</span> <span class='ocrx_word' id='word_1_226' title='bbox 448 2992 495 3053; x_wconf 86' lang='lat' dir='ltr'>ins</span> <span class='ocrx_word' id='word_1_227' title='bbox 523 2991 581 3052; x_wconf 93' lang='lat' dir='ltr'>duo</span> <span class='ocrx_word' id='word_1_228' title='bbox 610 3010 696 3081; x_wconf 73' lang='lat' dir='ltr'>casus</span> <span class='ocrx_word' id='word_1_229' title='bbox 719 2994 792 3053; x_wconf 88' lang='lat' dir='ltr'>recti</span> <span class='ocrx_word' id='word_1_230' title='bbox 815 2989 1015 3078; x_wconf 87' lang='lat' dir='ltr'>appellantur,</span> <span class='ocrx_word' id='word_1_231' title='bbox 1050 2995 1251 3055; x_wconf 86' lang='lat' dir='ltr'>nominatiuus</span> <span class='ocrx_word' id='word_1_232' title='bbox 1274 3001 1304 3054; x_wconf 90' lang='lat' dir='ltr'>ct</span> <span class='ocrx_word' id='word_1_233' title='bbox 1325 2995 1491 3065; x_wconf 85' lang='lat' dir='ltr'>uocatiuus,</span> 
     </span>
     <span class='ocr_line' id='line_1_27' title="bbox 194 3091 1533 3176; baseline 0.001 -22"><span class='ocrx_word' id='word_1_234' title='bbox 194 3093 301 3171; x_wconf 87' lang='lat' dir='ltr'>reliqui</span> <span class='ocrx_word' id='word_1_235' title='bbox 323 3091 436 3172; x_wconf 86' lang='lat' dir='ltr'>obliqui</span> <span class='ocrx_word' id='word_1_236' title='bbox 458 3102 536 3153; x_wconf 89' lang='lat' dir='ltr'>sunt.</span> <span class='ocrx_word' id='word_1_237' title='bbox 582 3091 749 3154; x_wconf 78' lang='lat' dir='ltr'>Ablatinum</span> <span class='ocrx_word' id='word_1_238' title='bbox 774 3094 879 3154; x_wconf 84' lang='lat' dir='ltr'>Graeci</span> <span class='ocrx_word' id='word_1_239' title='bbox 902 3112 960 3153; x_wconf 91' lang='lat' dir='ltr'>non</span> <span class='ocrx_word' id='word_1_240' title='bbox 985 3093 1107 3155; x_wconf 81' lang='lat' dir='ltr'>liabent:</span> <span class='ocrx_word' id='word_1_241' title='bbox 1138 3095 1217 3155; x_wconf 89' lang='lat' dir='ltr'>lmnc</span> <span class='ocrx_word' id='word_1_242' title='bbox 1241 3096 1388 3176; x_wconf 84' lang='lat' dir='ltr'>quidam</span> <span class='ocrx_word' id='word_1_243' title='bbox 1412 3096 1533 3158; x_wconf 74' lang='lat' dir='ltr'>Lau-,ss</span> 
     </span>
     <span class='ocr_line' id='line_1_28' title="bbox 195 3193 1493 3275; baseline 0.003 -19"><span class='ocrx_word' id='word_1_244' title='bbox 195 3214 278 3265; x_wconf 84' lang='lat' dir='ltr'>rrum,</span> <span class='ocrx_word' id='word_1_245' title='bbox 311 3193 485 3255; x_wconf 91' lang='lat' dir='ltr'>nonnulli</span> <span class='ocrx_word' id='word_1_246' title='bbox 506 3205 623 3256; x_wconf 82' lang='lat' dir='ltr'>sextum</span> <span class='ocrx_word' id='word_1_247' title='bbox 646 3214 746 3256; x_wconf 86' lang='lat' dir='ltr'>casum</span> <span class='ocrx_word' id='word_1_248' title='bbox 770 3195 927 3275; x_wconf 84' lang='lat' dir='ltr'>appellant.</span> <span class='ocrx_word' id='word_1_249' title='bbox 973 3196 1045 3256; x_wconf 91' lang='lat' dir='ltr'>lndc</span> <span class='ocrx_word' id='word_1_250' title='bbox 1073 3196 1245 3258; x_wconf 91' lang='lat' dir='ltr'>isidorus</span> <span class='ocrx_word' id='word_1_251' title='bbox 1274 3197 1360 3258; x_wconf 92' lang='lat' dir='ltr'>dicit:</span> <span class='ocrx_word' id='word_1_252' title='bbox 1392 3199 1493 3262; x_wconf 82' lang='lat' dir='ltr'>Otii·</span> 
     </span>
     <span class='ocr_line' id='line_1_29' title="bbox 195 3284 1492 3376; baseline 0.003 -18"><span class='ocrx_word' id='word_1_253' title='bbox 195 3300 290 3358; x_wconf 91' lang='lat' dir='ltr'>cium</span> <span class='ocrx_word' id='word_1_254' title='bbox 325 3316 414 3358; x_wconf 89' lang='lat' dir='ltr'>uero</span> <span class='ocrx_word' id='word_1_255' title='bbox 448 3284 624 3373; x_wconf 65' lang='lat' dir='ltr'>ablatiui,</span> <span class='ocrx_word' id='word_1_256' title='bbox 664 3306 858 3376; x_wconf 86' lang='lat' dir='ltr'>antequam</span> <span class='ocrx_word' id='word_1_257' title='bbox 891 3299 1146 3367; x_wconf 90' lang='lat' dir='ltr'>inueniretur,</span> <span class='ocrx_word' id='word_1_258' title='bbox 1184 3301 1220 3359; x_wconf 89' lang='lat' dir='ltr'>in</span> <span class='ocrx_word' id='word_1_259' title='bbox 1251 3299 1379 3360; x_wconf 91' lang='lat' dir='ltr'>datiuo</span> <span class='ocrx_word' id='word_1_260' title='bbox 1413 3319 1492 3362; x_wconf 88' lang='lat' dir='ltr'>cum</span> 
     </span>
     <span class='ocr_line' id='line_1_30' title="bbox 194 3400 1492 3480; baseline 0.002 -19"><span class='ocrx_word' id='word_1_261' title='bbox 194 3400 339 3461; x_wconf 90' lang='lat' dir='ltr'>Latinis</span> <span class='ocrx_word' id='word_1_262' title='bbox 373 3407 468 3469; x_wconf 91' lang='lat' dir='ltr'>crat,</span> <span class='ocrx_word' id='word_1_263' title='bbox 503 3418 580 3460; x_wconf 91' lang='lat' dir='ltr'>cum</span> <span class='ocrx_word' id='word_1_264' title='bbox 615 3400 769 3460; x_wconf 87' lang='lat' dir='ltr'>Graecis</span> <span class='ocrx_word' id='word_1_265' title='bbox 805 3408 923 3460; x_wconf 91' lang='lat' dir='ltr'>antem</span> <span class='ocrx_word' id='word_1_266' title='bbox 960 3402 996 3459; x_wconf 92' lang='lat' dir='ltr'>in</span> <span class='ocrx_word' id='word_1_267' title='bbox 1028 3401 1207 3475; x_wconf 83' lang='lat' dir='ltr'>genetiuo</span> <span class='ocrx_word' id='word_1_268' title='bbox 1240 3418 1392 3480; x_wconf 88' lang='lat' dir='ltr'>semper</span> <span class='ocrx_word' id='word_1_269' title='bbox 1424 3410 1492 3462; x_wconf 81' lang='lat' dir='ltr'>est</span> 
     </span>
     <span class='ocr_line' id='line_1_31' title="bbox 194 3500 1495 3581; baseline 0.002 -18"><span class='ocrx_word' id='word_1_270' title='bbox 194 3502 266 3563; x_wconf 88' lang='lat' dir='ltr'>ltem</span> <span class='ocrx_word' id='word_1_271' title='bbox 295 3502 538 3581; x_wconf 90' lang='lat' dir='ltr'>interrogandum</span> <span class='ocrx_word' id='word_1_272' title='bbox 568 3510 626 3570; x_wconf 91' lang='lat' dir='ltr'>cst,</span> <span class='ocrx_word' id='word_1_273' title='bbox 657 3518 749 3580; x_wconf 89' lang='lat' dir='ltr'>quare</span> <span class='ocrx_word' id='word_1_274' title='bbox 778 3503 977 3562; x_wconf 88' lang='lat' dir='ltr'>nominatiuus</span> <span class='ocrx_word' id='word_1_275' title='bbox 998 3503 1120 3562; x_wconf 73' lang='lat' dir='ltr'>‘casus’</span> <span class='ocrx_word' id='word_1_276' title='bbox 1143 3500 1323 3581; x_wconf 90' lang='lat' dir='ltr'>appellatur,</span> <span class='ocrx_word' id='word_1_277' title='bbox 1347 3521 1415 3564; x_wconf 90' lang='lat' dir='ltr'>cnm</span> <span class='ocrx_word' id='word_1_278' title='bbox 1438 3522 1495 3565; x_wconf 87' lang='lat' dir='ltr'>ne·</span> 
     </span>
     <span class='ocr_line' id='line_1_32' title="bbox 196 3604 1535 3683; baseline 0.001 -19"><span class='ocrx_word' id='word_1_279' title='bbox 196 3622 342 3683; x_wconf 84' lang='lat' dir='ltr'>quaquam</span> <span class='ocrx_word' id='word_1_280' title='bbox 367 3604 520 3664; x_wconf 84' lang='lat' dir='ltr'>uideamus</span> <span class='ocrx_word' id='word_1_281' title='bbox 543 3623 609 3664; x_wconf 80' lang='lat' dir='ltr'>erum</span> <span class='ocrx_word' id='word_1_282' title='bbox 633 3604 750 3672; x_wconf 86' lang='lat' dir='ltr'>cadere,</span> <span class='ocrx_word' id='word_1_283' title='bbox 775 3604 880 3664; x_wconf 90' lang='lat' dir='ltr'>sedin</span> <span class='ocrx_word' id='word_1_284' title='bbox 903 3623 957 3664; x_wconf 93' lang='lat' dir='ltr'>sno</span> <span class='ocrx_word' id='word_1_285' title='bbox 979 3611 1057 3665; x_wconf 88' lang='lat' dir='ltr'>statu</span> <span class='ocrx_word' id='word_1_286' title='bbox 1080 3622 1266 3682; x_wconf 88' lang='lat' dir='ltr'>permanere.</span> <span class='ocrx_word' id='word_1_287' title='bbox 1312 3604 1382 3665; x_wconf 92' lang='lat' dir='ltr'>ldco</span> <span class='ocrx_word' id='word_1_288' title='bbox 1404 3622 1535 3668; x_wconf 81' lang='lat' dir='ltr'>casusao</span> 
     </span>
     <span class='ocr_line' id='line_1_33' title="bbox 196 3705 1495 3783; baseline 0.003 -18"><span class='ocrx_word' id='word_1_289' title='bbox 196 3706 313 3775; x_wconf 88' lang='lat' dir='ltr'>dicitnr,</span> <span class='ocrx_word' id='word_1_290' title='bbox 337 3706 473 3783; x_wconf 89' lang='lat' dir='ltr'>eoquod</span> <span class='ocrx_word' id='word_1_291' title='bbox 497 3705 533 3764; x_wconf 81' lang='lat' dir='ltr'>alr</span> <span class='ocrx_word' id='word_1_292' title='bbox 557 3725 592 3766; x_wconf 89' lang='lat' dir='ltr'>eo</span> <span class='ocrx_word' id='word_1_293' title='bbox 615 3707 644 3766; x_wconf 92' lang='lat' dir='ltr'>in</span> <span class='ocrx_word' id='word_1_294' title='bbox 668 3707 839 3783; x_wconf 88' lang='lat' dir='ltr'>genetiunm</span> <span class='ocrx_word' id='word_1_295' title='bbox 863 3705 993 3776; x_wconf 91' lang='lat' dir='ltr'>cadatur,</span> <span class='ocrx_word' id='word_1_296' title='bbox 1019 3713 1050 3765; x_wconf 92' lang='lat' dir='ltr'>ut</span> <span class='ocrx_word' id='word_1_297' title='bbox 1071 3705 1177 3766; x_wconf 90' lang='lat' dir='ltr'>doctus</span> <span class='ocrx_word' id='word_1_298' title='bbox 1192 3706 1286 3774; x_wconf 82' lang='lat' dir='ltr'>docti:</span> <span class='ocrx_word' id='word_1_299' title='bbox 1311 3710 1495 3769; x_wconf 89' lang='lat' dir='ltr'>econtrario</span> 
     </span>
     <span class='ocr_line' id='line_1_34' title="bbox 196 3802 1494 3887; baseline 0.002 -19"><span class='ocrx_word' id='word_1_300' title='bbox 196 3816 294 3868; x_wconf 91' lang='lat' dir='ltr'>antem</span> <span class='ocrx_word' id='word_1_301' title='bbox 316 3805 327 3887; x_wconf 88' lang='grc' dir='ltr'>ΙΙ</span> <span class='ocrx_word' id='word_1_302' title='bbox 344 3806 364 3865; x_wconf 91' lang='lat' dir='ltr'>l.</span> <span class='ocrx_word' id='word_1_303' title='bbox 381 3803 441 3866; x_wconf 75' lang='lat' dir='ltr'>91l</span> <span class='ocrx_word' id='word_1_304' title='bbox 463 3802 474 3886; x_wconf 90' lang='grc' dir='ltr'>ΙΙ</span> <span class='ocrx_word' id='word_1_305' title='bbox 498 3808 680 3867; x_wconf 84' lang='lat' dir='ltr'>nominatiuo</span> <span class='ocrx_word' id='word_1_306' title='bbox 703 3805 848 3868; x_wconf 88' lang='lat' dir='ltr'>ablatiuus</span> <span class='ocrx_word' id='word_1_307' title='bbox 872 3826 956 3868; x_wconf 90' lang='lat' dir='ltr'>casus</span> <span class='ocrx_word' id='word_1_308' title='bbox 980 3816 1113 3876; x_wconf 88' lang='lat' dir='ltr'>uocatur,</span> <span class='ocrx_word' id='word_1_309' title='bbox 1137 3826 1173 3867; x_wconf 90' lang='lat' dir='ltr'>eo</span> <span class='ocrx_word' id='word_1_310' title='bbox 1195 3808 1275 3886; x_wconf 88' lang='lat' dir='ltr'>quod</span> <span class='ocrx_word' id='word_1_311' title='bbox 1297 3810 1329 3870; x_wconf 91' lang='lat' dir='ltr'>iu</span> <span class='ocrx_word' id='word_1_312' title='bbox 1351 3826 1384 3870; x_wconf 87' lang='lat' dir='ltr'>se</span> <span class='ocrx_word' id='word_1_313' title='bbox 1406 3809 1494 3871; x_wconf 90' lang='lat' dir='ltr'>cada·</span> 
     </span>
     <span class='ocr_line' id='line_1_35' title="bbox 197 3907 1495 3977; baseline 0.003 -9"><span class='ocrx_word' id='word_1_314' title='bbox 197 3918 260 3977; x_wconf 88' lang='lat' dir='ltr'>tur;</span> <span class='ocrx_word' id='word_1_315' title='bbox 291 3908 411 3969; x_wconf 89' lang='lat' dir='ltr'>dimidia</span> <span class='ocrx_word' id='word_1_316' title='bbox 442 3910 556 3969; x_wconf 88' lang='lat' dir='ltr'>ratione</span> <span class='ocrx_word' id='word_1_317' title='bbox 585 3909 614 3968; x_wconf 87' lang='lat' dir='ltr'>lri</span> <span class='ocrx_word' id='word_1_318' title='bbox 642 3907 700 3968; x_wconf 94' lang='lat' dir='ltr'>duo</span> <span class='ocrx_word' id='word_1_319' title='bbox 729 3926 814 3968; x_wconf 87' lang='lat' dir='ltr'>casus</span> <span class='ocrx_word' id='word_1_320' title='bbox 842 3911 938 3969; x_wconf 88' lang='lat' dir='ltr'>sortiti</span> <span class='ocrx_word' id='word_1_321' title='bbox 963 3917 1032 3969; x_wconf 88' lang='lat' dir='ltr'>snut</span> <span class='ocrx_word' id='word_1_322' title='bbox 1055 3927 1164 3970; x_wconf 92' lang='lat' dir='ltr'>nomen</span> <span class='ocrx_word' id='word_1_323' title='bbox 1187 3928 1283 3971; x_wconf 90' lang='lat' dir='ltr'>casus.</span> <span class='ocrx_word' id='word_1_324' title='bbox 1329 3910 1495 3972; x_wconf 86' lang='lat' dir='ltr'>Genetiuus</span> 
     </span>
     <span class='ocr_line' id='line_1_36' title="bbox 196 4009 1495 4089; baseline 0.002 -19"><span class='ocrx_word' id='word_1_325' title='bbox 196 4029 270 4070; x_wconf 91' lang='lat' dir='ltr'>uero</span> <span class='ocrx_word' id='word_1_326' title='bbox 294 4019 323 4070; x_wconf 89' lang='lat' dir='ltr'>ct</span> <span class='ocrx_word' id='word_1_327' title='bbox 345 4009 463 4071; x_wconf 85' lang='lat' dir='ltr'>datiuns</span> <span class='ocrx_word' id='word_1_328' title='bbox 479 4018 508 4070; x_wconf 89' lang='lat' dir='ltr'>ct</span> <span class='ocrx_word' id='word_1_329' title='bbox 522 4012 708 4071; x_wconf 84' lang='lat' dir='ltr'>accusatiuus</span> <span class='ocrx_word' id='word_1_330' title='bbox 730 4017 759 4069; x_wconf 84' lang='lat' dir='ltr'>ct</span> <span class='ocrx_word' id='word_1_331' title='bbox 781 4012 936 4072; x_wconf 88' lang='lat' dir='ltr'>uocatinus</span> <span class='ocrx_word' id='word_1_332' title='bbox 958 4010 1068 4089; x_wconf 91' lang='lat' dir='ltr'>duplici</span> <span class='ocrx_word' id='word_1_333' title='bbox 1091 4013 1205 4072; x_wconf 88' lang='lat' dir='ltr'>ratione</span> <span class='ocrx_word' id='word_1_334' title='bbox 1227 4030 1316 4072; x_wconf 89' lang='lat' dir='ltr'>casus</span> <span class='ocrx_word' id='word_1_335' title='bbox 1339 4020 1495 4081; x_wconf 89' lang='lat' dir='ltr'>uocantur,</span> 
     </span>
     <span class='ocr_line' id='line_1_37' title="bbox 197 4111 1532 4194; baseline -0.002 -22"><span class='ocrx_word' id='word_1_336' title='bbox 197 4131 232 4172; x_wconf 83' lang='lat' dir='ltr'>co</span> <span class='ocrx_word' id='word_1_337' title='bbox 256 4112 333 4189; x_wconf 79' lang='lat' dir='ltr'>‹puod</span> <span class='ocrx_word' id='word_1_338' title='bbox 356 4114 389 4172; x_wconf 91' lang='lat' dir='ltr'>in</span> <span class='ocrx_word' id='word_1_339' title='bbox 411 4132 444 4173; x_wconf 91' lang='lat' dir='ltr'>se</span> <span class='ocrx_word' id='word_1_340' title='bbox 467 4122 495 4173; x_wconf 90' lang='lat' dir='ltr'>et</span> <span class='ocrx_word' id='word_1_341' title='bbox 517 4131 533 4173; x_wconf 92' lang='lat' dir='ltr'>a</span> <span class='ocrx_word' id='word_1_342' title='bbox 556 4134 588 4175; x_wconf 86' lang='lat' dir='ltr'>se</span> <span class='ocrx_word' id='word_1_343' title='bbox 611 4111 733 4174; x_wconf 89' lang='lat' dir='ltr'>cadatur</span> <span class='ocrx_word' id='word_1_344' title='bbox 755 4114 786 4172; x_wconf 93' lang='lat' dir='ltr'>in</span> <span class='ocrx_word' id='word_1_345' title='bbox 808 4111 944 4174; x_wconf 87' lang='lat' dir='ltr'>alterum.</span> <span class='ocrx_word' id='word_1_346' title='bbox 990 4112 1031 4172; x_wconf 85' lang='lat' dir='ltr'>lle</span> <span class='ocrx_word' id='word_1_347' title='bbox 1054 4131 1180 4174; x_wconf 90' lang='lat' dir='ltr'>numero</span> <span class='ocrx_word' id='word_1_348' title='bbox 1203 4133 1324 4175; x_wconf 86' lang='lat' dir='ltr'>casuum</span> <span class='ocrx_word' id='word_1_349' title='bbox 1347 4113 1532 4194; x_wconf 77' lang='lat' dir='ltr'>quaedamm</span> 
     </span>
    </p>
   </div>
   <div class='ocr_carea' id='block_1_3' title="bbox 196 4297 1497 4904">
    <p class='ocr_par' dir='ltr' id='par_1_4' title="bbox 196 4297 1497 4904">
     <span class='ocr_line' id='line_1_38' title="bbox 267 4297 1494 4364; baseline 0.002 -17"><span class='ocrx_word' id='word_1_350' title='bbox 267 4301 279 4347; x_wconf 93' lang='lat'>1</span> <span class='ocrx_word' id='word_1_351' title='bbox 299 4299 379 4347; x_wconf 85' lang='lat' dir='ltr'>celum</span> <span class='ocrx_word' id='word_1_352' title='bbox 431 4297 529 4363; x_wconf 86' lang='lat' dir='ltr'>liguum</span> <span class='ocrx_word' id='word_1_353' title='bbox 547 4297 635 4362; x_wconf 87' lang='lat' dir='ltr'>homo]</span> <span class='ocrx_word' id='word_1_354' title='bbox 655 4300 717 4350; x_wconf 81' lang='lat' dir='ltr'>Post</span> <span class='ocrx_word' id='word_1_355' title='bbox 734 4315 766 4349; x_wconf 83' lang='lat' dir='ltr'>aa</span> <span class='ocrx_word' id='word_1_356' title='bbox 782 4301 808 4347; x_wconf 83' lang='lat' dir='ltr'>iu</span> <span class='ocrx_word' id='word_1_357' title='bbox 827 4301 914 4348; x_wconf 81' lang='lat' dir='ltr'>codice</span> <span class='ocrx_word' id='word_1_358' title='bbox 932 4298 995 4348; x_wconf 79' lang='lat' dir='ltr'>lucc</span> <span class='ocrx_word' id='word_1_359' title='bbox 1012 4304 1145 4348; x_wconf 78' lang='lat' dir='ltr'>seruntur:</span> <span class='ocrx_word' id='word_1_360' title='bbox 1165 4298 1210 4364; x_wconf 83' lang='lat' dir='ltr'>pei</span> <span class='ocrx_word' id='word_1_361' title='bbox 1230 4310 1255 4348; x_wconf 89' lang='lat' dir='ltr'>et</span> <span class='ocrx_word' id='word_1_362' title='bbox 1272 4311 1299 4348; x_wconf 87' lang='lat' dir='ltr'>ut</span> <span class='ocrx_word' id='word_1_363' title='bbox 1311 4300 1363 4349; x_wconf 83' lang='lat' dir='ltr'>nint</span> <span class='ocrx_word' id='word_1_364' title='bbox 1377 4299 1382 4361; x_wconf 92' lang='grc' dir='ltr'>Ι</span> <span class='ocrx_word' id='word_1_365' title='bbox 1398 4299 1415 4350; x_wconf 85' lang='lat' dir='ltr'>i.</span> <span class='ocrx_word' id='word_1_366' title='bbox 1429 4301 1494 4362; x_wconf 70' lang='lat'>91⁸1</span> 
     </span>
     <span class='ocr_line' id='line_1_39' title="bbox 197 4366 1495 4432; baseline 0.003 -17"><span class='ocrx_word' id='word_1_367' title='bbox 197 4368 303 4432; x_wconf 84' lang='lat' dir='ltr'>propria</span> <span class='ocrx_word' id='word_1_368' title='bbox 322 4367 425 4415; x_wconf 83' lang='lat' dir='ltr'>nomina</span> <span class='ocrx_word' id='word_1_369' title='bbox 443 4366 575 4415; x_wconf 86' lang='lat' dir='ltr'>homiuum</span> <span class='ocrx_word' id='word_1_370' title='bbox 595 4378 622 4415; x_wconf 88' lang='lat' dir='ltr'>nt</span> <span class='ocrx_word' id='word_1_371' title='bbox 639 4368 720 4416; x_wconf 85' lang='lat' dir='ltr'>cicero</span> <span class='ocrx_word' id='word_1_372' title='bbox 739 4368 831 4431; x_wconf 79' lang='lat' dir='ltr'>scipio.</span> <span class='ocrx_word' id='word_1_373' title='bbox 867 4367 961 4415; x_wconf 79' lang='lat' dir='ltr'>Locum</span> <span class='ocrx_word' id='word_1_374' title='bbox 984 4373 1129 4431; x_wconf 78' lang='lat' dir='ltr'>corruptum</span> <span class='ocrx_word' id='word_1_375' title='bbox 1151 4368 1257 4431; x_wconf 81' lang='lat' dir='ltr'>insuper</span> <span class='ocrx_word' id='word_1_376' title='bbox 1277 4370 1423 4424; x_wconf 75' lang='lat' dir='ltr'>lacunosum</span> <span class='ocrx_word' id='word_1_377' title='bbox 1438 4384 1495 4419; x_wconf 76' lang='lat' dir='ltr'>erae</span> 
     </span>
     <span class='ocr_line' id='line_1_40' title="bbox 196 4434 1494 4501; baseline 0.001 -18"><span class='ocrx_word' id='word_1_378' title='bbox 196 4442 276 4501; x_wconf 71' lang='lat' dir='ltr'>parter,</span> <span class='ocrx_word' id='word_1_379' title='bbox 303 4434 467 4484; x_wconf 80' lang='lat' dir='ltr'>Scribendnm</span> <span class='ocrx_word' id='word_1_380' title='bbox 482 4436 611 4496; x_wconf 81' lang='lat' dir='ltr'>sortasse:</span> <span class='ocrx_word' id='word_1_381' title='bbox 630 4448 654 4483; x_wconf 84' lang='lat' dir='ltr'>eu</span> <span class='ocrx_word' id='word_1_382' title='bbox 671 4447 752 4485; x_wconf 86' lang='lat' dir='ltr'>cetera</span> <span class='ocrx_word' id='word_1_383' title='bbox 771 4449 837 4496; x_wconf 86' lang='lat' dir='ltr'>qnnc</span> <span class='ocrx_word' id='word_1_384' title='bbox 855 4435 966 4499; x_wconf 89' lang='lat' dir='ltr'>conponi</span> <span class='ocrx_word' id='word_1_385' title='bbox 987 4450 1036 4484; x_wconf 83' lang='lat' dir='ltr'>riou</span> <span class='ocrx_word' id='word_1_386' title='bbox 1050 4447 1169 4500; x_wconf 80' lang='lat' dir='ltr'>possunt.</span> <span class='ocrx_word' id='word_1_387' title='bbox 1200 4436 1261 4484; x_wconf 84' lang='lat' dir='ltr'>ltcm</span> <span class='ocrx_word' id='word_1_388' title='bbox 1273 4434 1380 4501; x_wconf 78' lang='lat' dir='ltr'>propria</span> <span class='ocrx_word' id='word_1_389' title='bbox 1393 4437 1494 4486; x_wconf 85' lang='lat' dir='ltr'>nomina</span> 
     </span>
     <span class='ocr_line' id='line_1_41' title="bbox 198 4497 1495 4568; baseline 0.002 -17"><span class='ocrx_word' id='word_1_390' title='bbox 198 4515 244 4552; x_wconf 86' lang='lat' dir='ltr'>ete.</span> <span class='ocrx_word' id='word_1_391' title='bbox 315 4497 478 4568; x_wconf 73' lang='lat' dir='ltr'>altonams]</span> <span class='ocrx_word' id='word_1_392' title='bbox 498 4520 523 4565; x_wconf 84' lang='lat' dir='ltr'>p.</span> <span class='ocrx_word' id='word_1_393' title='bbox 544 4506 603 4563; x_wconf 80' lang='lat'>377,</span> <span class='ocrx_word' id='word_1_394' title='bbox 624 4504 658 4552; x_wconf 83' lang='lat'>13</span> <span class='ocrx_word' id='word_1_395' title='bbox 737 4504 872 4552; x_wconf 77' lang='lat' dir='ltr'>diarritur</span> <span class='ocrx_word' id='word_1_396' title='bbox 891 4512 915 4551; x_wconf 86' lang='lat' dir='ltr'>et</span> <span class='ocrx_word' id='word_1_397' title='bbox 933 4505 1096 4567; x_wconf 75' lang='lat' dir='ltr'>prosteruitur</span> <span class='ocrx_word' id='word_1_398' title='bbox 1166 4505 1224 4553; x_wconf 86' lang='lat' dir='ltr'>&#39;liu</span> <span class='ocrx_word' id='word_1_399' title='bbox 1244 4504 1409 4568; x_wconf 83' lang='lat' dir='ltr'>praeterritus</span> <span class='ocrx_word' id='word_1_400' title='bbox 1477 4506 1495 4554; x_wconf 83' lang='grc'>9</span> 
     </span>
     <span class='ocr_line' id='line_1_42' title="bbox 198 4565 1495 4636; baseline 0.002 -18"><span class='ocrx_word' id='word_1_401' title='bbox 198 4565 325 4634; x_wconf 77' lang='lat' dir='ltr'>Donatus]</span> <span class='ocrx_word' id='word_1_402' title='bbox 342 4586 369 4632; x_wconf 86' lang='lat' dir='ltr'>p.</span> <span class='ocrx_word' id='word_1_403' title='bbox 391 4573 485 4630; x_wconf 82' lang='lat'><strong><em>377‚8</em></strong></span> <span class='ocrx_word' id='word_1_404' title='bbox 572 4570 603 4620; x_wconf 90' lang='lat'>10</span> <span class='ocrx_word' id='word_1_405' title='bbox 621 4587 678 4633; x_wconf 80' lang='lat' dir='ltr'>eaq3</span> <span class='ocrx_word' id='word_1_406' title='bbox 766 4573 797 4621; x_wconf 74' lang='lat'>12</span> <span class='ocrx_word' id='word_1_407' title='bbox 816 4586 896 4633; x_wconf 78' lang='lat' dir='ltr'>equos</span> <span class='ocrx_word' id='word_1_408' title='bbox 983 4573 1145 4623; x_wconf 75' lang='lat' dir='ltr'>inurbanus</span> <span class='ocrx_word' id='word_1_409' title='bbox 1164 4572 1273 4636; x_wconf 85' lang='lat' dir='ltr'>pretoris</span> <span class='ocrx_word' id='word_1_410' title='bbox 1293 4573 1380 4623; x_wconf 87' lang='lat' dir='ltr'>orbani</span> <span class='ocrx_word' id='word_1_411' title='bbox 1462 4572 1495 4620; x_wconf 77' lang='lat'>16</span> 
     </span>
     <span class='ocr_line' id='line_1_43' title="bbox 198 4637 1497 4703; baseline 0.002 -17"><span class='ocrx_word' id='word_1_412' title='bbox 198 4649 304 4687; x_wconf 78' lang='lat' dir='ltr'>narratus</span> <span class='ocrx_word' id='word_1_413' title='bbox 376 4638 406 4685; x_wconf 87' lang='grc'>19</span> <span class='ocrx_word' id='word_1_414' title='bbox 425 4639 473 4686; x_wconf 90' lang='lat' dir='ltr'>lter</span> <span class='ocrx_word' id='word_1_415' title='bbox 542 4638 625 4686; x_wconf 89' lang='lat' dir='ltr'>ilectio</span> <span class='ocrx_word' id='word_1_416' title='bbox 694 4641 725 4689; x_wconf 75' lang='lat'>‘21</span> <span class='ocrx_word' id='word_1_417' title='bbox 745 4638 818 4688; x_wconf 82' lang='lat' dir='ltr'>cadet</span> <span class='ocrx_word' id='word_1_418' title='bbox 885 4641 918 4688; x_wconf 81' lang='lat'>22</span> <span class='ocrx_word' id='word_1_419' title='bbox 936 4641 1005 4702; x_wconf 90' lang='lat' dir='ltr'>quod</span> <span class='ocrx_word' id='word_1_420' title='bbox 1072 4642 1105 4691; x_wconf 77' lang='lat'>‘23</span> <span class='ocrx_word' id='word_1_421' title='bbox 1125 4637 1260 4703; x_wconf 82' lang='lat' dir='ltr'>Virgilius]</span> <span class='ocrx_word' id='word_1_422' title='bbox 1277 4656 1304 4703; x_wconf 84' lang='lat' dir='ltr'>p.</span> <span class='ocrx_word' id='word_1_423' title='bbox 1316 4643 1369 4690; x_wconf 78' lang='lat'>135</span> <span class='ocrx_word' id='word_1_424' title='bbox 1386 4640 1427 4689; x_wconf 85' lang='lat' dir='ltr'>ed.</span> <span class='ocrx_word' id='word_1_425' title='bbox 1439 4638 1497 4689; x_wconf 82' lang='lat' dir='ltr'>Mai</span> 
     </span>
     <span class='ocr_line' id='line_1_44' title="bbox 198 4704 1496 4771; baseline 0.003 -17"><span class='ocrx_word' id='word_1_426' title='bbox 198 4708 231 4754; x_wconf 75' lang='lat'>24</span> <span class='ocrx_word' id='word_1_427' title='bbox 249 4707 368 4754; x_wconf 85' lang='lat' dir='ltr'>adierunt</span> <span class='ocrx_word' id='word_1_428' title='bbox 452 4706 484 4753; x_wconf 80' lang='lat'>26</span> <span class='ocrx_word' id='word_1_429' title='bbox 502 4705 604 4766; x_wconf 85' lang='lat' dir='ltr'>quidem</span> <span class='ocrx_word' id='word_1_430' title='bbox 690 4709 722 4757; x_wconf 77' lang='lat'>27</span> <span class='ocrx_word' id='word_1_431' title='bbox 740 4707 884 4770; x_wconf 76' lang='lat' dir='ltr'>hesydorus</span> <span class='ocrx_word' id='word_1_432' title='bbox 955 4704 1079 4771; x_wconf 83' lang='lat' dir='ltr'>isidorus]</span> <span class='ocrx_word' id='word_1_433' title='bbox 1104 4707 1161 4758; x_wconf 81' lang='lat' dir='ltr'>Non</span> <span class='ocrx_word' id='word_1_434' title='bbox 1179 4713 1252 4756; x_wconf 74' lang='lat' dir='ltr'>extat</span> <span class='ocrx_word' id='word_1_435' title='bbox 1270 4708 1341 4771; x_wconf 84' lang='lat' dir='ltr'>apud</span> <span class='ocrx_word' id='word_1_436' title='bbox 1357 4707 1496 4769; x_wconf 66' lang='lat' dir='ltr'>Iaidmwn</span> 
     </span>
     <span class='ocr_line' id='line_1_45' title="bbox 199 4773 1494 4839; baseline 0.005 -19"><span class='ocrx_word' id='word_1_437' title='bbox 199 4773 403 4835; x_wconf 75' lang='lat' dir='ltr'>alienamini,</span> <span class='ocrx_word' id='word_1_438' title='bbox 422 4775 487 4836; x_wconf 82' lang='lat' dir='ltr'>arip.</span> <span class='ocrx_word' id='word_1_439' title='bbox 506 4773 565 4836; x_wconf 82' lang='lat' dir='ltr'>lo,</span> <span class='ocrx_word' id='word_1_440' title='bbox 584 4776 630 4831; x_wconf 76' lang='lat'>42,</span> <span class='ocrx_word' id='word_1_441' title='bbox 650 4777 683 4835; x_wconf 73' lang='lat' dir='ltr'>cf.</span> <span class='ocrx_word' id='word_1_442' title='bbox 703 4776 788 4838; x_wconf 81' lang='lat' dir='ltr'>praes.</span> <span class='ocrx_word' id='word_1_443' title='bbox 869 4775 969 4825; x_wconf 73' lang='lat' dir='ltr'>culter</span> <span class='ocrx_word' id='word_1_444' title='bbox 1037 4778 1068 4826; x_wconf 89' lang='lat'>31</span> <span class='ocrx_word' id='word_1_445' title='bbox 1088 4786 1168 4839; x_wconf 78' lang='lat' dir='ltr'>state,</span> <span class='ocrx_word' id='word_1_446' title='bbox 1186 4791 1256 4824; x_wconf 82' lang='lat' dir='ltr'>corr.</span> <span class='ocrx_word' id='word_1_447' title='bbox 1276 4784 1341 4824; x_wconf 82' lang='lat' dir='ltr'>stato</span> <span class='ocrx_word' id='word_1_448' title='bbox 1358 4792 1423 4825; x_wconf 83' lang='lat' dir='ltr'>mou.</span> <span class='ocrx_word' id='word_1_449' title='bbox 1441 4790 1494 4826; x_wconf 81' lang='lat' dir='ltr'>rec.</span> 
     </span>
     <span class='ocr_line' id='line_1_46' title="bbox 199 4840 617 4904; baseline -0.002 -14"><span class='ocrx_word' id='word_1_450' title='bbox 199 4841 232 4890; x_wconf 76' lang='lat'>34</span> <span class='ocrx_word' id='word_1_451' title='bbox 250 4840 286 4889; x_wconf 89' lang='lat' dir='ltr'>hii</span> <span class='ocrx_word' id='word_1_452' title='bbox 354 4845 387 4892; x_wconf 79' lang='lat'>35</span> <span class='ocrx_word' id='word_1_453' title='bbox 404 4856 492 4890; x_wconf 82' lang='lat' dir='ltr'>casum</span> <span class='ocrx_word' id='word_1_454' title='bbox 509 4841 617 4904; x_wconf 82' lang='lat' dir='ltr'>quedam</span> 
     </span>
    </p>
   </div>
   <div class='ocr_carea' id='block_1_4' title="bbox 0 0 1707 5476">
    <p class='ocr_par' dir='ltr' id='par_1_5' title="bbox 0 0 1707 5476">
     <span class='ocr_line' id='line_1_47' title="bbox 0 0 1707 5476; baseline 0 0"><span class='ocrx_word' id='word_1_455' title='bbox 0 0 1707 5476; x_wconf 95' lang='lat' dir='ltr'> </span> 
     </span>
    </p>
   </div>
  </div>
 </body>
</html>
