3382 5476
417 365 456 416 tu
474 363 613 415 nonnul
631 362 724 414 ARES
742 362 789 413 ET
808 361 1076 415 unuunutsuvu,
1164 314 1176 329 ·
1325 379 1384 427 cn

85 552 233 614 uidelicet
256 560 285 612 et
307 552 463 612 maiorem:
494 553 639 613 minorem
668 550 703 612 ad
733 570 842 632 pueros
864 550 1069 622 instruendos,
1093 554 1235 613 maiorem
1258 552 1294 612 ad
1316 570 1385 631 per·

86 655 246 715 lectiores.
290 654 387 714 Minor
411 671 483 713 uero
499 653 554 714 sub
576 655 809 732 interrogatione
832 663 860 714 et
876 655 1069 733 responsione
1093 655 1246 733 conposita
1270 661 1387 733 estque

86 757 233 834 congruit
261 757 372 834 pueris.
417 754 509 814 blaior
537 774 610 816 uero
640 754 772 816 absolute
808 763 853 815 est
879 757 1032 834 conposita
1061 757 1128 834 quia
1158 754 1387 833 perfectioribus

88 858 244 918 conuenit.
289 856 351 917 Edo
375 856 483 917 multos
505 874 610 918 sensus
634 856 735 918 babet:
759 856 878 936 quando
899 856 1045 935 equaliter
1061 856 1225 917 declinatur
1248 856 1303 916 edo
1325 857 1388 917 edis

88 960 165 1029 edit,
190 959 335 1037 significat
356 960 488 1037 parturio
512 961 576 1020 siue
599 960 742 1028 informo,
771 958 849 1018 unde
877 958 1055 1020 Sedulius
1077 961 1141 1034 (op.
1163 960 1269 1035 pescle.
1293 957 1346 1019 lib.
1371 959 1389 1018 l

88 1071 162 1123 ton.
197 1061 239 1119 t't
256 1079 290 1137 p.
308 1069 369 1121 noo
390 1065 419 1119 F
438 1063 485 1121 ed.
503 1061 614 1137 Bere.):
636 1060 764 1122 Edidit
787 1070 821 1121 ot
843 1079 965 1122 serum
989 1059 1187 1140 suspendit
1208 1059 1250 1120 ad
1275 1059 1385 1120 ubera

90 1171 228 1224 uatum.
273 1161 396 1231 Quando
421 1163 596 1242 inequaliter
619 1162 674 1223 edo
698 1171 804 1232 esest
829 1164 975 1241 significat
997 1162 1153 1223 manduco.

179 1262 315 1339 Remipii
337 1282 412 1325 atero
434 1263 635 1340 expositionis
655 1265 712 1326 boe
734 1274 778 1325 est
794 1263 1034 1341 principiums.
1060 1271 1133 1324 25⁶:

46 1381 208 1434 conparens
245 1365 376 1426 Partes
399 1365 584 1426 orationis
606 1375 690 1427 sunt
713 1374 811 1427 octo:
841 1385 970 1428 nomen
994 1374 1064 1430 etc.
1087 1400 1127 1408 -
1151 1367 1387 1427 interiectio.

181 1466 350 1528 Notandum
374 1468 522 1546 inprimis,
552 1468 628 1548 qnod
654 1471 782 1529 maiores
804 1467 856 1530 bas
879 1477 978 1546 partes
1001 1467 1164 1528 maioribus
1188 1477 1216 1529 et
1238 1468 1389 1531 intellectu

95 1569 270 1631 tortioribus
293 1568 420 1629 [lonatns
443 1572 634 1650 conseripsit;
665 1570 913 1649 quemadmodum
944 1570 1021 1631 enirn
1051 1571 1197 1630 minorem
1226 1570 1387 1632 editionem

96 1674 195 1732 miuus
223 1670 458 1749 intelligentibus
487 1672 506 1730 i·
537 1674 635 1751 pneris
663 1672 718 1731 sub
754 1673 987 1751 interrogatione
1015 1674 1100 1751 pueri
1133 1681 1162 1733 et
1194 1674 1389 1751 responsione

96 1775 228 1852 magistri
258 1773 419 1839 ordinauit,
450 1775 488 1832 ita
513 1773 588 1833 banc
611 1773 792 1834 auctioribus
819 1773 991 1835 doctoribus
1013 1776 1077 1834 sine
1101 1772 1158 1834 ulla
1181 1775 1238 1833 iam
1261 1776 1387 1835 iuterro-

97 1877 215 1953 gatione
238 1873 287 1935 uel
311 1877 503 1955 responsione
527 1876 701 1954 composuit.
747 1873 803 1946 Qui
830 1877 915 1953 quasi
942 1876 998 1936 iam
1027 1875 1166 1937 roborato
1188 1877 1307 1953 ingenio
1329 1893 1388 1936 non

97 1976 264 2054 indigentes
285 1977 518 2054 interrogatione
541 1994 594 2054 per
616 1997 648 2037 se
672 1994 746 2054 quae
770 1976 873 2036 uolunt
894 1975 994 2055 legere
1017 1986 1046 2039 et
1067 1975 1233 2056 intelligere
1250 1986 1383 2058 possunt.

99 2079 178 2140 lianc
201 2082 290 2140 etiam
315 2078 483 2138 decorando
506 2080 568 2138 suis
591 2077 786 2139 circumdedit
808 2078 857 2138 bic
878 2081 1060 2140 ornamentis
1082 2078 1118 2140 ab
1141 2078 1268 2140 bumane
1284 2099 1308 2140 s.
1327 2081 1388 2140 nite

99 2180 238 2262 qrralitate
261 2180 339 2240 illam
364 2182 561 2241 conformans.
608 2181 706 2241 Primo
734 2183 813 2242 enim
843 2181 879 2241 ‹le
904 2200 992 2251 uoce,
1022 2179 1128 2242 deinde
1151 2181 1187 2241 de
1210 2180 1322 2248 littera,
1351 2182 1387 2241 de

98 2282 213 2352 sillaba,
239 2283 277 2343 de
299 2281 440 2361 pedibus,
465 2281 502 2342 de
525 2284 617 2351 tonis,
641 2283 677 2343 de
698 2281 849 2362 partibus,
878 2282 914 2344 ad
939 2282 1073 2343 ultimum
1097 2282 1133 2342 de
1157 2283 1236 2343 uitiis
1257 2284 1384 2362 scripsit.

100 2384 197 2445 infans
220 2386 299 2445 enirn
323 2403 388 2444 cum
413 2386 556 2453 nascitur,
586 2385 683 2464 primo
712 2402 814 2444 uocem
842 2386 907 2444 sine
934 2402 1023 2444 sensu
1053 2385 1174 2452 emittit,
1203 2393 1305 2462 postea
1329 2386 1387 2444 iam

98 2484 244 2565 loquendo
268 2485 358 2546 uerba
382 2488 506 2565 profert,
530 2504 604 2566 quae
621 2485 723 2565 procul
740 2484 830 2545 dnbio
847 2483 952 2544 litteris
968 2492 997 2544 et
1012 2484 1125 2545 sillabis
1148 2494 1292 2555 constant,
1317 2505 1384 2545 cum

100 2588 187 2648 rectis
210 2587 338 2667 pedibus
360 2588 499 2649 incedere
522 2588 639 2667 incipit;
669 2596 698 2648 at
726 2594 881 2666 postquam
911 2589 967 2647 iam
992 2585 1138 2665 loquendo
1161 2594 1191 2646 ct
1213 2586 1388 2647 ambulando

100 2687 265 2757 roboratur,
289 2692 416 2768 partium
441 2708 505 2749 mox
530 2689 663 2751 doctrina
688 2687 815 2768 (dict'na)
839 2687 991 2749 imbuitur·
1037 2687 1110 2747 Cum
1133 2695 1230 2748 autem
1254 2689 1385 2766 aliquan·

101 2788 189 2852 tulum
218 2791 391 2860 roboratur,
420 2792 585 2852 Latinitatis
613 2809 714 2852 amore
749 2799 852 2870 captus
882 2788 928 2850 uel
958 2787 1041 2867 loqui
1069 2789 1178 2870 aliquid
1209 2790 1312 2851 Latine
1340 2791 1386 2851 uel

101 2891 212 2954 dictare
235 2892 351 2970 gaudet.
398 2893 456 2954 Sed
480 2894 546 2972 quia
571 2891 700 2953 nondum
726 2901 771 2953 est
792 2894 823 2953 in
854 2901 917 2953 arte
939 2893 1104 2970 perlectus,
1133 2893 1260 2952 incurrit
1283 2891 1387 2952 barba·

101 2994 221 3055 rismum
244 2996 263 3052 i·
288 2996 317 3054 in
341 2995 477 3056 ‹lictandn
503 2993 548 3055 uel
573 2994 721 3075 loquendo
743 2996 847 3055 uitium
871 2995 949 3058 lacit.
986 2992 1072 3062 Quod
1093 2992 1223 3055 dedecus
1239 3013 1308 3055 cum
1329 2995 1387 3054 iam

101 3097 223 3157 cautiori
246 3096 332 3156 oculo
356 3098 473 3157 nouerit
495 3096 662 3163 declarare,
692 3116 816 3157 securus
839 3095 946 3156 abbinc
971 3095 1089 3173 (adbinc
1110 3098 1188 3174 cod.)
1213 3094 1388 3174 eligentibus

100 3196 197 3258 uerbis
221 3199 284 3258 siue
307 3198 466 3258 dictatione
489 3199 650 3259 sententias
672 3211 767 3258 ornat.
811 3196 962 3269 Quidam
986 3197 1065 3258 lrunc
1085 3198 1220 3258 ordinem
1237 3216 1295 3259 uon
1312 3202 1388 3258 reci·

99 3301 182 3378 piunt
204 3318 240 3360 ex
263 3308 361 3379 parte:
392 3318 457 3360 nam
481 3308 547 3378 post
576 3308 676 3380 partes
697 3308 813 3379 ponunt
838 3299 928 3379 pedes
952 3308 981 3361 et
1003 3309 1090 3361 tonos
1112 3319 1179 3361 cnm
1203 3298 1388 3361 barbarismo

100 3411 187 3481 atque
211 3402 319 3463 ceteris
343 3403 433 3472 uitiis,
465 3403 531 3479 qnia
561 3403 648 3480 pueri
671 3404 766 3480 primo
790 3401 902 3463 litteras
931 3411 961 3462 et
982 3399 1101 3462 sillabas
1122 3401 1262 3462 iubentur
1284 3420 1389 3480 agnos·

101 3521 176 3573 cere,
200 3502 308 3564 deinde
331 3512 429 3582 partes
451 3521 630 3583 cmnpronere
659 3502 775 3563 illarum
804 3523 879 3581 quae
907 3505 1045 3583 componi
1073 3510 1135 3563 tum
1164 3502 1275 3564 babere
1296 3507 1388 3583 perti·

101 3607 174 3666 ciam
198 3605 267 3682 (lep.
279 3605 359 3679 sort.
376 3603 553 3684 illarumque
570 3608 815 3686 compositionum
833 3604 943 3665 babere
963 3607 1110 3686 peritiam)
1134 3604 1241 3685 quibus
1263 3607 1389 3682 coguitis

104 3709 223 3767 uomina
238 3706 410 3768 sillabarum
428 3714 455 3767 et
472 3717 645 3768 accentuum
664 3709 730 3776 t¹²¹e;
755 3708 840 3780 port.
858 3707 1026 3787 ceteraque)
1051 3717 1083 3768 ut
1104 3707 1223 3768 sedulus
1247 3707 1387 3785 (cedulusl

101 3808 192 3870 discat
208 3807 303 3869 tlonec
318 3808 354 3868 ad
371 3809 427 3869 boc
443 3811 599 3888 perueniat
614 3818 643 3868 ut
659 3812 732 3880 sciat
748 3812 841 3869 uitare
859 3808 1074 3871 barbarismum
1087 3829 1153 3871 cum
1170 3810 1276 3871 ceteris
1293 3811 1387 3870 uiciis,

60 3918 215 3976 brume
239 3910 284 3970 Ex
309 3911 383 3970 biis
406 3920 489 3971 surrt
512 3911 581 3972 due
604 3946 643 3954 -
669 3930 798 3971 nomen
822 3920 857 3972 et
879 3911 1042 3976 uerbum.
1087 3911 1269 3989 l’riucipales
1291 3923 1390 3990 partes

100 4015 207 4074 merito
229 4013 355 4073 dicende
378 4020 433 4072 etc.

182 4113 353 4190 desinitque
374 4113 407 4174 in
429 4116 505 4174 leuce
527 4117 619 4176 uerbo
638 4115 668 4189 f.
693 4113 764 4175 36⁵:

59 4220 392 4283 hemaucorum
413 4217 449 4275 in
473 4218 746 4277 interiectione
769 4218 864 4276 certi
882 4234 1049 4278 essenon
1073 4225 1228 4295 possunt
1251 4225 1289 4278 ut
1311 4219 1389 4278 lere

98 4321 134 4379 in
162 4319 253 4380 aliis
281 4317 437 4380 uocibus
465 4338 555 4399 quas
582 4320 801 4380 inconditas
829 4321 1050 4382 inuenimus.
1100 4319 1132 4379 ln
1165 4319 1230 4380 aliis
1265 4320 1388 4380 uocibus

99 4420 118 4479 i·
141 4420 171 4480 iu
195 4419 262 4481 aliis
283 4419 418 4499 partibus
441 4422 504 4481 siue
528 4420 708 4481 dictionibus
736 4439 759 4481 s.
792 4420 925 4480 barbaris
948 4429 976 4480 et
998 4423 1165 4500 peregrinis
1189 4440 1263 4499 quae
1287 4424 1389 4483 incuu-

100 4520 158 4583 dite
180 4521 321 4583 dicuutur
343 4523 363 4580 i·
386 4523 571 4600 inconposite
594 4525 660 4600 qnia
684 4521 802 4583 illorum
824 4521 943 4600 regulas
969 4521 1015 4582 uel
1039 4532 1178 4584 accentus
1200 4526 1388 4602 ignoramus:

99 4624 185 4686 'lere'
208 4633 308 4685 autem
332 4623 406 4683 dicit
428 4625 494 4702 quia
518 4642 643 4700 qtrorum
668 4626 804 4685 noticiam
829 4623 972 4685 babemus
996 4633 1028 4684 ut
1043 4627 1151 4686 cristus
1167 4627 1277 4687 seimus
1300 4643 1388 4703 quem

98 4735 252 4788 accentum
276 4724 416 4795 babeant,
440 4725 488 4787 trel
511 4725 611 4786 aliter:
644 4725 741 4787 nullus
769 4734 909 4786 accentus
937 4736 1037 4787 certus
1065 4728 1160 4788 estin
1184 4728 1390 4789 interiectione

97 4838 129 4891 ut
149 4830 214 4891 lere
237 4829 268 4888 in
292 4825 357 4887 aliis
381 4826 504 4888 uocibus
527 4829 594 4906 quia
618 4846 751 4908 quaeque
774 4847 847 4909 gons
871 4848 937 4890 suas
961 4829 1050 4890 babet
1072 4830 1292 4890 interiectiones
1315 4849 1390 4910 quae
