3382 5476
596 375 645 427 nra
663 375 802 428 nouarr
821 376 1025 431 rmonmvs.
1395 377 1453 441 157

244 561 398 641 Expletiua
414 562 592 632 coniunctio,
616 581 693 643 quae
708 563 805 626 addita
820 572 915 634 ornat,
939 564 1069 625 detracta
1088 611 1094 624 .
1112 610 1120 625 .
1138 611 1145 625 .
1163 612 1181 634 .,
1204 574 1236 626 ut
1252 573 1298 626 εει
1311 567 1337 625 si
1351 565 1454 627 dixero

160 664 209 725 ‘ad
230 664 352 724 domurn
376 663 451 724 uade
474 663 598 725 saltim’:
628 664 721 725 ‘uado
744 665 780 726 ad
804 665 937 726 domum’
961 663 1078 727 ornabit
1107 666 1306 746 eloquutionis
1334 683 1453 727 sensum

160 774 189 826 et
210 765 351 844 ponderis
374 763 482 842 aliquid
506 765 595 826 addet
616 763 745 847 †minus
761 769 790 826 ·i·
807 785 841 827 ac
863 770 887 826 si
910 767 1043 827 dixisset:
1069 771 1220 846 ‘magnum
1236 767 1349 830 esttibi
1365 769 1452 829 etiam

159 866 265 928 domus
280 875 329 927 tua
344 865 368 946 †
383 876 512 935 tanturn,
536 866 606 928 dum
623 869 719 928 omnis
734 876 784 930 tua
799 867 966 929 substantia
981 867 1120 930 distracta
1137 878 1183 930 εει
1197 880 1317 949 praeter
1332 870 1453 930 domum

131 972 263 1029 stuam’.

243 1069 374 1130 Causalis
398 1079 456 1138 est,
481 1073 620 1149 quotiens
643 1071 680 1131 de
702 1089 791 1132 causa
813 1070 956 1147 loquitur.
1002 1072 1096 1133 Causa
1119 1081 1163 1132 est
1186 1072 1272 1142 baec,
1297 1075 1335 1134 ‘si
1359 1071 1454 1133 debeo

161 1171 298 1233 occidere
320 1170 420 1240 illum,
443 1180 494 1232 aut
515 1179 549 1232 ut
571 1170 670 1258 tollam
694 1173 720 1232 ei
744 1170 938 1233 hereditatem
961 1183 1012 1233 aut
1033 1176 1116 1250 quod
1135 1176 1273 1258 inimicus
1295 1174 1367 1235 mihi
1391 1183 1453 1235 est:

158 1273 238 1333 hunc
261 1275 287 1333 si
310 1272 460 1342 occidero,
485 1282 514 1332 et
536 1272 649 1334 carebo·
668 1275 810 1334 inimico'.
834 1273 904 1333 ldeo
927 1273 1036 1334 dicitur
1059 1275 1195 1347 causalis,
1219 1275 1297 1356 quod
1320 1294 1356 1337 eo
1379 1284 1453 1336 tem·

157 1391 231 1453 pore
253 1377 390 1453 ponitur,
414 1374 533 1451 quando
555 1374 591 1435 de
614 1392 702 1436 cansa
724 1373 884 1451 loquimur.

120 1493 145 1533 so
242 1474 417 1544 Rationalis,
446 1476 564 1554 quando
591 1476 700 1553 aliquid
729 1473 879 1555 loquimur
907 1476 943 1537 de
970 1480 1097 1539 ratione.
1143 1478 1243 1558 Longe
1272 1480 1350 1539 enirn
1373 1477 1452 1540 aliud

157 1585 202 1638 est
223 1595 326 1647 causa,
356 1575 432 1636 aliud
456 1579 545 1647 ratio,
575 1578 652 1637 idest
673 1596 732 1657 quo
755 1577 824 1656 quid
847 1576 1000 1658 conpellar
1023 1579 1131 1641 lacere.
1177 1581 1270 1642 Causa
1294 1587 1354 1648 est,
1378 1599 1453 1661 quae

156 1697 210 1739 nos
239 1679 329 1739 trahit
355 1677 392 1738 ad
421 1678 597 1740 laciendum.
642 1677 727 1738 liatio
746 1687 794 1739 est
817 1678 922 1740 modus
943 1680 1086 1752 lactendi,
1113 1681 1191 1743 idest
1212 1699 1271 1758 quo
1293 1681 1364 1759 quid
1387 1681 1450 1741 elli·

157 1782 327 1849 ciatur,‘ut
353 1787 422 1859 puta
450 1780 599 1841 ‘inimicus
625 1799 711 1841 meus
740 1791 798 1848 est;
829 1780 933 1841 occido
961 1780 1043 1843 illum
1073 1791 1197 1861 propter
1224 1782 1448 1863 hereditatcm’:

156 1882 230 1943 haec
261 1900 364 1950 causa;
388 1881 449 1941 ‘sed
474 1880 555 1942 solus
577 1881 673 1942 debeo
696 1882 850 1955 occidere;
870 1900 997 1956 uereor,
1021 1885 1046 1944 si
1069 1900 1129 1944 non
1150 1887 1232 1946 solus
1253 1883 1349 1945 debeo
1372 1887 1450 1945 occi·

116 1999 141 2040 ιε
156 1982 244 2052 dere,
270 2001 308 2042 ne
331 1981 567 2061 deprehendar':
591 1982 666 2044 haec
688 2001 747 2045 non
771 2002 876 2054 eausa,
900 1982 951 2044 sed
974 1986 1051 2046 ratio
1073 1993 1128 2049 est.

241 2083 320 2162 Ergo
342 2083 460 2164 quando
483 2083 519 2144 de
541 2086 657 2146 ratione
671 2083 830 2165 loquimur,
853 2084 1027 2148 rationalem
1043 2089 1181 2166 ponimus
1196 2088 1451 2156 coniunctionem

157 2186 273 2266 quaudo
301 2185 337 2245 de
365 2203 468 2255 causa,
503 2185 635 2246 causales
663 2188 898 2248 coniunctiones.
948 2188 1005 2249 Sed
1033 2190 1111 2249 seire
1139 2189 1245 2260 debes,
1276 2189 1355 2268 quod
1383 2188 1453 2249 licet

157 2287 246 2350 nobis
273 2306 327 2367 pro
356 2286 548 2348 rationalibus
574 2288 833 2350 coniunctionibus
857 2289 898 2349 uti
920 2287 1068 2372 causalem
1098 2308 1152 2369 pro
1174 2287 1342 2350 causalibus
1364 2308 1451 2351 nuna-

155 2406 245 2468 quam
268 2390 310 2449 uti
332 2387 498 2449 rationales.
544 2387 705 2451 Rationalis
727 2397 773 2450 εει
794 2391 894 2468 igitur,
924 2388 976 2451 ubi
998 2400 1042 2452 est
1064 2392 1155 2459 ratio;
1185 2390 1313 2453 causalis
1335 2400 1394 2461 εει,
1426 2395 1451 2452 si

116 2491 207 2553 soubi
234 2498 279 2552 est
307 2508 410 2559 causa;
438 2487 558 2571 †-igitur
586 2499 682 2572 potest
709 2492 781 2570 poni
802 2493 827 2550 si
849 2489 900 2552 ubi
922 2492 947 2551 si
971 2508 1030 2551 nou
1052 2500 1152 2572 potest
1174 2494 1259 2572 poni;
1286 2493 1377 2570 igitur
1400 2490 1452 2553 ubi

156 2601 201 2655 εει
227 2610 331 2662 causa,
360 2593 598 2653 coniunctionem
626 2591 801 2653 rationalem
829 2610 889 2652 non
918 2601 1001 2673 potes
1024 2611 1151 2673 ponere;
1182 2594 1262 2673 quod
1284 2594 1309 2654 si
1332 2593 1383 2654 ubi
1406 2602 1452 2654 est

157 2696 242 2767 ratio,
265 2692 412 2754 causalem
436 2711 549 2773 ponere
570 2703 665 2775 potes.
701 2694 738 2755 Et
753 2695 863 2774 quare?
897 2693 991 2764 Quod,
1015 2694 1133 2773 quatxdo
1149 2696 1260 2756 utimur
1275 2694 1312 2756 de
1327 2696 1450 2764 ratione,

155 2797 214 2858 iam
237 2794 399 2874 praecessit
421 2813 524 2862 carrea:
554 2796 671 2875 quando
693 2795 730 2855 de
753 2813 839 2856 causa
864 2797 982 2870 utimur,
1005 2814 1066 2857 non
1088 2798 1186 2857 statim
1209 2797 1343 2877 sequitur
1365 2798 1451 2858 ratio.

157 2896 309 2960 ‘Occidam
316 2942 326 2976 ‚
349 2903 382 2957 ut
403 2895 504 2956 tollam
532 2896 748 2967 hereditatem,
779 2915 876 2959 causo
903 2907 961 2965 est;
990 2899 1017 2958 si
1045 2906 1143 2959 autem
1172 2897 1251 2959 dico:
1284 2898 1349 2959 ‘sed
1372 2896 1452 2960 solus

115 2997 251 3086 ssdebeo
279 2997 417 3059 occidere
444 2996 540 3066 illum,
576 3016 614 3058 ne
643 2998 873 3078 deprehendar',
908 3001 983 3060 ratio
1012 3005 1067 3061 εει.
1117 2998 1185 3061 ldeo
1213 2999 1265 3062 ubi
1293 3007 1338 3061 est
1365 3000 1450 3069 ratio,

156 3102 268 3162 utimur
291 3108 321 3160 et
342 3117 444 3167 causa:
475 3097 526 3159 ubi
549 3107 595 3160 est
616 3117 718 3170 causa,
748 3119 808 3161 non
831 3102 929 3162 statim
952 3102 1064 3161 utimur
1085 3102 1215 3171 ratione,
1245 3101 1324 3179 quod
1354 3108 1452 3182 potest

156 3219 242 3263 causa
265 3203 337 3281 poni
360 3202 424 3261 sine
446 3202 578 3272 ratione,
609 3203 684 3262 ratio
707 3210 823 3271 autern,
847 3203 904 3264 nisi
927 3220 1013 3263 causa
1035 3205 1249 3282 praecesserit,
1273 3220 1333 3263 non
1355 3209 1452 3283 potest

159 3303 225 3367 diei
242 3337 286 3349 -
307 3302 484 3364 Coniunctio
506 3302 632 3382 simplex
655 3306 764 3374 ‘nam’,
788 3305 941 3384 conposita
963 3307 1127 3383 ‘namque'.
1169 3303 1291 3366 Accedit
1313 3313 1343 3365 ει
1365 3303 1450 3365 ordo.

156 3406 232 3468 Sunt
254 3405 492 3475 coniunctiones,
516 3422 592 3485 quae
615 3422 734 3484 semper
757 3413 996 3485 praeponuntur:
1020 3452 1112 3467 .....
1128 3414 1197 3466 sunt
1219 3405 1350 3476 mediae,
1374 3423 1451 3485 quae

118 3522 144 3564 aa
159 3524 333 3569 communes
349 3505 497 3568 dicuntur.
521 3505 760 3586 Praeponuntur,
777 3514 809 3566 nt
821 3515 866 3567 ast
879 3515 916 3573 at,
931 3514 976 3567 ut:
1001 3507 1049 3567 ‘at
1063 3515 1170 3586 pater
1185 3508 1449 3587 omnipotens’,

158 3613 224 3669 ‘ast
247 3613 336 3686 ego’,
359 3607 438 3688 quod
461 3606 591 3668 medium
614 3607 758 3684 numquid
780 3609 927 3687 possimus
949 3608 1049 3669 dicere
1070 3611 1166 3688 ‘pater
1188 3616 1218 3670 at
1238 3610 1448 3689 omnipotens’.

156 3711 235 3788 Ergo
257 3714 327 3770 ‘ast'
352 3708 495 3788 numquid
519 3709 650 3771 medium
674 3716 729 3769 est.
774 3708 856 3779 Quae
879 3710 1119 3790 postponunturi
1154 3709 1356 3790 dotemque:
1381 3713 1450 3789 ‘ego

224 3896 364 3946 lditracta
382 3905 410 3944 ut
426 3906 467 3945 εει
545 3894 648 3944 inodo
665 3888 759 3945 saltim’
818 3890 952 3944 adlomum
971 3896 1073 3945 ornauit
1089 3894 1277 3958 eloquutionem
1345 3896 1452 3947 8addit

156 3964 241 4014 minus
254 3965 294 4014 ·i·
312 3978 342 4012 ac
360 3964 383 4013 si
400 3957 521 4028 dixisset]
546 3962 632 4014 hocta
649 3970 786 4027 corruptas
803 3964 841 4013 ita
855 3963 971 4025 sortasse
994 3965 1086 4029 refinpi
1106 3968 1201 4029 possit:
1225 3962 1363 4029 Expletioa
1386 3978 1450 4014 eon-

156 4033 264 4093 iunctio,
282 4045 348 4093 qnae
365 4031 452 4080 addita
471 4040 557 4087 ornat,
575 4032 687 4080 damaeta
705 4031 810 4094 minuit,
831 4041 857 4079 ut
874 4041 914 4080 est
931 4032 954 4081 si
971 4032 1059 4081 dixero
1077 4032 1121 4081 ‘ad
1134 4027 1239 4081 domum
1257 4031 1323 4081 uade
1340 4031 1449 4081 saltim’:

157 4100 257 4149 ornabit
273 4099 446 4161 eloquutionis
464 4113 569 4149 sensum
588 4110 613 4148 et
630 4099 752 4163 ponderis
769 4098 867 4161 aliquid
884 4098 974 4158 addet,
1001 4099 1113 4148 detracta
1139 4108 1224 4148 autem
1248 4099 1356 4158 minuet,
1378 4114 1409 4148 ae
1427 4101 1449 4149 si

155 4167 265 4218 dixisset
281 4174 330 4219 ete.
365 4168 457 4216 aetiam
508 4168 602 4216 ddum
623 4164 663 4215 oris
710 4165 957 4217 iillumadtollam
1004 4163 1138 4232 antqnod]
1158 4162 1187 4216 εἰ
1237 4165 1335 4216 8haec
1376 4164 1449 4232 etJa'a

157 4230 280 4300 idaliud]
298 4234 396 4297 aliquid
450 4235 480 4284 11
494 4234 628 4299 conpellim
682 4231 904 4301 liquoquidM
958 4236 991 4283 14
1002 4233 1024 4284 si
1038 4248 1089 4283 non
1102 4233 1181 4284 debeo
1234 4232 1365 4286 lbihaee
1418 4235 1450 4285 ts

154 4303 318 4352 rationabiles
336 4302 495 4351 rationabilis
514 4312 553 4351 est
570 4303 637 4352 idest
653 4303 718 4351 ratio
737 4303 815 4368 igitur
831 4301 942 4352 causalis
961 4311 1001 4351 est
1055 4302 1089 4351 20
1105 4302 1184 4366 igitur
1201 4311 1288 4367 potest
1305 4298 1365 4368 eta]
1385 4301 1452 4352 Loci

153 4371 231 4434 faeda
248 4372 367 4436 corrupti
387 4385 475 4421 sensus
492 4372 515 4420 is
532 4377 583 4424 est:
610 4370 689 4436 igitur
711 4370 820 4421 causalis
843 4381 928 4435 potest
949 4370 1024 4434 poni,
1052 4370 1075 4418 si
1093 4368 1136 4419 ubi
1154 4370 1219 4419 ratio
1237 4381 1290 4435 εει,
1317 4370 1451 4419 redonabo

130 4496 135 4505 ,
156 4453 231 4498 uero,
250 4439 273 4488 si
291 4440 334 4489 ubi
352 4453 431 4488 causa
449 4448 500 4498 est,
520 4452 569 4488 non
587 4448 673 4503 potest
689 4439 751 4503 poni
854 4439 886 4487 21
909 4434 997 4500 ειιιιεε]
1019 4436 1130 4487 causalis
1199 4437 1375 4488 rationabilem
1397 4451 1449 4487 non

156 4516 241 4572 potest
258 4521 354 4572 ponere
371 4508 415 4569 qui
433 4507 455 4555 ai
469 4507 511 4556 ubi
523 4505 730 4557 estrationabilis
782 4508 815 4556 22
834 4515 919 4571 potest
969 4507 1003 4555 24
1021 4504 1135 4554 occidam
1153 4505 1267 4556 attollam
1285 4504 1449 4556 hereditatem

155 4575 201 4624 sed
220 4574 290 4625 solus
308 4576 388 4624 debeo
407 4575 488 4624 accidi
506 4574 577 4623 illum
596 4589 628 4623 ne
645 4573 822 4639 deprehendar
839 4574 862 4623 si
880 4583 965 4623 autem
977 4572 1035 4623 dico
1048 4572 1120 4623 solue
1132 4574 1220 4623 occido
1232 4573 1297 4623 ratio
1310 4583 1350 4623 est
1416 4574 1450 4623 at

156 4640 218 4707 nial]
238 4643 304 4692 sine'
360 4645 394 4693 28
412 4637 535 4707 simplex]
555 4639 610 4692 seria
688 4643 722 4692 29
740 4637 929 4708 proponuntur]
956 4641 1019 4692 Post
1035 4641 1084 4692 hoo
1101 4640 1232 4692 eaes'dim
1249 4643 1362 4692 uidetur·
1390 4652 1452 4690 sunt

156 4725 221 4773 qaae
239 4725 341 4775 semper
358 4720 548 4776 postponuntur
564 4712 606 4760 ael
620 4711 700 4760 shuile
717 4712 785 4777 quid.
857 4711 891 4759 30
908 4717 1085 4774 preponuntur
1135 4720 1162 4760 at
1179 4704 1262 4775 pater]
1286 4708 1364 4772 Verp.
1383 4710 1449 4759 Aen.

160 4778 201 4828 Vt
218 4781 269 4828 592
337 4774 505 4844 31astego]
534 4777 784 4843 Verp.Aen.116
851 4779 884 4826 32
907 4778 1030 4840 numquid
1049 4777 1161 4827 medium
1179 4775 1228 4842 est]
1248 4776 1318 4839 quod
1337 4776 1448 4827 medium

155 4857 216 4897 sunt
265 4855 435 4908 actamquae
807 4887 809 4892 .
