3382 5476
269 396 312 443 οι,
608 380 658 430 DE
678 376 998 430 unaumtrlconvnt
1017 373 1223 429 CATALOGIS

354 571 433 631 Iluic
454 571 595 643 cataloao
609 569 717 628 Petras
732 567 841 628 Ilaniel
849 574 958 644 postea
973 563 1096 627 addidit
1111 566 1205 626 baec:
1232 561 1346 624 Velium
1370 561 1502 642 Longum
1525 562 1562 624 de

270 671 480 751 orthographia
500 667 506 751 l
526 679 555 731 et
577 670 783 730 Adamantium
806 667 976 748 Martyrium
1005 667 1042 728 de
1064 687 1081 725 v
1104 673 1134 727 et
1156 665 1174 727 b
1197 667 1330 744 integros
1352 665 1485 746 repperit
1506 667 1562 727 Ve-

271 775 357 834 netiis
380 772 421 833 ΕΙ.
445 772 602 832 Puteanus.
626 767 797 832 Posteriorr'
817 773 908 830 etiam
930 778 1064 846 tempore
1085 770 1132 830 Iris
1146 771 1211 829 alia
1225 785 1317 829 mana
1339 769 1487 830 adiectum
1500 777 1562 829 est:

272 876 477 938 Adamantium
500 875 563 934 siue
586 873 758 951 Martyrium
781 871 818 932 de
841 871 863 932 B
886 881 965 933 muta
990 882 1019 932 et
1041 873 1064 931 V
1088 871 1193 932 uocati.

356 978 388 1039 Is
409 979 504 1052 iaitur
523 977 792 1051 aranrmatieoram
813 975 1018 1053 catalopus*),
1041 990 1127 1049 quem
1149 989 1189 1033 ex
1211 980 1311 1034 uetere
1331 974 1436 1035 codice
1449 972 1563 1035 deseri

267 1090 354 1158 plrim
377 1095 440 1140 esse
461 1079 584 1139 notulae
605 1078 677 1137 illae
692 1078 730 1137 ab
745 1078 810 1152 ipso
824 1077 916 1137 Petro
931 1076 1058 1136 Ilaniele
1071 1077 1206 1150 marpini
1219 1077 1361 1152 adpiclae
1381 1074 1565 1149 manifestis-

270 1186 342 1243 sime
363 1180 561 1256 conprobanl,
586 1181 794 1255 maximopere
813 1175 954 1253 conprnit
975 1195 1043 1238 cam
1066 1176 1260 1251 Bononiensi,
1286 1175 1339 1253 aui
1360 1185 1404 1238 cst
1425 1179 1491 1240 bic:

356 1282 394 1343 ΙΝ
419 1280 521 1343 ROMA
547 1278 724 1341 FUERUNT
752 1278 882 1347 Donatus
911 1278 1079 1339 Priscianus
1109 1279 1277 1339 Victorinus
1300 1277 1449 1339 Fothieius
1471 1279 1564 1354 (Euti-

272 1387 346 1460 cius)
370 1383 530 1444 Flauianus
552 1390 582 1442 et
604 1381 838 1442 comminianus.
884 1380 915 1441 Ιιι
938 1381 1047 1459 Spania
1063 1380 1158 1460 Caper
1173 1390 1202 1440 et
1217 1380 1356 1459 Ogratius
1380 1382 1564 1459 (Agroetius),

272 1487 304 1547 tu
333 1485 510 1567 Cartbagine
539 1484 697 1564 Pompeius
727 1482 880 1543 tlisidorus
907 1483 1049 1560 Seregius
1077 1489 1219 1544 tractator
1249 1493 1278 1543 et
1300 1483 1486 1561 Augustinus.
1533 1483 1565 1542 tn

274 1586 372 1648 Sicilia
395 1586 565 1647 Honoratus
587 1593 616 1645 et
644 1582 718 1645 alter
741 1584 862 1662 Sergius
886 1583 977 1663 (corr.
999 1583 1149 1663 Seregius)
1178 1584 1324 1646 Maximus
1347 1596 1376 1647 et
1397 1585 1564 1646 Matronius.

356 1690 424 1750 Iam
447 1691 528 1766 quod
549 1694 690 1765 quattuor
705 1685 818 1748 Ilonali
838 1687 912 1748 iibri
931 1702 994 1747 esse
1015 1688 1170 1762 dicuntur,
1194 1690 1238 1747 ita
1260 1691 1327 1763 qais
1348 1691 1564 1763 enuclearem,

273 1801 306 1853 ul
327 1798 488 1852 tractatum
512 1792 550 1850 de
570 1787 688 1864 littero,
718 1791 757 1850 de
776 1790 894 1866 syllaba
915 1794 973 1849 elc.
1001 1806 1064 1848 una
1085 1806 1153 1850 cam
1176 1796 1243 1849 arte
1264 1793 1379 1851 minore
1400 1797 1430 1851 et
1451 1793 1566 1852 maiore

274 1903 364 1969 atque
385 1893 573 1953 barbarismo
595 1890 700 1969 quarti
721 1890 795 1952 libri
814 1893 932 1951 nomine
952 1891 1085 1951 babilam
1113 1907 1177 1951 esse
1198 1889 1298 1967 ἀέσαι,
1328 1909 1509 1968 quamquam
1530 1910 1567 1954 eo

275 2013 392 2072 quoque
420 1994 589 2070 constipare
611 2010 787 2070 possumus,
818 1999 865 2067 ul,
896 1995 949 2068 qui
974 1992 1077 2052 Seruii
1102 1995 1222 2053 nomine
1249 1995 1287 2054 dc
1313 1997 1426 2055 ultimis
1445 1995 1569 2072 syllabis

276 2104 427 2158 tractatus
455 2114 475 2155 a
504 2096 645 2156 I²utscbio
665 2092 773 2172 priori
797 2097 861 2154 loeo
885 2111 917 2170 p.
945 2099 1144 2153 itti—1810
1165 2097 1263 2156 editus
1284 2104 1341 2171 est,
1370 2105 1479 2171 quarto
1500 2099 1567 2157 Ioco

252 2246 257 2255 .
275 2198 413 2273 intellcai
431 2195 635 2273 suspicemur:
656 2198 706 2257 bic
727 2200 804 2256 enim
824 2196 941 2256 libellas
956 2197 1076 2255 Donato
1091 2196 1231 2257 tribuitur
1252 2205 1281 2256 el
1294 2215 1314 2256 a
1329 2198 1451 2258 Iuliano
1463 2215 1566 2273 pram-

275 2302 387 2362 malr'eo
408 2307 437 2359 el
457 2302 568 2375 Ieailur
589 2301 669 2359 inter
691 2299 807 2360 Danieli
825 2301 940 2373 scripta
963 2300 994 2358 in
1016 2296 1121 2358 codice
1143 2298 1296 2359 Bernensi
1313 2307 1378 2374 207,
1403 2300 1447 2373 cs.
1471 2319 1568 2378 supra

271 2422 304 2481 p.
321 2403 449 2464 XVIII.
487 2402 604 2462 Deinde
619 2401 768 2460 Honorati
780 2403 921 2474 nomine,
944 2400 980 2459 id
992 2400 1074 2475 qrtod
1088 2399 1221 2460 Maximi
1244 2400 1431 2482 l'iclarini*)
1454 2412 1482 2461 el
1505 2403 1566 2462 Me·

276 2509 364 2568 trorii
385 2507 529 2566 societate
549 2501 710 2576 euincitur,
734 2502 837 2564 Seruii
856 2509 1007 2564 tractatus
1027 2505 1176 2576 metricos,
1201 2501 1342 2580 inprimis
1363 2482 1567 2566 centimetrum

275 2609 411 2684 catalupi
432 2612 540 2666 ouelor
562 2606 745 2665 intellexisse
766 2606 906 2674 uidetar;
928 2611 957 2664 cl
978 2606 1061 2679 qaod
1080 2606 1123 2665 ad
1137 2607 1274 2679 alterum,
1299 2608 1352 2681 qui
1371 2615 1499 2667 uocatur
1513 2608 1568 2668 boc

275 2714 351 2780 ioco,
375 2709 489 2770 lionoti
509 2704 690 2782 discipulum
712 2709 819 2766 attinet
839 2706 995 2783 Seraiam,
1024 2708 1063 2766 dc
1089 2708 1191 2766 littera
1214 2709 1252 2766 de
1280 2709 1397 2783 syllaba
1420 2709 1457 2768 de
1480 2710 1567 2784 pcdi-

276 2814 329 2873 bus
355 2817 410 2871 clc.
437 2810 545 2869 tibrum
575 2809 639 2867 dici
665 2811 773 2884 optime
801 2810 917 2869 Kailios
946 2805 1023 2867 uidit
1047 2826 1080 2884 p.
1112 2816 1157 2872 27.
1209 2812 1341 2870 Alterius
1368 2827 1440 2871 aero
1468 2811 1571 2886 Seraii

275 2915 368 2975 libros
391 2927 495 2972 rroacm
518 2910 568 2968 ‘de
589 2912 690 2969 littera
711 2916 741 2969 et
760 2912 798 2970 dc
819 2907 1021 2969 barbarismo’
1044 2911 1089 2968 ad
1105 2909 1215 2970 bonati
1235 2911 1466 2973 commentarios
1488 2912 1568 2985 rese·

276 3016 385 3076 rendos
406 3028 469 3073 esse
485 3018 582 3088 patet,
606 3028 796 3086 quamquain,
821 3014 896 3087 quid
917 3012 955 3070 de
970 3013 1136 3071 nonenorio
1157 3010 1302 3073 librorum
1318 3032 1442 3074 numero
1457 3017 1566 3088 dicam,

277 3134 337 3178 non
359 3115 431 3174 salis
452 3121 578 3187 constal,
603 3110 665 3173 nisi
677 3114 759 3188 quad
773 3111 845 3172 inde
866 3112 1010 3187 eflicitur,
1034 3116 1087 3175 sub
1102 3115 1205 3191 Serpit
1218 3118 1339 3175 nomine
1359 3119 1570 3192 multoplures

276 3218 506 3281 commentarios
519 3211 613 3275 medii
635 3189 706 3275 aeui
718 3216 898 3291 temporibus
914 3213 1107 3277 circumlatas
1125 3216 1233 3291 fuisse,
1257 3234 1347 3292 orcam
1368 3220 1453 3279 nobis
1468 3220 1570 3280 adbrce

277 3324 481 3382 innotuerunt.
526 3317 633 3392 Itaque
655 3334 716 3376 non
738 3319 850 3391 dubito,
874 3321 946 3392 quin
970 3326 998 3377 el
1013 3320 1064 3377 illc
1078 3318 1179 3393 Serpit
1199 3327 1358 3393 tractatus,
1382 3338 1466 3395 quem
1482 3320 1570 3381 buires

277 3424 348 3484 libri
365 3439 399 3498 p.
425 3426 594 3478 143-158
614 3421 745 3495 primam
767 3420 864 3494 edidi,
894 3427 985 3494 alone
1012 3421 1052 3494 is,
1082 3423 1168 3481 cuites
1193 3420 1370 3495 fracmenta
1397 3440 1438 3483 ea
1459 3425 1571 3483 codicis

280 3531 335 3584 123
356 3531 422 3581 arte
442 3524 536 3598 petita
558 3520 645 3593 infra
667 3524 767 3596 cimilc
797 3521 842 3581 VI
855 3524 1068 3599 propositurus
1089 3540 1169 3598 sum,
1200 3525 1243 3583 ad
1263 3526 1459 3584 nouenarium
1480 3522 1570 3585 mlum

278 3641 432 3687 numeram
450 3625 664 3699 pertinuerint.
709 3623 861 3684 Prisciani
881 3640 954 3684 uero
975 3625 1047 3683 libri
1067 3627 1177 3701 nipinli
1202 3641 1237 3685 eo
1258 3627 1362 3702 effecti
1380 3642 1443 3685 esse
1465 3624 1570 3686 uiden·
1594 3655 1599 3664 ·

278 3737 337 3796 tur,
360 3727 441 3803 quod
462 3727 506 3785 ad
526 3722 737 3798 duodenipinti
759 3728 835 3785 artis
854 3730 1076 3800 arammalieac
1103 3728 1198 3788 libros
1225 3737 1415 3788 accesserant
1435 3729 1511 3788 liber
1532 3728 1571 3787 de

279 3831 437 3889 duodecim
474 3827 600 3901 t'crailil
632 3828 779 3887 Aeneidos
805 3830 916 3903 primis
949 3828 1083 3889 uersibus
1116 3837 1206 3904 alque
1238 3829 1276 3888 de
1307 3826 1429 3890 nomine
1453 3847 1569 3906 prono·

279 3934 359 3991 mine
378 3939 434 3990 etc.
456 3931 581 3990 libellus.

373 4033 475 4091 Vtrum
504 4037 603 4091 aulem
631 4032 778 4108 Asnaum
805 4029 992 4093 intellexerit
1023 4031 1160 4107 catalani
1185 4034 1332 4110 scriptor,
1366 4033 1569 4109 Iunioremne,

280 4132 334 4210 piri
356 4132 483 4206 dieitur,
509 4150 550 4192 an
571 4150 654 4202 eum,
683 4149 769 4208 quem
796 4134 883 4193 totus
910 4131 982 4194 libri
998 4151 1034 4210 p.
1057 4140 1174 4192 39-61
1195 4134 1282 4196 edidi
1287 4181 1294 4204 ,
1317 4138 1430 4196 certius
1451 4138 1574 4206 definiri

281 4238 391 4312 nequit.
436 4236 534 4310 Atque
560 4236 733 4311 Pompeium
760 4252 820 4311 qno
846 4232 914 4296 iure
941 4234 1053 4309 Afrum
1081 4237 1211 4313 dixerit,
1241 4236 1305 4298 iam
1332 4236 1452 4299 Iieiir'ns
1472 4256 1508 4315 p.
1535 4244 1572 4297 27

349 4522 376 4585 *)
399 4523 532 4587 Perpernm
556 4524 623 4571 euim
647 4522 770 4572 Sinnerns
794 4523 853 4571 oiim
877 4524 949 4573 meat.
969 4539 1047 4577 marr.
1064 4523 1139 4578 Baro.
1159 4527 1168 4575 l
1186 4540 1213 4591 p.
1231 4527 1282 4576 422
1300 4540 1353 4575 rem
1371 4526 1406 4574 ita
1423 4525 1571 4591 explicauit,

281 4604 309 4641 ut
326 4605 414 4641 omnes
436 4591 500 4638 istos
524 4588 602 4639 ituros
625 4591 726 4639 Petrum
751 4590 880 4640 Danielem
903 4592 1023 4642 habuisse
1040 4593 1117 4654 idque
1135 4593 1184 4643 iltis
1205 4594 1288 4643 uerbis
1307 4598 1443 4642 'uenerunt
1460 4593 1492 4643 nd
1511 4598 1571 4644 nos'

280 4662 376 4775 ipsum2
389 4668 507 4707 testatum
530 4674 588 4709 esse
610 4659 712 4708 diecret.
749 4659 844 4709 Eodem
868 4661 930 4709 initio
952 4661 1041 4726 lapsus
1068 4671 1108 4710 est
1130 4659 1280 4711 Strenberur
1304 4661 1432 4727 Phttotogi
1454 4672 1515 4716 tom.
1538 4662 1571 4712 111

282 4743 306 4791 p·
326 4729 393 4856 3ζ’.)
412 4794 472 4844 Iride
489 4795 559 4861 quud
578 4795 599 4844 is
619 4809 668 4845 non
687 4794 816 4846 Maximus
833 4795 981 4845 Victorinus
1001 4797 1076 4863 pleno
1094 4798 1214 4856 nomino,
1241 4797 1286 4846 sed
1306 4797 1433 4847 Maximus
1456 4810 1570 4855 uocatur,

282 4863 403 4927 explicari
422 4874 519 4928 potest,
537 4863 580 4926 qui
598 4862 691 4912 Iactum
711 4864 757 4922 sit,
778 4876 803 4911 ιιι
822 4863 887 4912 medi
906 4866 972 4913 urnii
992 4865 1107 4915 homines
1126 4865 1306 4914 ‘blaximinni’
1326 4880 1418 4916 nomen
1438 4865 1570 4931 fingerent.
