<?xml version="1.0" encoding="UTF-8"?>
<!DOCTYPE html PUBLIC "-//W3C//DTD XHTML 1.0 Transitional//EN"
    "http://www.w3.org/TR/xhtml1/DTD/xhtml1-transitional.dtd">
<html xmlns="http://www.w3.org/1999/xhtml" xml:lang="en" lang="en">
 <head>
  <title>
</title>
<meta http-equiv="Content-Type" content="text/html;charset=utf-8" />
  <meta name='ocr-system' content='tesseract 3.04.00' />
  <meta name='ocr-capabilities' content='ocr_page ocr_carea ocr_par ocr_line ocrx_word'/>
</head>
<body>
  <div class='ocr_page' id='page_1' title='image "./grammaticilatin06keilgoog_0559.png"; bbox 0 0 3382 5476; ppageno 0'>
   <div class='ocr_carea' id='block_1_1' title="bbox 202 363 1100 430">
    <p class='ocr_par' dir='ltr' id='par_1_1' title="bbox 202 363 1100 430">
     <span class='ocr_line' id='line_1_1' title="bbox 202 363 1100 430; baseline 0.001 -13"><span class='ocrx_word' id='word_1_1' title='bbox 202 364 266 430; x_wconf 80' lang='grc'><strong>284</strong></span> <span class='ocrx_word' id='word_1_2' title='bbox 596 365 870 417; x_wconf 74' lang='lat' dir='ltr'><strong>ntr‘rttttert&#39;rint:</strong></span> <span class='ocrx_word' id='word_1_3' title='bbox 888 363 1100 418; x_wconf 76' lang='lat' dir='ltr'><strong>SERMONVM.</strong></span> 
     </span>
    </p>
   </div>
   <div class='ocr_carea' id='block_1_2' title="bbox 197 549 1540 2768">
    <p class='ocr_par' dir='ltr' id='par_1_2' title="bbox 202 549 1506 834">
     <span class='ocr_line' id='line_1_2' title="bbox 289 549 1506 634; baseline 0 -19"><span class='ocrx_word' id='word_1_4' title='bbox 289 554 368 615; x_wconf 90' lang='lat' dir='ltr'><strong>lnter</strong></span> <span class='ocrx_word' id='word_1_5' title='bbox 390 552 476 614; x_wconf 82' lang='lat' dir='ltr'>dulce</span> <span class='ocrx_word' id='word_1_6' title='bbox 497 561 529 614; x_wconf 88' lang='lat' dir='ltr'><strong>et</strong></span> <span class='ocrx_word' id='word_1_7' title='bbox 550 571 641 615; x_wconf 87' lang='lat' dir='ltr'><strong>suane</strong></span> <span class='ocrx_word' id='word_1_8' title='bbox 662 553 718 613; x_wconf 89' lang='lat' dir='ltr'><strong>hoc</strong></span> <span class='ocrx_word' id='word_1_9' title='bbox 740 554 878 621; x_wconf 86' lang='lat' dir='ltr'><strong>interest,</strong></span> <span class='ocrx_word' id='word_1_10' title='bbox 902 551 981 628; x_wconf 83' lang='lat' dir='ltr'><strong>qnod</strong></span> <span class='ocrx_word' id='word_1_11' title='bbox 1004 549 1090 612; x_wconf 86' lang='lat' dir='ltr'><strong>dulce</strong></span> <span class='ocrx_word' id='word_1_12' title='bbox 1112 550 1192 613; x_wconf 70' lang='lat' dir='ltr'><strong>illem</strong></span> <span class='ocrx_word' id='word_1_13' title='bbox 1215 558 1313 632; x_wconf 85' lang='lat' dir='ltr'><strong>potest</strong></span> <span class='ocrx_word' id='word_1_14' title='bbox 1335 553 1506 634; x_wconf 80' lang='lat' dir='ltr'><strong>essequod</strong></span> 
     </span>
     <span class='ocr_line' id='line_1_3' title="bbox 202 650 1506 734; baseline 0 -18"><span class='ocrx_word' id='word_1_15' title='bbox 202 673 303 724; x_wconf 84' lang='lat' dir='ltr'><strong>suane,</strong></span> <span class='ocrx_word' id='word_1_16' title='bbox 327 672 386 716; x_wconf 91' lang='lat' dir='ltr'><strong>non</strong></span> <span class='ocrx_word' id='word_1_17' title='bbox 410 656 511 734; x_wconf 85' lang='lat' dir='ltr'><strong>utique</strong></span> <span class='ocrx_word' id='word_1_18' title='bbox 532 673 639 723; x_wconf 88' lang='lat' dir='ltr'><strong>suane,</strong></span> <span class='ocrx_word' id='word_1_19' title='bbox 663 652 741 731; x_wconf 92' lang='lat' dir='ltr'><strong>quod</strong></span> <span class='ocrx_word' id='word_1_20' title='bbox 765 651 865 714; x_wconf 82' lang='lat' dir='ltr'><strong>dulce:</strong></span> <span class='ocrx_word' id='word_1_21' title='bbox 894 650 981 714; x_wconf 84' lang='lat' dir='ltr'><strong>dulce</strong></span> <span class='ocrx_word' id='word_1_22' title='bbox 1008 654 1088 713; x_wconf 86' lang='lat' dir='ltr'><strong>enim</strong></span> <span class='ocrx_word' id='word_1_23' title='bbox 1117 651 1175 713; x_wconf 87' lang='lat' dir='ltr'><strong>mel</strong></span> <span class='ocrx_word' id='word_1_24' title='bbox 1204 653 1333 715; x_wconf 76' lang='lat' dir='ltr'><strong>diuinus</strong></span> <span class='ocrx_word' id='word_1_25' title='bbox 1355 663 1388 715; x_wconf 89' lang='lat' dir='ltr'><strong>et</strong></span> <span class='ocrx_word' id='word_1_26' title='bbox 1408 673 1506 718; x_wconf 72' lang='lat' dir='ltr'><strong>usaue</strong></span> 
     </span>
     <span class='ocr_line' id='line_1_4' title="bbox 202 753 706 834; baseline -0.006 -16"><span class='ocrx_word' id='word_1_27' title='bbox 202 767 334 826; x_wconf 82' lang='lat' dir='ltr'><strong>acetum,</strong></span> <span class='ocrx_word' id='word_1_28' title='bbox 359 757 437 834; x_wconf 91' lang='lat' dir='ltr'><strong>quod</strong></span> <span class='ocrx_word' id='word_1_29' title='bbox 460 774 519 817; x_wconf 92' lang='lat' dir='ltr'><strong>non</strong></span> <span class='ocrx_word' id='word_1_30' title='bbox 543 764 588 817; x_wconf 88' lang='lat' dir='ltr'><strong>est</strong></span> <span class='ocrx_word' id='word_1_31' title='bbox 610 753 706 817; x_wconf 83' lang='lat' dir='ltr'><strong>dulce.</strong></span> 
     </span>
    </p>

    <p class='ocr_par' dir='ltr' id='par_1_3' title="bbox 201 853 1532 1142">
     <span class='ocr_line' id='line_1_5' title="bbox 285 853 1506 935; baseline 0.001 -16"><span class='ocrx_word' id='word_1_32' title='bbox 285 859 366 920; x_wconf 88' lang='lat' dir='ltr'><strong>lnter</strong></span> <span class='ocrx_word' id='word_1_33' title='bbox 398 857 508 919; x_wconf 87' lang='lat' dir='ltr'><strong>bellum</strong></span> <span class='ocrx_word' id='word_1_34' title='bbox 542 866 572 917; x_wconf 88' lang='lat' dir='ltr'><strong>et</strong></span> <span class='ocrx_word' id='word_1_35' title='bbox 604 854 735 917; x_wconf 84' lang='lat' dir='ltr'><strong>duellum</strong></span> <span class='ocrx_word' id='word_1_36' title='bbox 769 856 825 916; x_wconf 83' lang='lat' dir='ltr'><strong>lioc</strong></span> <span class='ocrx_word' id='word_1_37' title='bbox 859 856 998 924; x_wconf 84' lang='lat' dir='ltr'><strong>interest,</strong></span> <span class='ocrx_word' id='word_1_38' title='bbox 1035 854 1115 935; x_wconf 87' lang='lat' dir='ltr'><strong>quod</strong></span> <span class='ocrx_word' id='word_1_39' title='bbox 1148 853 1259 916; x_wconf 88' lang='lat' dir='ltr'><strong>bellum</strong></span> <span class='ocrx_word' id='word_1_40' title='bbox 1290 857 1324 917; x_wconf 90' lang='lat' dir='ltr'><strong>in</strong></span> <span class='ocrx_word' id='word_1_41' title='bbox 1359 864 1506 920; x_wconf 81' lang='lat' dir='ltr'><strong>externas</strong></span> 
     </span>
     <span class='ocr_line' id='line_1_6' title="bbox 202 955 1532 1040; baseline -0.004 -18"><span class='ocrx_word' id='word_1_42' title='bbox 202 968 314 1040; x_wconf 86' lang='lat' dir='ltr'><strong>partes,</strong></span> <span class='ocrx_word' id='word_1_43' title='bbox 343 957 474 1019; x_wconf 88' lang='lat' dir='ltr'><strong>duellum</strong></span> <span class='ocrx_word' id='word_1_44' title='bbox 502 960 581 1020; x_wconf 89' lang='lat' dir='ltr'><strong>inter</strong></span> <span class='ocrx_word' id='word_1_45' title='bbox 604 959 685 1020; x_wconf 88' lang='lat' dir='ltr'><strong>eines</strong></span> <span class='ocrx_word' id='word_1_46' title='bbox 706 957 818 1018; x_wconf 89' lang='lat' dir='ltr'><strong>dictum</strong></span> <span class='ocrx_word' id='word_1_47' title='bbox 841 975 892 1026; x_wconf 87' lang='lat' dir='ltr'><strong>eo,</strong></span> <span class='ocrx_word' id='word_1_48' title='bbox 920 956 1000 1035; x_wconf 88' lang='lat' dir='ltr'><strong>quod</strong></span> <span class='ocrx_word' id='word_1_49' title='bbox 1029 955 1187 1018; x_wconf 89' lang='lat' dir='ltr'><strong>diuellatur</strong></span> <span class='ocrx_word' id='word_1_50' title='bbox 1212 955 1342 1037; x_wconf 91' lang='lat' dir='ltr'><strong>populns</strong></span> <span class='ocrx_word' id='word_1_51' title='bbox 1368 959 1403 1019; x_wconf 90' lang='lat' dir='ltr'><strong>iu</strong></span> <span class='ocrx_word' id='word_1_52' title='bbox 1426 958 1532 1022; x_wconf 81' lang='lat' dir='ltr'><strong>duass</strong></span> 
     </span>
     <span class='ocr_line' id='line_1_7' title="bbox 201 1068 310 1142; baseline -0.028 -19"><span class='ocrx_word' id='word_1_53' title='bbox 201 1068 310 1142; x_wconf 87' lang='lat' dir='ltr'><strong>partes.</strong></span> 
     </span>
    </p>

    <p class='ocr_par' dir='ltr' id='par_1_4' title="bbox 201 1158 1504 1344">
     <span class='ocr_line' id='line_1_8' title="bbox 286 1158 1504 1242; baseline 0.002 -19"><span class='ocrx_word' id='word_1_54' title='bbox 286 1163 365 1223; x_wconf 87' lang='lat' dir='ltr'><strong>luter</strong></span> <span class='ocrx_word' id='word_1_55' title='bbox 388 1161 556 1242; x_wconf 84' lang='lat' dir='ltr'><strong>exemplum</strong></span> <span class='ocrx_word' id='word_1_56' title='bbox 580 1169 610 1221; x_wconf 87' lang='lat' dir='ltr'><strong>et</strong></span> <span class='ocrx_word' id='word_1_57' title='bbox 631 1159 854 1222; x_wconf 87' lang='lat' dir='ltr'><strong>similitudinem</strong></span> <span class='ocrx_word' id='word_1_58' title='bbox 870 1158 927 1221; x_wconf 83' lang='lat' dir='ltr'><strong>lioo</strong></span> <span class='ocrx_word' id='word_1_59' title='bbox 947 1160 1087 1229; x_wconf 86' lang='lat' dir='ltr'><strong>interest,</strong></span> <span class='ocrx_word' id='word_1_60' title='bbox 1110 1158 1190 1238; x_wconf 82' lang='lat' dir='ltr'><strong>quod</strong></span> <span class='ocrx_word' id='word_1_61' title='bbox 1212 1158 1381 1240; x_wconf 87' lang='lat' dir='ltr'><strong>exemplum</strong></span> <span class='ocrx_word' id='word_1_62' title='bbox 1406 1160 1504 1225; x_wconf 84' lang='lat' dir='ltr'><strong>histo·</strong></span> 
     </span>
     <span class='ocr_line' id='line_1_9' title="bbox 201 1262 714 1344; baseline 0.006 -20"><span class='ocrx_word' id='word_1_63' title='bbox 201 1266 258 1335; x_wconf 89' lang='lat' dir='ltr'><strong>ria,</strong></span> <span class='ocrx_word' id='word_1_64' title='bbox 282 1262 444 1326; x_wconf 76' lang='lat' dir='ltr'><strong>similitudo</strong></span> <span class='ocrx_word' id='word_1_65' title='bbox 467 1283 500 1324; x_wconf 91' lang='lat' dir='ltr'><strong>re</strong></span> <span class='ocrx_word' id='word_1_66' title='bbox 522 1263 714 1344; x_wconf 78' lang='lat' dir='ltr'><strong>adprobatur.</strong></span> 
     </span>
    </p>

    <p class='ocr_par' dir='ltr' id='par_1_5' title="bbox 200 1362 1540 1544">
     <span class='ocr_line' id='line_1_10' title="bbox 283 1362 1504 1447; baseline 0 -20"><span class='ocrx_word' id='word_1_67' title='bbox 283 1367 365 1428; x_wconf 80' lang='lat' dir='ltr'>Inter</span> <span class='ocrx_word' id='word_1_68' title='bbox 387 1365 573 1426; x_wconf 88' lang='lat' dir='ltr'><strong>diuinitatem</strong></span> <span class='ocrx_word' id='word_1_69' title='bbox 596 1373 627 1425; x_wconf 86' lang='lat' dir='ltr'><strong>et</strong></span> <span class='ocrx_word' id='word_1_70' title='bbox 648 1363 862 1424; x_wconf 83' lang='lat' dir='ltr'><strong>diuinationem</strong></span> <span class='ocrx_word' id='word_1_71' title='bbox 886 1363 943 1424; x_wconf 86' lang='lat' dir='ltr'><strong>lroo</strong></span> <span class='ocrx_word' id='word_1_72' title='bbox 965 1364 1103 1434; x_wconf 84' lang='lat' dir='ltr'><strong>interest,</strong></span> <span class='ocrx_word' id='word_1_73' title='bbox 1126 1362 1204 1443; x_wconf 81' lang='lat' dir='ltr'><strong>quod</strong></span> <span class='ocrx_word' id='word_1_74' title='bbox 1220 1363 1363 1425; x_wconf 85' lang='lat' dir='ltr'><strong>diuinitas</strong></span> <span class='ocrx_word' id='word_1_75' title='bbox 1383 1365 1424 1427; x_wconf 84' lang='lat' dir='ltr'><strong>ad</strong></span> <span class='ocrx_word' id='word_1_76' title='bbox 1449 1386 1504 1447; x_wconf 85' lang='lat' dir='ltr'><strong>po-</strong></span> 
     </span>
     <span class='ocr_line' id='line_1_11' title="bbox 200 1464 1540 1544; baseline -0.005 -15"><span class='ocrx_word' id='word_1_77' title='bbox 200 1470 321 1530; x_wconf 84' lang='lat' dir='ltr'><strong>tentiam</strong></span> <span class='ocrx_word' id='word_1_78' title='bbox 344 1469 475 1529; x_wconf 79' lang='lat' dir='ltr'><strong>refertur</strong></span> <span class='ocrx_word' id='word_1_79' title='bbox 498 1475 528 1528; x_wconf 92' lang='lat' dir='ltr'><strong>et</strong></span> <span class='ocrx_word' id='word_1_80' title='bbox 550 1467 694 1527; x_wconf 88' lang='lat' dir='ltr'><strong>diuinatio</strong></span> <span class='ocrx_word' id='word_1_81' title='bbox 717 1465 886 1526; x_wconf 80' lang='lat' dir='ltr'><strong>futurorum</strong></span> <span class='ocrx_word' id='word_1_82' title='bbox 907 1465 1059 1544; x_wconf 82' lang='lat' dir='ltr'><strong>praescios</strong></span> <span class='ocrx_word' id='word_1_83' title='bbox 1080 1464 1159 1525; x_wconf 85' lang='lat' dir='ltr'><strong>lacit</strong></span> <span class='ocrx_word' id='word_1_84' title='bbox 1515 1484 1540 1523; x_wconf 82' lang='grc' dir='ltr'><strong>ιο</strong></span> 
     </span>
    </p>

    <p class='ocr_par' dir='ltr' id='par_1_6' title="bbox 200 1566 1501 1734">
     <span class='ocr_line' id='line_1_12' title="bbox 284 1566 1501 1646; baseline -0.001 -15"><span class='ocrx_word' id='word_1_85' title='bbox 284 1571 364 1631; x_wconf 81' lang='lat' dir='ltr'><strong>inter</strong></span> <span class='ocrx_word' id='word_1_86' title='bbox 387 1572 446 1630; x_wconf 90' lang='lat' dir='ltr'><strong>uinr</strong></span> <span class='ocrx_word' id='word_1_87' title='bbox 471 1577 500 1629; x_wconf 85' lang='lat' dir='ltr'><strong>et</strong></span> <span class='ocrx_word' id='word_1_88' title='bbox 523 1570 662 1629; x_wconf 79' lang='lat' dir='ltr'><strong>uirtutum</strong></span> <span class='ocrx_word' id='word_1_89' title='bbox 686 1568 743 1627; x_wconf 86' lang='lat' dir='ltr'><strong>lroo</strong></span> <span class='ocrx_word' id='word_1_90' title='bbox 764 1568 904 1636; x_wconf 86' lang='lat' dir='ltr'><strong>interest,</strong></span> <span class='ocrx_word' id='word_1_91' title='bbox 932 1566 1012 1646; x_wconf 85' lang='lat' dir='ltr'><strong>qnod</strong></span> <span class='ocrx_word' id='word_1_92' title='bbox 1041 1568 1136 1627; x_wconf 88' lang='lat' dir='ltr'><strong>uirtus</strong></span> <span class='ocrx_word' id='word_1_93' title='bbox 1157 1567 1283 1629; x_wconf 83' lang='lat' dir='ltr'><strong>honesta</strong></span> <span class='ocrx_word' id='word_1_94' title='bbox 1303 1585 1356 1628; x_wconf 85' lang='lat' dir='ltr'><strong>res</strong></span> <span class='ocrx_word' id='word_1_95' title='bbox 1377 1567 1501 1642; x_wconf 77' lang='lat' dir='ltr'><strong>dicitur,</strong></span> 
     </span>
     <span class='ocr_line' id='line_1_13' title="bbox 200 1672 385 1734; baseline 0.016 -3"><span class='ocrx_word' id='word_1_96' title='bbox 200 1674 246 1732; x_wconf 84' lang='lat' dir='ltr'><strong>uis</strong></span> <span class='ocrx_word' id='word_1_97' title='bbox 267 1672 385 1734; x_wconf 88' lang='lat' dir='ltr'><strong>iniuria.</strong></span> 
     </span>
    </p>

    <p class='ocr_par' dir='ltr' id='par_1_7' title="bbox 198 1768 1498 1955">
     <span class='ocr_line' id='line_1_14' title="bbox 283 1768 1498 1852; baseline 0.001 -20"><span class='ocrx_word' id='word_1_98' title='bbox 283 1772 363 1832; x_wconf 85' lang='lat' dir='ltr'><strong>luter</strong></span> <span class='ocrx_word' id='word_1_99' title='bbox 391 1789 495 1848; x_wconf 87' lang='lat' dir='ltr'><strong>rogum</strong></span> <span class='ocrx_word' id='word_1_100' title='bbox 519 1782 548 1832; x_wconf 81' lang='lat' dir='ltr'><strong>ot</strong></span> <span class='ocrx_word' id='word_1_101' title='bbox 577 1789 679 1850; x_wconf 76' lang='lat' dir='ltr'><strong>pyram</strong></span> <span class='ocrx_word' id='word_1_102' title='bbox 707 1771 763 1830; x_wconf 84' lang='lat' dir='ltr'><strong>lroo</strong></span> <span class='ocrx_word' id='word_1_103' title='bbox 792 1772 931 1838; x_wconf 79' lang='lat' dir='ltr'><strong>interest,</strong></span> <span class='ocrx_word' id='word_1_104' title='bbox 960 1768 1038 1850; x_wconf 84' lang='lat' dir='ltr'><strong>quod</strong></span> <span class='ocrx_word' id='word_1_105' title='bbox 1068 1787 1158 1848; x_wconf 88' lang='lat' dir='ltr'><strong>rogus</strong></span> <span class='ocrx_word' id='word_1_106' title='bbox 1185 1770 1334 1832; x_wconf 82' lang='lat' dir='ltr'><strong>delunotis</strong></span> <span class='ocrx_word' id='word_1_107' title='bbox 1362 1781 1498 1852; x_wconf 86' lang='lat' dir='ltr'><strong>paratur,</strong></span> 
     </span>
     <span class='ocr_line' id='line_1_15' title="bbox 198 1875 1273 1955; baseline 0 -24"><span class='ocrx_word' id='word_1_108' title='bbox 198 1894 270 1955; x_wconf 77' lang='lat' dir='ltr'><strong>pyra</strong></span> <span class='ocrx_word' id='word_1_109' title='bbox 293 1875 455 1933; x_wconf 83' lang='lat' dir='ltr'><strong>sacrificiis.</strong></span> <span class='ocrx_word' id='word_1_110' title='bbox 1261 1930 1273 1953; x_wconf 59' lang='grc'>,</span> 
     </span>
    </p>

    <p class='ocr_par' dir='ltr' id='par_1_8' title="bbox 199 1972 1536 2240">
     <span class='ocr_line' id='line_1_16' title="bbox 284 1972 1536 2051; baseline 0.003 -17"><span class='ocrx_word' id='word_1_111' title='bbox 284 1976 363 2034; x_wconf 80' lang='lat' dir='ltr'><strong>lnior</strong></span> <span class='ocrx_word' id='word_1_112' title='bbox 391 1993 471 2034; x_wconf 88' lang='lat' dir='ltr'><strong>arma</strong></span> <span class='ocrx_word' id='word_1_113' title='bbox 501 1983 530 2034; x_wconf 84' lang='lat' dir='ltr'><strong>et</strong></span> <span class='ocrx_word' id='word_1_114' title='bbox 557 1983 741 2034; x_wconf 83' lang='lat' dir='ltr'><strong>aruiamenta</strong></span> <span class='ocrx_word' id='word_1_115' title='bbox 772 1980 802 2033; x_wconf 89' lang='lat' dir='ltr'><strong>ot</strong></span> <span class='ocrx_word' id='word_1_116' title='bbox 835 1972 890 2034; x_wconf 89' lang='lat' dir='ltr'><strong>tela</strong></span> <span class='ocrx_word' id='word_1_117' title='bbox 924 1973 981 2033; x_wconf 86' lang='lat' dir='ltr'><strong>lroo</strong></span> <span class='ocrx_word' id='word_1_118' title='bbox 1014 1976 1153 2043; x_wconf 87' lang='lat' dir='ltr'><strong>interest,</strong></span> <span class='ocrx_word' id='word_1_119' title='bbox 1191 1972 1270 2051; x_wconf 85' lang='lat' dir='ltr'><strong>quod</strong></span> <span class='ocrx_word' id='word_1_120' title='bbox 1302 1993 1385 2036; x_wconf 86' lang='lat' dir='ltr'><strong>arma</strong></span> <span class='ocrx_word' id='word_1_121' title='bbox 1416 1987 1536 2047; x_wconf 69' lang='lat' dir='ltr'><strong>suutti</strong></span> 
     </span>
     <span class='ocr_line' id='line_1_17' title="bbox 199 2074 1496 2155; baseline 0.002 -17"><span class='ocrx_word' id='word_1_122' title='bbox 199 2077 309 2155; x_wconf 79' lang='lat' dir='ltr'><strong>quilius</strong></span> <span class='ocrx_word' id='word_1_123' title='bbox 336 2093 461 2155; x_wconf 88' lang='lat' dir='ltr'><strong>corpora</strong></span> <span class='ocrx_word' id='word_1_124' title='bbox 490 2077 521 2134; x_wconf 87' lang='lat' dir='ltr'><strong>in</strong></span> <span class='ocrx_word' id='word_1_125' title='bbox 547 2074 626 2135; x_wconf 89' lang='lat' dir='ltr'><strong>bello</strong></span> <span class='ocrx_word' id='word_1_126' title='bbox 655 2082 810 2153; x_wconf 90' lang='lat' dir='ltr'><strong>teguntur,</strong></span> <span class='ocrx_word' id='word_1_127' title='bbox 838 2083 1020 2135; x_wconf 87' lang='lat' dir='ltr'><strong>armamenta</strong></span> <span class='ocrx_word' id='word_1_128' title='bbox 1048 2076 1186 2145; x_wconf 90' lang='lat' dir='ltr'><strong>nauium,</strong></span> <span class='ocrx_word' id='word_1_129' title='bbox 1214 2075 1271 2136; x_wconf 88' lang='lat' dir='ltr'><strong>tela</strong></span> <span class='ocrx_word' id='word_1_130' title='bbox 1298 2076 1424 2139; x_wconf 83' lang='lat' dir='ltr'><strong>missilia</strong></span> <span class='ocrx_word' id='word_1_131' title='bbox 1445 2079 1496 2139; x_wconf 88' lang='lat' dir='ltr'><strong>uel</strong></span> 
     </span>
     <span class='ocr_line' id='line_1_18' title="bbox 199 2178 304 2240; baseline 0 0"><span class='ocrx_word' id='word_1_132' title='bbox 199 2178 304 2240; x_wconf 85' lang='lat' dir='ltr'><strong>iacula.</strong></span> 
     </span>
    </p>

    <p class='ocr_par' dir='ltr' id='par_1_9' title="bbox 197 2277 1533 2560">
     <span class='ocr_line' id='line_1_19' title="bbox 282 2277 1496 2358; baseline 0.001 -16"><span class='ocrx_word' id='word_1_133' title='bbox 282 2283 363 2343; x_wconf 88' lang='lat' dir='ltr'><strong>lnter</strong></span> <span class='ocrx_word' id='word_1_134' title='bbox 391 2281 487 2341; x_wconf 92' lang='lat' dir='ltr'><strong>uirum</strong></span> <span class='ocrx_word' id='word_1_135' title='bbox 511 2288 540 2340; x_wconf 90' lang='lat' dir='ltr'><strong>et</strong></span> <span class='ocrx_word' id='word_1_136' title='bbox 567 2280 729 2340; x_wconf 83' lang='lat' dir='ltr'><strong>masculum</strong></span> <span class='ocrx_word' id='word_1_137' title='bbox 758 2277 814 2339; x_wconf 86' lang='lat' dir='ltr'><strong>hoo</strong></span> <span class='ocrx_word' id='word_1_138' title='bbox 842 2279 981 2347; x_wconf 86' lang='lat' dir='ltr'><strong>interest,</strong></span> <span class='ocrx_word' id='word_1_139' title='bbox 1013 2278 1093 2357; x_wconf 91' lang='lat' dir='ltr'><strong>quod</strong></span> <span class='ocrx_word' id='word_1_140' title='bbox 1121 2280 1169 2338; x_wconf 92' lang='lat' dir='ltr'><strong>uir</strong></span> <span class='ocrx_word' id='word_1_141' title='bbox 1196 2280 1312 2358; x_wconf 85' lang='lat' dir='ltr'><strong>speeie,</strong></span> <span class='ocrx_word' id='word_1_142' title='bbox 1341 2281 1496 2345; x_wconf 84' lang='lat' dir='ltr'><strong>masculus</strong></span> 
     </span>
     <span class='ocr_line' id='line_1_20' title="bbox 197 2379 1496 2464; baseline 0.002 -19"><span class='ocrx_word' id='word_1_143' title='bbox 197 2402 321 2462; x_wconf 85' lang='lat' dir='ltr'><strong>genere,</strong></span> <span class='ocrx_word' id='word_1_144' title='bbox 351 2390 380 2442; x_wconf 81' lang='lat' dir='ltr'><strong>ut</strong></span> <span class='ocrx_word' id='word_1_145' title='bbox 408 2383 454 2443; x_wconf 89' lang='lat' dir='ltr'><strong>uir</strong></span> <span class='ocrx_word' id='word_1_146' title='bbox 481 2389 619 2458; x_wconf 88' lang='lat' dir='ltr'><strong>quattuor</strong></span> <span class='ocrx_word' id='word_1_147' title='bbox 646 2380 742 2440; x_wconf 88' lang='lat' dir='ltr'><strong>modis</strong></span> <span class='ocrx_word' id='word_1_148' title='bbox 770 2379 967 2457; x_wconf 85' lang='lat' dir='ltr'><strong>intellegitur,</strong></span> <span class='ocrx_word' id='word_1_149' title='bbox 1000 2380 1077 2439; x_wconf 85' lang='lat' dir='ltr'><strong>idest</strong></span> <span class='ocrx_word' id='word_1_150' title='bbox 1108 2382 1208 2461; x_wconf 86' lang='lat' dir='ltr'><strong>specie</strong></span> <span class='ocrx_word' id='word_1_151' title='bbox 1241 2389 1346 2442; x_wconf 84' lang='lat' dir='ltr'><strong>natura</strong></span> <span class='ocrx_word' id='word_1_152' title='bbox 1380 2387 1496 2464; x_wconf 84' lang='lat' dir='ltr'><strong>nuptiis</strong></span> 
     </span>
     <span class='ocr_line' id='line_1_21' title="bbox 198 2481 1533 2560; baseline -0.004 -15"><span class='ocrx_word' id='word_1_153' title='bbox 198 2487 322 2554; x_wconf 87' lang='lat' dir='ltr'><strong>uirtnte,</strong></span> <span class='ocrx_word' id='word_1_154' title='bbox 347 2481 493 2543; x_wconf 85' lang='lat' dir='ltr'><strong>masculus</strong></span> <span class='ocrx_word' id='word_1_155' title='bbox 516 2483 602 2543; x_wconf 91' lang='lat' dir='ltr'><strong>etiam</strong></span> <span class='ocrx_word' id='word_1_156' title='bbox 626 2482 663 2543; x_wconf 89' lang='lat' dir='ltr'><strong>ab</strong></span> <span class='ocrx_word' id='word_1_157' title='bbox 686 2482 805 2543; x_wconf 87' lang='lat' dir='ltr'><strong>homine</strong></span> <span class='ocrx_word' id='word_1_158' title='bbox 827 2491 1014 2560; x_wconf 80' lang='lat' dir='ltr'><strong>segregatur,</strong></span> <span class='ocrx_word' id='word_1_159' title='bbox 1039 2483 1123 2542; x_wconf 85' lang='lat' dir='ltr'><strong>utin</strong></span> <span class='ocrx_word' id='word_1_160' title='bbox 1145 2481 1322 2543; x_wconf 85' lang='lat' dir='ltr'><strong>animalibus</strong></span> <span class='ocrx_word' id='word_1_161' title='bbox 1344 2483 1468 2547; x_wconf 83' lang='lat' dir='ltr'><strong>dieitur.</strong></span> <span class='ocrx_word' id='word_1_162' title='bbox 1507 2500 1533 2540; x_wconf 79' lang='lat' dir='ltr'><strong>ao</strong></span> 
     </span>
    </p>

    <p class='ocr_par' dir='ltr' id='par_1_10' title="bbox 197 2582 1494 2768">
     <span class='ocr_line' id='line_1_22' title="bbox 280 2582 1494 2666; baseline 0.002 -19"><span class='ocrx_word' id='word_1_163' title='bbox 280 2586 360 2647; x_wconf 90' lang='lat' dir='ltr'><strong>luter</strong></span> <span class='ocrx_word' id='word_1_164' title='bbox 382 2589 513 2666; x_wconf 87' lang='lat' dir='ltr'><strong>primum</strong></span> <span class='ocrx_word' id='word_1_165' title='bbox 535 2594 564 2644; x_wconf 88' lang='lat' dir='ltr'><strong>et</strong></span> <span class='ocrx_word' id='word_1_166' title='bbox 586 2585 717 2664; x_wconf 90' lang='lat' dir='ltr'><strong>priorem</strong></span> <span class='ocrx_word' id='word_1_167' title='bbox 740 2584 796 2643; x_wconf 88' lang='lat' dir='ltr'><strong>hoo</strong></span> <span class='ocrx_word' id='word_1_168' title='bbox 818 2585 956 2652; x_wconf 89' lang='lat' dir='ltr'><strong>interest,</strong></span> <span class='ocrx_word' id='word_1_169' title='bbox 979 2582 1057 2661; x_wconf 81' lang='lat' dir='ltr'><strong>qtrod</strong></span> <span class='ocrx_word' id='word_1_170' title='bbox 1074 2585 1190 2663; x_wconf 86' lang='lat' dir='ltr'><strong>primus</strong></span> <span class='ocrx_word' id='word_1_171' title='bbox 1204 2584 1357 2664; x_wconf 86' lang='lat' dir='ltr'><strong>praeeedit</strong></span> <span class='ocrx_word' id='word_1_172' title='bbox 1371 2587 1494 2657; x_wconf 85' lang='lat' dir='ltr'><strong>multos,</strong></span> 
     </span>
     <span class='ocr_line' id='line_1_23' title="bbox 197 2687 434 2768; baseline 0.013 -19"><span class='ocrx_word' id='word_1_173' title='bbox 197 2690 278 2768; x_wconf 91' lang='lat' dir='ltr'><strong>prior</strong></span> <span class='ocrx_word' id='word_1_174' title='bbox 300 2687 434 2752; x_wconf 84' lang='lat' dir='ltr'><strong>altorum.</strong></span> 
     </span>
    </p>
   </div>
   <div class='ocr_carea' id='block_1_3' title="bbox 195 2785 1530 3477">
    <p class='ocr_par' dir='ltr' id='par_1_11' title="bbox 196 2785 1530 3070">
     <span class='ocr_line' id='line_1_24' title="bbox 281 2785 1493 2868; baseline 0.003 -19"><span class='ocrx_word' id='word_1_175' title='bbox 281 2789 362 2850; x_wconf 89' lang='lat' dir='ltr'><strong>lutor</strong></span> <span class='ocrx_word' id='word_1_176' title='bbox 389 2790 547 2868; x_wconf 84' lang='lat' dir='ltr'><strong>prologum</strong></span> <span class='ocrx_word' id='word_1_177' title='bbox 569 2797 597 2847; x_wconf 89' lang='lat' dir='ltr'><strong>ot</strong></span> <span class='ocrx_word' id='word_1_178' title='bbox 620 2786 736 2849; x_wconf 85' lang='lat' dir='ltr'><strong>exulem</strong></span> <span class='ocrx_word' id='word_1_179' title='bbox 760 2796 789 2848; x_wconf 89' lang='lat' dir='ltr'><strong>et</strong></span> <span class='ocrx_word' id='word_1_180' title='bbox 811 2785 974 2865; x_wconf 84' lang='lat' dir='ltr'><strong>relegatum</strong></span> <span class='ocrx_word' id='word_1_181' title='bbox 1003 2795 1032 2847; x_wconf 86' lang='lat' dir='ltr'><strong>et</strong></span> <span class='ocrx_word' id='word_1_182' title='bbox 1060 2787 1242 2866; x_wconf 77' lang='lat' dir='ltr'><strong>transfugam</strong></span> <span class='ocrx_word' id='word_1_183' title='bbox 1270 2787 1328 2851; x_wconf 84' lang='lat' dir='ltr'><strong>hou</strong></span> <span class='ocrx_word' id='word_1_184' title='bbox 1353 2790 1493 2862; x_wconf 84' lang='lat' dir='ltr'><strong>interest,</strong></span> 
     </span>
     <span class='ocr_line' id='line_1_25' title="bbox 196 2887 1492 2970; baseline 0.004 -20"><span class='ocrx_word' id='word_1_185' title='bbox 196 2889 273 2970; x_wconf 76' lang='lat' dir='ltr'><strong>‹puod</strong></span> <span class='ocrx_word' id='word_1_186' title='bbox 298 2891 441 2968; x_wconf 79' lang='lat' dir='ltr'><strong>profugus</strong></span> <span class='ocrx_word' id='word_1_187' title='bbox 462 2892 548 2967; x_wconf 85' lang='lat' dir='ltr'><strong>quasi</strong></span> <span class='ocrx_word' id='word_1_188' title='bbox 572 2889 740 2950; x_wconf 85' lang='lat' dir='ltr'><strong>uoluntario</strong></span> <span class='ocrx_word' id='word_1_189' title='bbox 763 2889 917 2967; x_wconf 87' lang='lat' dir='ltr'><strong>relinquit.</strong></span> <span class='ocrx_word' id='word_1_190' title='bbox 948 2888 1015 2948; x_wconf 86' lang='lat' dir='ltr'><strong>exul</strong></span> <span class='ocrx_word' id='word_1_191' title='bbox 1044 2887 1198 2950; x_wconf 88' lang='lat' dir='ltr'><strong>damnatus</strong></span> <span class='ocrx_word' id='word_1_192' title='bbox 1220 2888 1388 2970; x_wconf 82' lang='lat' dir='ltr'><strong>expellitur,</strong></span> <span class='ocrx_word' id='word_1_193' title='bbox 1413 2890 1492 2955; x_wconf 89' lang='lat' dir='ltr'><strong>rele-</strong></span> 
     </span>
     <span class='ocr_line' id='line_1_26' title="bbox 196 2988 1530 3070; baseline -0.005 -19"><span class='ocrx_word' id='word_1_194' title='bbox 196 2998 281 3070; x_wconf 86' lang='lat' dir='ltr'><strong>gatus</strong></span> <span class='ocrx_word' id='word_1_195' title='bbox 304 2989 339 3051; x_wconf 91' lang='lat' dir='ltr'><strong>ad</strong></span> <span class='ocrx_word' id='word_1_196' title='bbox 365 3000 497 3068; x_wconf 89' lang='lat' dir='ltr'><strong>ternpus,</strong></span> <span class='ocrx_word' id='word_1_197' title='bbox 521 2988 688 3066; x_wconf 76' lang='lat' dir='ltr'><strong>transiu&#39;ga,</strong></span> <span class='ocrx_word' id='word_1_198' title='bbox 712 2991 762 3068; x_wconf 85' lang='lat' dir='ltr'><strong>qni</strong></span> <span class='ocrx_word' id='word_1_199' title='bbox 785 2989 821 3050; x_wconf 91' lang='lat' dir='ltr'><strong>ad</strong></span> <span class='ocrx_word' id='word_1_200' title='bbox 845 2989 944 3050; x_wconf 85' lang='lat' dir='ltr'><strong>hostes</strong></span> <span class='ocrx_word' id='word_1_201' title='bbox 966 2992 1080 3050; x_wconf 82' lang='lat' dir='ltr'><strong>transit.</strong></span> <span class='ocrx_word' id='word_1_202' title='bbox 1504 3003 1530 3044; x_wconf 77' lang='lat' dir='ltr'><strong>ss</strong></span> 
     </span>
    </p>

    <p class='ocr_par' dir='ltr' id='par_1_12' title="bbox 195 3090 1491 3373">
     <span class='ocr_line' id='line_1_27' title="bbox 281 3090 1491 3174; baseline 0.005 -22"><span class='ocrx_word' id='word_1_203' title='bbox 281 3092 361 3152; x_wconf 88' lang='lat' dir='ltr'><strong>lnter</strong></span> <span class='ocrx_word' id='word_1_204' title='bbox 384 3090 473 3150; x_wconf 89' lang='lat' dir='ltr'><strong>altum</strong></span> <span class='ocrx_word' id='word_1_205' title='bbox 498 3098 527 3150; x_wconf 93' lang='lat' dir='ltr'><strong>et</strong></span> <span class='ocrx_word' id='word_1_206' title='bbox 549 3090 698 3152; x_wconf 84' lang='lat' dir='ltr'><strong>excelsum</strong></span> <span class='ocrx_word' id='word_1_207' title='bbox 721 3090 777 3150; x_wconf 84' lang='lat' dir='ltr'><strong>lroc</strong></span> <span class='ocrx_word' id='word_1_208' title='bbox 800 3093 937 3161; x_wconf 86' lang='lat' dir='ltr'><strong>interest,</strong></span> <span class='ocrx_word' id='word_1_209' title='bbox 961 3091 1040 3171; x_wconf 88' lang='lat' dir='ltr'><strong>quod</strong></span> <span class='ocrx_word' id='word_1_210' title='bbox 1056 3091 1147 3153; x_wconf 86' lang='lat' dir='ltr'><strong>altnm</strong></span> <span class='ocrx_word' id='word_1_211' title='bbox 1163 3100 1223 3153; x_wconf 83' lang='lat' dir='ltr'><strong>tam</strong></span> <span class='ocrx_word' id='word_1_212' title='bbox 1247 3094 1277 3152; x_wconf 93' lang='lat' dir='ltr'><strong>in</strong></span> <span class='ocrx_word' id='word_1_213' title='bbox 1300 3094 1491 3174; x_wconf 88' lang='lat' dir='ltr'><strong>superiorem</strong></span> 
     </span>
     <span class='ocr_line' id='line_1_28' title="bbox 195 3189 1490 3272; baseline 0.005 -19"><span class='ocrx_word' id='word_1_214' title='bbox 195 3199 309 3272; x_wconf 82' lang='lat' dir='ltr'><strong>partem</strong></span> <span class='ocrx_word' id='word_1_215' title='bbox 339 3192 448 3252; x_wconf 86' lang='lat' dir='ltr'><strong>elatum</strong></span> <span class='ocrx_word' id='word_1_216' title='bbox 476 3189 668 3270; x_wconf 84' lang='lat' dir='ltr'><strong>intellegitur,</strong></span> <span class='ocrx_word' id='word_1_217' title='bbox 697 3210 783 3270; x_wconf 81' lang='lat' dir='ltr'><strong>quam</strong></span> <span class='ocrx_word' id='word_1_218' title='bbox 812 3191 890 3271; x_wconf 86' lang='lat' dir='ltr'><strong>quod</strong></span> <span class='ocrx_word' id='word_1_219' title='bbox 914 3192 949 3252; x_wconf 93' lang='lat' dir='ltr'><strong>ad</strong></span> <span class='ocrx_word' id='word_1_220' title='bbox 971 3194 1115 3255; x_wconf 76' lang='lat' dir='ltr'><strong>inferiora</strong></span> <span class='ocrx_word' id='word_1_221' title='bbox 1139 3194 1307 3272; x_wconf 87' lang='lat' dir='ltr'><strong>deponitur,</strong></span> <span class='ocrx_word' id='word_1_222' title='bbox 1336 3196 1490 3260; x_wconf 85' lang='lat' dir='ltr'><strong>excelsum</strong></span> 
     </span>
     <span class='ocr_line' id='line_1_29' title="bbox 196 3295 531 3373; baseline -0.003 -19"><span class='ocrx_word' id='word_1_223' title='bbox 196 3296 226 3354; x_wconf 92' lang='lat' dir='ltr'><strong>in</strong></span> <span class='ocrx_word' id='word_1_224' title='bbox 249 3295 386 3373; x_wconf 89' lang='lat' dir='ltr'><strong>superius</strong></span> <span class='ocrx_word' id='word_1_225' title='bbox 409 3302 531 3353; x_wconf 91' lang='lat' dir='ltr'><strong>tantum.</strong></span> 
     </span>
    </p>

    <p class='ocr_par' dir='ltr' id='par_1_13' title="bbox 280 3394 1489 3477">
     <span class='ocr_line' id='line_1_30' title="bbox 280 3394 1489 3477; baseline 0.006 -22"><span class='ocrx_word' id='word_1_226' title='bbox 280 3395 360 3456; x_wconf 91' lang='lat' dir='ltr'><strong>lnter</strong></span> <span class='ocrx_word' id='word_1_227' title='bbox 384 3397 443 3455; x_wconf 92' lang='lat' dir='ltr'><strong>uim</strong></span> <span class='ocrx_word' id='word_1_228' title='bbox 467 3402 496 3455; x_wconf 87' lang='lat' dir='ltr'><strong>et</strong></span> <span class='ocrx_word' id='word_1_229' title='bbox 519 3395 598 3455; x_wconf 81' lang='lat' dir='ltr'><strong>trinos</strong></span> <span class='ocrx_word' id='word_1_230' title='bbox 626 3394 683 3455; x_wconf 88' lang='lat' dir='ltr'><strong>lroo</strong></span> <span class='ocrx_word' id='word_1_231' title='bbox 710 3396 848 3464; x_wconf 85' lang='lat' dir='ltr'><strong>interest,</strong></span> <span class='ocrx_word' id='word_1_232' title='bbox 877 3396 954 3475; x_wconf 84' lang='lat' dir='ltr'><strong>quod</strong></span> <span class='ocrx_word' id='word_1_233' title='bbox 978 3398 1021 3456; x_wconf 88' lang='lat' dir='ltr'><strong>uis</strong></span> <span class='ocrx_word' id='word_1_234' title='bbox 1044 3399 1156 3477; x_wconf 87' lang='lat' dir='ltr'><strong>impetu</strong></span> <span class='ocrx_word' id='word_1_235' title='bbox 1179 3405 1209 3457; x_wconf 85' lang='lat' dir='ltr'><strong>et</strong></span> <span class='ocrx_word' id='word_1_236' title='bbox 1228 3396 1336 3458; x_wconf 87' lang='lat' dir='ltr'><strong>iniuria</strong></span> <span class='ocrx_word' id='word_1_237' title='bbox 1359 3408 1489 3472; x_wconf 80' lang='lat' dir='ltr'><strong>constat,</strong></span> 
     </span>
    </p>
   </div>
   <div class='ocr_carea' id='block_1_4' title="bbox 196 3567 422 3575">
    <p class='ocr_par' dir='ltr' id='par_1_14' title="bbox 196 3567 422 3575">
     <span class='ocr_line' id='line_1_31' title="bbox 196 3567 422 3575; baseline -0.009 0"><span class='ocrx_word' id='word_1_238' title='bbox 196 3567 422 3575; x_wconf 79' lang='lat'>—-—-———</span> 
     </span>
    </p>
   </div>
   <div class='ocr_carea' id='block_1_5' title="bbox 191 3682 1490 4764">
    <p class='ocr_par' dir='ltr' id='par_1_15' title="bbox 264 3682 1487 3747">
     <span class='ocr_line' id='line_1_32' title="bbox 264 3682 1487 3747; baseline 0.007 -17"><span class='ocrx_word' id='word_1_239' title='bbox 264 3687 275 3731; x_wconf 91' lang='lat' dir='ltr'><strong>l</strong></span> <span class='ocrx_word' id='word_1_240' title='bbox 296 3682 368 3731; x_wconf 78' lang='lat' dir='ltr'><strong>rlnlee</strong></span> <span class='ocrx_word' id='word_1_241' title='bbox 386 3682 453 3731; x_wconf 80' lang='lat' dir='ltr'><strong>idern</strong></span> <span class='ocrx_word' id='word_1_242' title='bbox 474 3694 625 3746; x_wconf 82' lang='lat' dir='ltr'><strong>potestesse</strong></span> <span class='ocrx_word' id='word_1_243' title='bbox 637 3711 669 3718; x_wconf 93' lang='lat'>—</span> <span class='ocrx_word' id='word_1_244' title='bbox 682 3685 750 3745; x_wconf 84' lang='lat' dir='ltr'><strong>qnod</strong></span> <span class='ocrx_word' id='word_1_245' title='bbox 769 3683 842 3731; x_wconf 78' lang='lat' dir='ltr'><strong>dulce</strong></span> <span class='ocrx_word' id='word_1_246' title='bbox 861 3698 911 3732; x_wconf 90' lang='lat' dir='ltr'><strong>non</strong></span> <span class='ocrx_word' id='word_1_247' title='bbox 924 3693 963 3732; x_wconf 81' lang='lat' dir='ltr'><strong>ost</strong></span> <span class='ocrx_word' id='word_1_248' title='bbox 973 3683 1145 3743; x_wconf 80' lang='lat' dir='ltr'><strong>Gotdosredus</strong></span> <span class='ocrx_word' id='word_1_249' title='bbox 1155 3700 1182 3747; x_wconf 88' lang='lat' dir='ltr'><strong>p.</strong></span> <span class='ocrx_word' id='word_1_250' title='bbox 1195 3686 1242 3733; x_wconf 91' lang='grc'><strong>101</strong></span> <span class='ocrx_word' id='word_1_251' title='bbox 1310 3687 1327 3734; x_wconf 85' lang='lat'>4</span> <span class='ocrx_word' id='word_1_252' title='bbox 1339 3696 1365 3734; x_wconf 85' lang='lat' dir='ltr'><strong>et</strong></span> <span class='ocrx_word' id='word_1_253' title='bbox 1375 3688 1487 3737; x_wconf 77' lang='lat' dir='ltr'><strong>euellnrn</strong></span> 
     </span>
    </p>

    <p class='ocr_par' dir='ltr' id='par_1_16' title="bbox 191 3751 1490 4764">
     <span class='ocr_line' id='line_1_33' title="bbox 228 3751 1490 3812; baseline 0.006 -15"><span class='ocrx_word' id='word_1_254' title='bbox 228 3751 252 3798; x_wconf 94' lang='lat' dir='ltr'><strong>in</strong></span> <span class='ocrx_word' id='word_1_255' title='bbox 273 3761 391 3808; x_wconf 78' lang='lat' dir='ltr'><strong>extruas,</strong></span> <span class='ocrx_word' id='word_1_256' title='bbox 409 3762 610 3800; x_wconf 68' lang='lat' dir='ltr'><strong>cumutamus</strong></span> <span class='ocrx_word' id='word_1_257' title='bbox 678 3751 821 3801; x_wconf 72' lang='lat' dir='ltr'><strong>burrellum</strong></span> <span class='ocrx_word' id='word_1_258' title='bbox 841 3751 906 3800; x_wconf 81' lang='lat' dir='ltr'><strong>intur</strong></span> <span class='ocrx_word' id='word_1_259' title='bbox 923 3753 992 3800; x_wconf 80' lang='lat' dir='ltr'><strong>ciues</strong></span> <span class='ocrx_word' id='word_1_260' title='bbox 1010 3751 1104 3800; x_wconf 85' lang='lat' dir='ltr'><strong>dictum</strong></span> <span class='ocrx_word' id='word_1_261' title='bbox 1124 3764 1154 3800; x_wconf 84' lang='lat' dir='ltr'><strong>eo</strong></span> <span class='ocrx_word' id='word_1_262' title='bbox 1173 3751 1242 3812; x_wconf 85' lang='lat' dir='ltr'><strong>quod</strong></span> <span class='ocrx_word' id='word_1_263' title='bbox 1260 3752 1385 3803; x_wconf 81' lang='lat' dir='ltr'><strong>urtellutus</strong></span> <span class='ocrx_word' id='word_1_264' title='bbox 1421 3755 1490 3807; x_wconf 81' lang='lat' dir='ltr'><strong>luter</strong></span> 
     </span>
     <span class='ocr_line' id='line_1_34' title="bbox 193 3817 1488 3885; baseline 0.007 -21"><span class='ocrx_word' id='word_1_265' title='bbox 193 3818 285 3867; x_wconf 85' lang='lat' dir='ltr'><strong>bellum</strong></span> <span class='ocrx_word' id='word_1_266' title='bbox 304 3817 455 3866; x_wconf 80' lang='lat' dir='ltr'><strong>atunellum</strong></span> <span class='ocrx_word' id='word_1_267' title='bbox 475 3817 522 3866; x_wconf 85' lang='lat' dir='ltr'><strong>lroc</strong></span> <span class='ocrx_word' id='word_1_268' title='bbox 540 3819 653 3873; x_wconf 81' lang='lat' dir='ltr'><strong>interest,</strong></span> <span class='ocrx_word' id='word_1_269' title='bbox 672 3819 741 3879; x_wconf 83' lang='lat' dir='ltr'><strong>quod</strong></span> <span class='ocrx_word' id='word_1_270' title='bbox 760 3819 851 3868; x_wconf 81' lang='lat' dir='ltr'><strong>bullum</strong></span> <span class='ocrx_word' id='word_1_271' title='bbox 870 3820 935 3868; x_wconf 84' lang='lat' dir='ltr'><strong>inter</strong></span> <span class='ocrx_word' id='word_1_272' title='bbox 952 3830 1052 3868; x_wconf 81' lang='lat' dir='ltr'><strong>exteras</strong></span> <span class='ocrx_word' id='word_1_273' title='bbox 1070 3830 1169 3884; x_wconf 63' lang='lat' dir='ltr'><strong>geritote,</strong></span> <span class='ocrx_word' id='word_1_274' title='bbox 1189 3818 1305 3869; x_wconf 61' lang='lat' dir='ltr'><strong>:duellum</strong></span> <span class='ocrx_word' id='word_1_275' title='bbox 1324 3821 1390 3869; x_wconf 87' lang='lat' dir='ltr'><strong>iuter</strong></span> <span class='ocrx_word' id='word_1_276' title='bbox 1406 3824 1488 3885; x_wconf 79' lang='lat' dir='ltr'><strong>ciues,</strong></span> 
     </span>
     <span class='ocr_line' id='line_1_35' title="bbox 193 3885 1488 3951; baseline 0.005 -16"><span class='ocrx_word' id='word_1_277' title='bbox 193 3887 288 3935; x_wconf 76' lang='lat' dir='ltr'><strong>‹lietrrm</strong></span> <span class='ocrx_word' id='word_1_278' title='bbox 306 3886 375 3947; x_wconf 84' lang='lat' dir='ltr'><strong>qnod</strong></span> <span class='ocrx_word' id='word_1_279' title='bbox 398 3885 541 3934; x_wconf 81' lang='lat' dir='ltr'><strong>auellnnmr</strong></span> <span class='ocrx_word' id='word_1_280' title='bbox 562 3886 650 3950; x_wconf 88' lang='lat' dir='ltr'><strong>populi</strong></span> <span class='ocrx_word' id='word_1_281' title='bbox 675 3887 699 3934; x_wconf 90' lang='lat' dir='ltr'><strong>in</strong></span> <span class='ocrx_word' id='word_1_282' title='bbox 718 3886 783 3935; x_wconf 88' lang='lat' dir='ltr'><strong>dnns</strong></span> <span class='ocrx_word' id='word_1_283' title='bbox 802 3902 877 3951; x_wconf 79' lang='lat' dir='ltr'><strong>pares</strong></span> <span class='ocrx_word' id='word_1_284' title='bbox 897 3887 1069 3948; x_wconf 75' lang='lat' dir='ltr'><strong>Gothosredue</strong></span> <span class='ocrx_word' id='word_1_285' title='bbox 1083 3904 1111 3951; x_wconf 88' lang='lat' dir='ltr'><strong>p.</strong></span> <span class='ocrx_word' id='word_1_286' title='bbox 1132 3889 1188 3939; x_wconf 91' lang='grc'><em>101.</em></span> <span class='ocrx_word' id='word_1_287' title='bbox 1208 3890 1259 3937; x_wconf 86' lang='grc'><em>102</em></span> <span class='ocrx_word' id='word_1_288' title='bbox 1363 3890 1488 3941; x_wconf 74' lang='lat' dir='ltr'><strong>listerln</strong></span> 
     </span>
     <span class='ocr_line' id='line_1_36' title="bbox 193 3953 1489 4020; baseline 0.005 -18"><span class='ocrx_word' id='word_1_289' title='bbox 193 3954 338 4019; x_wconf 83' lang='lat' dir='ltr'><strong>exemplum</strong></span> <span class='ocrx_word' id='word_1_290' title='bbox 362 3953 469 4002; x_wconf 84' lang='lat' dir='ltr'><strong>historin</strong></span> <span class='ocrx_word' id='word_1_291' title='bbox 491 3965 543 4011; x_wconf 87' lang='lat' dir='ltr'><strong>est,</strong></span> <span class='ocrx_word' id='word_1_292' title='bbox 567 3953 706 4003; x_wconf 83' lang='lat' dir='ltr'><strong>similitudo</strong></span> <span class='ocrx_word' id='word_1_293' title='bbox 724 3955 879 4018; x_wconf 80' lang='lat' dir='ltr'><strong>adprobatur</strong></span> <span class='ocrx_word' id='word_1_294' title='bbox 898 3955 1071 4016; x_wconf 76' lang='lat' dir='ltr'><strong>Gothosredua</strong></span> <span class='ocrx_word' id='word_1_295' title='bbox 1087 3972 1113 4019; x_wconf 89' lang='lat' dir='ltr'><strong>p.</strong></span> <span class='ocrx_word' id='word_1_296' title='bbox 1133 3956 1183 4003; x_wconf 89' lang='grc'><em>102</em></span> <span class='ocrx_word' id='word_1_297' title='bbox 1287 3957 1319 4007; x_wconf 86' lang='grc'><strong>10</strong></span> <span class='ocrx_word' id='word_1_298' title='bbox 1337 3960 1489 4020; x_wconf 81' lang='lat' dir='ltr'><strong>praeseiuor</strong></span> 
     </span>
     <span class='ocr_line' id='line_1_37' title="bbox 193 4021 1487 4090; baseline 0.006 -20"><span class='ocrx_word' id='word_1_299' title='bbox 193 4022 253 4072; x_wconf 87' lang='lat' dir='ltr'><strong>incit</strong></span> <span class='ocrx_word' id='word_1_300' title='bbox 304 4021 425 4070; x_wconf 84' lang='lat' dir='ltr'><strong>diuinitas</strong></span> <span class='ocrx_word' id='word_1_301' title='bbox 444 4021 477 4070; x_wconf 90' lang='lat' dir='ltr'><strong>ad</strong></span> <span class='ocrx_word' id='word_1_302' title='bbox 495 4023 633 4085; x_wconf 83' lang='lat' dir='ltr'><strong>potentium</strong></span> <span class='ocrx_word' id='word_1_303' title='bbox 659 4023 769 4070; x_wconf 81' lang='lat' dir='ltr'><strong>nominis</strong></span> <span class='ocrx_word' id='word_1_304' title='bbox 793 4021 898 4071; x_wconf 77' lang='lat' dir='ltr'><strong>refertur</strong></span> <span class='ocrx_word' id='word_1_305' title='bbox 916 4048 948 4057; x_wconf 91' lang='lat'>-</span> <span class='ocrx_word' id='word_1_306' title='bbox 967 4023 1097 4086; x_wconf 80' lang='lat' dir='ltr'><strong>praescius</strong></span> <span class='ocrx_word' id='word_1_307' title='bbox 1120 4021 1181 4070; x_wconf 83' lang='lat' dir='ltr'><strong>lacit</strong></span> <span class='ocrx_word' id='word_1_308' title='bbox 1199 4023 1371 4085; x_wconf 74' lang='lat' dir='ltr'><strong>Getdosredus</strong></span> <span class='ocrx_word' id='word_1_309' title='bbox 1386 4042 1415 4090; x_wconf 84' lang='lat' dir='ltr'><strong>p.</strong></span> <span class='ocrx_word' id='word_1_310' title='bbox 1437 4030 1487 4078; x_wconf 87' lang='grc'><em>102</em></span> 
     </span>
     <span class='ocr_line' id='line_1_38' title="bbox 196 4089 1488 4157; baseline 0.004 -18"><span class='ocrx_word' id='word_1_311' title='bbox 196 4093 226 4139; x_wconf 87' lang='grc'><em>12</em></span> <span class='ocrx_word' id='word_1_312' title='bbox 246 4090 285 4137; x_wconf 87' lang='grc' dir='ltr'><strong>ιιίι</strong></span> <span class='ocrx_word' id='word_1_313' title='bbox 302 4090 394 4138; x_wconf 85' lang='lat' dir='ltr'><strong>iniuria</strong></span> <span class='ocrx_word' id='word_1_314' title='bbox 447 4091 527 4138; x_wconf 87' lang='lat' dir='ltr'><strong>nirtns</strong></span> <span class='ocrx_word' id='word_1_315' title='bbox 548 4089 648 4139; x_wconf 81' lang='lat' dir='ltr'><strong>hortere</strong></span> <span class='ocrx_word' id='word_1_316' title='bbox 670 4102 721 4151; x_wconf 81' lang='lat' dir='ltr'><strong>ost,</strong></span> <span class='ocrx_word' id='word_1_317' title='bbox 746 4091 784 4138; x_wconf 84' lang='lat' dir='ltr'><strong>uis</strong></span> <span class='ocrx_word' id='word_1_318' title='bbox 810 4091 902 4137; x_wconf 83' lang='lat' dir='ltr'><strong>iniuria</strong></span> <span class='ocrx_word' id='word_1_319' title='bbox 922 4091 1094 4152; x_wconf 80' lang='lat' dir='ltr'><strong>Gotdofredue</strong></span> <span class='ocrx_word' id='word_1_320' title='bbox 1109 4106 1136 4154; x_wconf 82' lang='lat' dir='ltr'><strong>p.</strong></span> <span class='ocrx_word' id='word_1_321' title='bbox 1156 4092 1221 4152; x_wconf 88' lang='grc'><em>102,</em></span> <span class='ocrx_word' id='word_1_322' title='bbox 1239 4091 1273 4152; x_wconf 74' lang='lat' dir='ltr'><strong>es.</strong></span> <span class='ocrx_word' id='word_1_323' title='bbox 1292 4091 1370 4156; x_wconf 66' lang='grc' dir='ltr'><strong>10σίΙῇ</strong></span> <span class='ocrx_word' id='word_1_324' title='bbox 1387 4110 1416 4157; x_wconf 88' lang='lat' dir='ltr'><strong>p.</strong></span> <span class='ocrx_word' id='word_1_325' title='bbox 1437 4097 1488 4144; x_wconf 81' lang='grc'><em>290</em></span> 
     </span>
     <span class='ocr_line' id='line_1_39' title="bbox 195 4157 1487 4227; baseline 0.003 -20"><span class='ocrx_word' id='word_1_326' title='bbox 195 4161 225 4207; x_wconf 87' lang='grc'><strong>13</strong></span> <span class='ocrx_word' id='word_1_327' title='bbox 241 4159 323 4222; x_wconf 84' lang='lat' dir='ltr'><strong>piram</strong></span> <span class='ocrx_word' id='word_1_328' title='bbox 377 4167 480 4222; x_wconf 82' lang='lat' dir='ltr'><strong>paratus</strong></span> <span class='ocrx_word' id='word_1_329' title='bbox 499 4158 555 4223; x_wconf 84' lang='lat' dir='ltr'><strong>piru</strong></span> <span class='ocrx_word' id='word_1_330' title='bbox 572 4157 693 4208; x_wconf 77' lang='lat' dir='ltr'><strong>sacrificis</strong></span> <span class='ocrx_word' id='word_1_331' title='bbox 747 4172 825 4221; x_wconf 83' lang='lat' dir='ltr'><strong>rogus</strong></span> <span class='ocrx_word' id='word_1_332' title='bbox 844 4185 875 4193; x_wconf 86' lang='lat'><em>-</em></span> <span class='ocrx_word' id='word_1_333' title='bbox 894 4158 1026 4206; x_wconf 74' lang='lat' dir='ltr'><strong>sacrificiis</strong></span> <span class='ocrx_word' id='word_1_334' title='bbox 1040 4157 1218 4219; x_wconf 20' lang='lat' dir='ltr'><strong>‘Gntdosredns</strong></span> <span class='ocrx_word' id='word_1_335' title='bbox 1233 4175 1261 4222; x_wconf 86' lang='lat' dir='ltr'><strong>p.</strong></span> <span class='ocrx_word' id='word_1_336' title='bbox 1281 4161 1339 4219; x_wconf 88' lang='grc'><em>102,</em></span> <span class='ocrx_word' id='word_1_337' title='bbox 1358 4162 1394 4223; x_wconf 78' lang='lat' dir='ltr'><strong>cs.</strong></span> <span class='ocrx_word' id='word_1_338' title='bbox 1409 4161 1487 4227; x_wconf 73' lang='lat' dir='ltr'><strong>lleiff.</strong></span> 
     </span>
     <span class='ocr_line' id='line_1_40' title="bbox 191 4225 1487 4293; baseline 0.002 -18"><span class='ocrx_word' id='word_1_339' title='bbox 191 4243 217 4289; x_wconf 84' lang='lat' dir='ltr'><strong>p.</strong></span> <span class='ocrx_word' id='word_1_340' title='bbox 237 4227 287 4275; x_wconf 91' lang='grc'><em>288</em></span> <span class='ocrx_word' id='word_1_341' title='bbox 357 4227 388 4274; x_wconf 87' lang='grc'><strong>16</strong></span> <span class='ocrx_word' id='word_1_342' title='bbox 405 4226 507 4274; x_wconf 87' lang='lat' dir='ltr'><strong>musilin</strong></span> <span class='ocrx_word' id='word_1_343' title='bbox 558 4241 628 4273; x_wconf 80' lang='lat' dir='ltr'><strong>nrum</strong></span> <span class='ocrx_word' id='word_1_344' title='bbox 647 4235 707 4274; x_wconf 82' lang='lat' dir='ltr'><strong>sunt</strong></span> <span class='ocrx_word' id='word_1_345' title='bbox 724 4227 816 4286; x_wconf 83' lang='lat' dir='ltr'><strong>quibus</strong></span> <span class='ocrx_word' id='word_1_346' title='bbox 835 4240 941 4289; x_wconf 76' lang='lat' dir='ltr'><strong>eorporn</strong></span> <span class='ocrx_word' id='word_1_347' title='bbox 961 4225 1186 4274; x_wconf 85' lang='lat' dir='ltr'><strong>nostra—iuonln</strong></span> <span class='ocrx_word' id='word_1_348' title='bbox 1205 4226 1487 4293; x_wconf 79' lang='lat' dir='ltr'><strong>Gotdofreduap.102</strong></span> 
     </span>
     <span class='ocr_line' id='line_1_41' title="bbox 194 4293 1487 4359; baseline 0.004 -19"><span class='ocrx_word' id='word_1_349' title='bbox 194 4294 225 4341; x_wconf 89' lang='grc'><strong>18</strong></span> <span class='ocrx_word' id='word_1_350' title='bbox 244 4294 337 4357; x_wconf 77' lang='lat' dir='ltr'><strong>specim</strong></span> <span class='ocrx_word' id='word_1_351' title='bbox 407 4295 481 4343; x_wconf 74' lang='lat' dir='ltr'><strong>leet</strong></span> <span class='ocrx_word' id='word_1_352' title='bbox 500 4294 684 4351; x_wconf 70' lang='lat' dir='ltr'><strong>nitidiori:</strong></span> <span class='ocrx_word' id='word_1_353' title='bbox 703 4293 902 4354; x_wconf 73' lang='lat' dir='ltr'><strong>llllorlrnndis</strong></span> <span class='ocrx_word' id='word_1_354' title='bbox 954 4295 1041 4359; x_wconf 69' lang='lat' dir='ltr'><strong>speeie</strong></span> <span class='ocrx_word' id='word_1_355' title='bbox 1094 4295 1181 4359; x_wconf 86' lang='lat' dir='ltr'><strong>nuptis</strong></span> <span class='ocrx_word' id='word_1_356' title='bbox 1234 4295 1487 4359; x_wconf 82' lang='lat' dir='ltr'><strong>nirspecieintelli·</strong></span> 
     </span>
     <span class='ocr_line' id='line_1_42' title="bbox 192 4359 1488 4425; baseline 0.005 -18"><span class='ocrx_word' id='word_1_357' title='bbox 192 4361 268 4423; x_wconf 78' lang='lat' dir='ltr'><strong>gitur,</strong></span> <span class='ocrx_word' id='word_1_358' title='bbox 286 4359 415 4408; x_wconf 83' lang='lat' dir='ltr'><strong>musonius</strong></span> <span class='ocrx_word' id='word_1_359' title='bbox 432 4376 525 4423; x_wconf 80' lang='lat' dir='ltr'><strong>gerrere</strong></span> <span class='ocrx_word' id='word_1_360' title='bbox 543 4375 566 4409; x_wconf 88' lang='lat' dir='ltr'><strong>et</strong></span> <span class='ocrx_word' id='word_1_361' title='bbox 584 4362 653 4419; x_wconf 83' lang='lat' dir='ltr'><strong>qnod</strong></span> <span class='ocrx_word' id='word_1_362' title='bbox 672 4363 711 4409; x_wconf 89' lang='lat' dir='ltr'><strong>uir</strong></span> <span class='ocrx_word' id='word_1_363' title='bbox 729 4361 808 4409; x_wconf 85' lang='lat' dir='ltr'><strong>tribns</strong></span> <span class='ocrx_word' id='word_1_364' title='bbox 831 4361 915 4411; x_wconf 89' lang='lat' dir='ltr'><strong>modis</strong></span> <span class='ocrx_word' id='word_1_365' title='bbox 938 4362 1100 4425; x_wconf 77' lang='lat' dir='ltr'><strong>intelligitur,</strong></span> <span class='ocrx_word' id='word_1_366' title='bbox 1123 4372 1213 4410; x_wconf 86' lang='lat' dir='ltr'><strong>nntnrn</strong></span> <span class='ocrx_word' id='word_1_367' title='bbox 1235 4363 1332 4424; x_wconf 82' lang='lat' dir='ltr'><strong>nuptiis</strong></span> <span class='ocrx_word' id='word_1_368' title='bbox 1349 4372 1375 4412; x_wconf 86' lang='lat' dir='ltr'><strong>et</strong></span> <span class='ocrx_word' id='word_1_369' title='bbox 1391 4364 1488 4414; x_wconf 82' lang='lat' dir='ltr'><strong>uirtute</strong></span> 
     </span>
     <span class='ocr_line' id='line_1_43' title="bbox 192 4427 1487 4497; baseline 0.005 -23"><span class='ocrx_word' id='word_1_370' title='bbox 192 4454 225 4463; x_wconf 91' lang='lat'>-</span> <span class='ocrx_word' id='word_1_371' title='bbox 244 4440 269 4474; x_wconf 91' lang='grc' dir='ltr'><strong>ιιι</strong></span> <span class='ocrx_word' id='word_1_372' title='bbox 287 4428 312 4475; x_wconf 86' lang='grc' dir='ltr'><strong>ἰιι</strong></span> <span class='ocrx_word' id='word_1_373' title='bbox 331 4427 483 4477; x_wconf 81' lang='lat' dir='ltr'><strong>animalibus</strong></span> <span class='ocrx_word' id='word_1_374' title='bbox 503 4428 847 4492; x_wconf 75' lang='lat' dir='ltr'><strong>Gotlrosrerlnsp.102,ef.</strong></span> <span class='ocrx_word' id='word_1_375' title='bbox 868 4430 943 4492; x_wconf 77' lang='lat' dir='ltr'><strong>lieiff.</strong></span> <span class='ocrx_word' id='word_1_376' title='bbox 961 4446 986 4491; x_wconf 87' lang='lat' dir='ltr'><strong>p.</strong></span> <span class='ocrx_word' id='word_1_377' title='bbox 1006 4433 1057 4478; x_wconf 81' lang='grc'><em>205</em></span> <span class='ocrx_word' id='word_1_378' title='bbox 1141 4430 1173 4479; x_wconf 85' lang='grc'><em>21</em></span> <span class='ocrx_word' id='word_1_379' title='bbox 1193 4431 1263 4493; x_wconf 88' lang='lat' dir='ltr'><strong>prior</strong></span> <span class='ocrx_word' id='word_1_380' title='bbox 1284 4429 1391 4480; x_wconf 82' lang='lat' dir='ltr'><strong>alterum</strong></span> <span class='ocrx_word' id='word_1_381' title='bbox 1409 4447 1487 4497; x_wconf 82' lang='lat' dir='ltr'><strong>prae·</strong></span> 
     </span>
     <span class='ocr_line' id='line_1_44' title="bbox 191 4495 1486 4562; baseline 0.006 -21"><span class='ocrx_word' id='word_1_382' title='bbox 191 4495 257 4543; x_wconf 78' lang='lat' dir='ltr'><strong>redit</strong></span> <span class='ocrx_word' id='word_1_383' title='bbox 274 4496 372 4560; x_wconf 86' lang='lat' dir='ltr'><strong>primus</strong></span> <span class='ocrx_word' id='word_1_384' title='bbox 392 4496 510 4544; x_wconf 82' lang='lat' dir='ltr'><strong>omnibus</strong></span> <span class='ocrx_word' id='word_1_385' title='bbox 529 4496 700 4557; x_wconf 79' lang='lat' dir='ltr'><strong>Gotdofredus</strong></span> <span class='ocrx_word' id='word_1_386' title='bbox 716 4513 743 4560; x_wconf 82' lang='lat' dir='ltr'><strong>p.</strong></span> <span class='ocrx_word' id='word_1_387' title='bbox 762 4499 819 4559; x_wconf 84' lang='grc'><em>102,</em></span> <span class='ocrx_word' id='word_1_388' title='bbox 838 4498 873 4557; x_wconf 81' lang='lat' dir='ltr'><strong>rs.</strong></span> <span class='ocrx_word' id='word_1_389' title='bbox 892 4497 968 4560; x_wconf 77' lang='lat' dir='ltr'><strong>lleiff.</strong></span> <span class='ocrx_word' id='word_1_390' title='bbox 986 4514 1013 4560; x_wconf 83' lang='lat' dir='ltr'><strong>p.</strong></span> <span class='ocrx_word' id='word_1_391' title='bbox 1033 4498 1085 4545; x_wconf 88' lang='grc'><em>287</em></span> <span class='ocrx_word' id='word_1_392' title='bbox 1153 4499 1187 4546; x_wconf 85' lang='grc'><em>23</em></span> <span class='ocrx_word' id='word_1_393' title='bbox 1206 4497 1338 4562; x_wconf 78' lang='lat' dir='ltr'><strong>religatum</strong></span> <span class='ocrx_word' id='word_1_394' title='bbox 1357 4508 1383 4547; x_wconf 85' lang='lat' dir='ltr'><strong>et</strong></span> <span class='ocrx_word' id='word_1_395' title='bbox 1399 4508 1486 4549; x_wconf 81' lang='lat' dir='ltr'><strong>trana-</strong></span> 
     </span>
     <span class='ocr_line' id='line_1_45' title="bbox 191 4562 1486 4632; baseline 0.007 -23"><span class='ocrx_word' id='word_1_396' title='bbox 191 4562 280 4625; x_wconf 73' lang='lat' dir='ltr'><strong>ingnm</strong></span> <span class='ocrx_word' id='word_1_397' title='bbox 299 4562 405 4611; x_wconf 70' lang='lat' dir='ltr'><strong>linerat</strong></span> <span class='ocrx_word' id='word_1_398' title='bbox 471 4565 505 4612; x_wconf 84' lang='grc'><em>24</em></span> <span class='ocrx_word' id='word_1_399' title='bbox 524 4562 672 4611; x_wconf 74' lang='lat' dir='ltr'><strong>uoluntariu-</strong></span> <span class='ocrx_word' id='word_1_400' title='bbox 696 4564 803 4624; x_wconf 82' lang='lat' dir='ltr'><strong>reliqnid</strong></span> <span class='ocrx_word' id='word_1_401' title='bbox 826 4564 883 4611; x_wconf 82' lang='lat' dir='ltr'><strong>exrrl</strong></span> <span class='ocrx_word' id='word_1_402' title='bbox 902 4564 1040 4612; x_wconf 87' lang='lat' dir='ltr'><strong>dnnnrutus</strong></span> <span class='ocrx_word' id='word_1_403' title='bbox 1093 4562 1213 4628; x_wconf 80' lang='lat' dir='ltr'><strong>religatus</strong></span> <span class='ocrx_word' id='word_1_404' title='bbox 1280 4566 1314 4616; x_wconf 78' lang='lat'><strong>25</strong></span> <span class='ocrx_word' id='word_1_405' title='bbox 1331 4565 1486 4632; x_wconf 75' lang='lat' dir='ltr'><strong>translugus</strong></span> 
     </span>
     <span class='ocr_line' id='line_1_46' title="bbox 192 4627 1487 4696; baseline 0.009 -22"><span class='ocrx_word' id='word_1_406' title='bbox 192 4631 235 4689; x_wconf 84' lang='lat' dir='ltr'><strong>qni</strong></span> <span class='ocrx_word' id='word_1_407' title='bbox 258 4630 291 4679; x_wconf 90' lang='lat' dir='ltr'><strong>nd</strong></span> <span class='ocrx_word' id='word_1_408' title='bbox 313 4627 397 4679; x_wconf 78' lang='lat' dir='ltr'><strong>¹¹ostrs</strong></span> <span class='ocrx_word' id='word_1_409' title='bbox 465 4630 591 4696; x_wconf 79' lang='lat' dir='ltr'><strong>profugus</strong></span> <span class='ocrx_word' id='word_1_410' title='bbox 613 4633 687 4692; x_wconf 87' lang='lat' dir='ltr'><strong>qnasi</strong></span> <span class='ocrx_word' id='word_1_411' title='bbox 711 4631 851 4680; x_wconf 85' lang='lat' dir='ltr'><strong>nulnrrtarie</strong></span> <span class='ocrx_word' id='word_1_412' title='bbox 874 4631 1015 4693; x_wconf 80' lang='lat' dir='ltr'><strong>reliquerit,</strong></span> <span class='ocrx_word' id='word_1_413' title='bbox 1039 4631 1096 4681; x_wconf 83' lang='lat' dir='ltr'><strong>exul</strong></span> <span class='ocrx_word' id='word_1_414' title='bbox 1119 4632 1222 4692; x_wconf 80' lang='lat' dir='ltr'><strong>qnidam</strong></span> <span class='ocrx_word' id='word_1_415' title='bbox 1248 4643 1375 4682; x_wconf 82' lang='lat' dir='ltr'><strong>natus-</strong></span> <span class='ocrx_word' id='word_1_416' title='bbox 1392 4637 1487 4686; x_wconf 82' lang='lat' dir='ltr'><strong>transit</strong></span> 
     </span>
     <span class='ocr_line' id='line_1_47' title="bbox 193 4697 1487 4764; baseline 0.006 -19"><span class='ocrx_word' id='word_1_417' title='bbox 193 4697 364 4759; x_wconf 78' lang='lat' dir='ltr'><strong>Gotlrofredua</strong></span> <span class='ocrx_word' id='word_1_418' title='bbox 381 4715 408 4761; x_wconf 86' lang='lat' dir='ltr'><strong>p.</strong></span> <span class='ocrx_word' id='word_1_419' title='bbox 428 4700 476 4747; x_wconf 92' lang='grc'><strong>102</strong></span> <span class='ocrx_word' id='word_1_420' title='bbox 556 4698 589 4747; x_wconf 85' lang='grc'><em>26</em></span> <span class='ocrx_word' id='word_1_421' title='bbox 607 4699 720 4748; x_wconf 75' lang='lat' dir='ltr'><strong>uxetsum</strong></span> <span class='ocrx_word' id='word_1_422' title='bbox 738 4699 788 4746; x_wconf 87' lang='lat' dir='ltr'><strong>lroo</strong></span> <span class='ocrx_word' id='word_1_423' title='bbox 806 4711 844 4747; x_wconf 86' lang='lat' dir='ltr'><strong>est</strong></span> <span class='ocrx_word' id='word_1_424' title='bbox 895 4700 920 4747; x_wconf 90' lang='lat' dir='ltr'><strong>iu</strong></span> <span class='ocrx_word' id='word_1_425' title='bbox 938 4700 1070 4763; x_wconf 86' lang='lat' dir='ltr'><strong>superiore</strong></span> <span class='ocrx_word' id='word_1_426' title='bbox 1091 4710 1164 4764; x_wconf 85' lang='lat' dir='ltr'><strong>parte</strong></span> <span class='ocrx_word' id='word_1_427' title='bbox 1230 4701 1263 4750; x_wconf 80' lang='grc'><em>27</em></span> <span class='ocrx_word' id='word_1_428' title='bbox 1281 4714 1387 4764; x_wconf 84' lang='lat' dir='ltr'><strong>qrrumq;</strong></span> <span class='ocrx_word' id='word_1_429' title='bbox 1440 4703 1487 4753; x_wconf 89' lang='lat' dir='ltr'><strong>de-</strong></span> 
     </span>
    </p>
   </div>
   <div class='ocr_carea' id='block_1_6' title="bbox 192 4765 1486 4897">
    <p class='ocr_par' dir='ltr' id='par_1_17' title="bbox 192 4765 1486 4897">
     <span class='ocr_line' id='line_1_48' title="bbox 192 4765 1486 4832; baseline 0.008 -21"><span class='ocrx_word' id='word_1_430' title='bbox 192 4765 265 4827; x_wconf 88' lang='lat' dir='ltr'><strong>ponit</strong></span> <span class='ocrx_word' id='word_1_431' title='bbox 315 4765 393 4813; x_wconf 86' lang='lat' dir='ltr'><strong>ultum</strong></span> <span class='ocrx_word' id='word_1_432' title='bbox 411 4777 461 4813; x_wconf 84' lang='lat' dir='ltr'><strong>trun</strong></span> <span class='ocrx_word' id='word_1_433' title='bbox 480 4767 505 4813; x_wconf 88' lang='lat' dir='ltr'><strong>in</strong></span> <span class='ocrx_word' id='word_1_434' title='bbox 524 4767 682 4830; x_wconf 83' lang='lat' dir='ltr'><strong>superiorem</strong></span> <span class='ocrx_word' id='word_1_435' title='bbox 701 4777 797 4831; x_wconf 82' lang='lat' dir='ltr'><strong>partem</strong></span> <span class='ocrx_word' id='word_1_436' title='bbox 816 4768 907 4816; x_wconf 88' lang='lat' dir='ltr'><strong>elntnm</strong></span> <span class='ocrx_word' id='word_1_437' title='bbox 926 4767 1091 4832; x_wconf 81' lang='lat' dir='ltr'><strong>intelligimus</strong></span> <span class='ocrx_word' id='word_1_438' title='bbox 1109 4782 1185 4830; x_wconf 85' lang='lat' dir='ltr'><strong>qnam</strong></span> <span class='ocrx_word' id='word_1_439' title='bbox 1203 4768 1236 4817; x_wconf 83' lang='lat' dir='ltr'><strong>nd</strong></span> <span class='ocrx_word' id='word_1_440' title='bbox 1253 4767 1375 4818; x_wconf 82' lang='lat' dir='ltr'><strong>inierioru</strong></span> <span class='ocrx_word' id='word_1_441' title='bbox 1385 4794 1417 4806; x_wconf 95' lang='lat'><em>—</em></span> <span class='ocrx_word' id='word_1_442' title='bbox 1429 4782 1486 4821; x_wconf 79' lang='lat' dir='ltr'><strong>tan-</strong></span> 
     </span>
     <span class='ocr_line' id='line_1_49' title="bbox 192 4832 546 4897; baseline 0.006 -18"><span class='ocrx_word' id='word_1_443' title='bbox 192 4841 244 4879; x_wconf 88' lang='lat' dir='ltr'><strong>tum</strong></span> <span class='ocrx_word' id='word_1_444' title='bbox 264 4832 435 4894; x_wconf 80' lang='lat' dir='ltr'><strong>Gotdosredus</strong></span> <span class='ocrx_word' id='word_1_445' title='bbox 451 4850 477 4897; x_wconf 86' lang='lat' dir='ltr'><strong>p.</strong></span> <span class='ocrx_word' id='word_1_446' title='bbox 498 4836 546 4882; x_wconf 91' lang='grc'><em>102</em></span> 
     </span>
    </p>
   </div>
   <div class='ocr_carea' id='block_1_7' title="bbox 0 0 1696 5476">
    <p class='ocr_par' dir='ltr' id='par_1_18' title="bbox 0 0 1696 5476">
     <span class='ocr_line' id='line_1_50' title="bbox 0 0 1696 5476; baseline 0 3"><span class='ocrx_word' id='word_1_447' title='bbox 0 0 1696 5476; x_wconf 95' lang='lat' dir='ltr'><strong> </strong></span> 
     </span>
    </p>
   </div>
  </div>
 </body>
</html>
