3382 5476
197 289 258 353 106
714 286 976 342 snssuoumm

194 479 312 541 cetera?
348 477 432 549 Quod
456 478 495 538 ita
517 476 656 539 soluitur:
680 478 710 537 in
733 475 856 538 Graecis
877 476 1048 539 nominibus
1069 495 1124 540 cus
1144 495 1204 540 una
1225 475 1338 559 syllaba
1359 486 1423 541 est.

195 601 226 650 e,
251 579 305 642 alia
328 578 439 661 syllaba
461 598 511 650 us,
534 588 568 641 ut
589 597 712 640 urceus:
735 578 793 639 hoc
816 580 894 640 euim
918 596 1026 640 nomen
1049 578 1250 661 trissyllabum
1272 588 1327 651 est,
1348 580 1496 661 Orpbeus

194 690 292 744 autem
315 678 585 763 dissyllabumest.
628 680 701 741 ltem
730 681 848 773 nomina
877 681 988 743 Graeca
1017 683 1048 743 in
1076 699 1130 743 eus
1156 681 1323 743 desinentia
1351 684 1494 745 uocatiuo

200 831 342 847 ......
363 785 476 845 Latina
497 783 529 845 in
557 782 614 844 dua
638 800 654 843 e
677 784 883 850 terminantur,
913 790 946 844 ut
967 801 985 842 o
1007 782 1114 863 lignee.
1165 782 1239 845 ltem
1268 787 1299 846 in
1325 784 1389 847 ium
1416 792 1493 863 quot

194 903 305 965 genera
334 886 529 946 inueniuntur
556 887 587 944 in
616 882 746 945 secunda
774 882 989 946 declinatione?
1037 884 1116 956 buo,
1142 884 1283 947 feminina
1311 894 1342 947 et
1368 892 1518 949 neutrazn

194 990 351 1059 leminina,
382 984 617 1067 utGlycsrium.
661 984 733 1045 lnde
760 985 925 1046 Donatus
952 984 1037 1047 dicit:
1075 987 1168 1048 Sunt
1194 994 1392 1065 praeterea
1418 985 1492 1051 alia

194 1093 340 1151 nomina
364 1107 454 1150 sono
478 1094 623 1157 neutra,
653 1085 855 1149 intellectu
878 1087 1075 1159 leminina,
1098 1098 1138 1149 ut
1160 1089 1380 1151 Sofronium
1401 1088 1492 1152 Fro-

195 1194 338 1253 nesium
370 1189 593 1271 Glycerium.
637 1187 717 1250 llaec
746 1196 844 1250 autem
866 1190 920 1249 tria
943 1189 1064 1269 propria
1086 1191 1206 1252 nomina
1228 1196 1299 1251 sunt
1320 1190 1490 1253 mulierum.

194 1294 232 1355 Et
253 1300 391 1355 neutrum
414 1310 504 1353 unum
528 1308 639 1352 nomen
661 1289 882 1370 appellatiuum,
907 1297 939 1351 ut
960 1290 1017 1352 hoc
1032 1299 1180 1361 scortum,
1203 1292 1261 1353 boc
1276 1300 1323 1354 est
1337 1294 1492 1355 meretrix.

195 1396 271 1456 ilinc
294 1393 356 1456 lob
373 1394 459 1455 dixit:
482 1411 573 1454 uxor
595 1410 673 1454 mea
696 1393 744 1453 sit
765 1400 929 1454 scortum
952 1392 1125 1474 alterius,
1149 1401 1179 1455 et
1194 1392 1385 1457 Salomon:
1407 1410 1526 1476 pre-ra

194 1499 281 1558 tium
304 1480 507 1558 scorti'uix
531 1513 625 1556 unus
647 1496 762 1574 panis.
807 1493 918 1556 Neutra
940 1497 971 1555 in
993 1513 1060 1564 um,
1088 1504 1119 1556 ut
1142 1495 1198 1557 boc
1219 1494 1364 1576 templum
1386 1496 1492 1579 templi

195 1598 305 1679 templo
333 1597 476 1678 templum
507 1596 649 1677 templum
673 1616 689 1659 a
713 1595 823 1676 templo
847 1598 876 1656 et
896 1595 1002 1676 plurali
1031 1596 1141 1676 templa
1169 1596 1349 1678 templorum
1370 1600 1491 1681 templis

193 1699 302 1780 templa
328 1698 437 1779 templa
465 1718 481 1759 a
505 1697 630 1779 templis.
675 1696 724 1758 Sic
753 1696 917 1759 declinatur
947 1698 1057 1760 donum
1084 1707 1235 1779 sceptrum
1262 1698 1490 1763 tabernaculum

193 1801 319 1864 uerbum
348 1800 550 1862 holocaustum
579 1806 750 1879 portentum
779 1806 891 1864 uotum.
934 1800 1009 1861 ltem
1038 1802 1068 1861 in
1095 1802 1171 1872 ium,
1202 1812 1234 1864 ut
1262 1802 1320 1863 hoc
1345 1804 1489 1865 ieiunium

193 1904 349 1984 prandium
373 1901 528 1964 consilium
551 1899 737 1978 euangelium
760 1901 936 1962 sacrillcium
960 1909 989 1962 et
1010 1909 1120 1974 cetera,
1144 1910 1173 1964 et
1196 1906 1294 1965 omnia
1317 1905 1438 1966 nomina
1457 1906 1526 1967 inm

193 2024 244 2067 um
277 2003 324 2066 uel
357 2007 388 2065 in
420 2006 483 2065 ium
515 2002 679 2064 desinentia
712 2001 860 2064 secundae
893 2002 1099 2066 declinationis
1127 2014 1206 2067 sunt.
1256 2006 1418 2068 Sciendum
1445 2014 1491 2069 est

192 2114 290 2169 autem
313 2104 350 2166 de
372 2104 423 2166 illo
447 2107 575 2173 nomine,
599 2103 677 2185 quod
701 2112 744 2165 est
766 2102 925 2174 balineum,
950 2105 1029 2182 quod
1051 2107 1081 2167 iu
1104 2104 1247 2185 singulari
1268 2125 1396 2169 numero
1415 2126 1489 2171 neu·

193 2216 271 2270 trum
294 2215 340 2269 est
361 2215 390 2268 et
411 2205 560 2268 secundae
583 2204 798 2273 declinationis,
821 2207 852 2265 in
874 2205 980 2285 plurali
1002 2225 1075 2269 uero
1097 2225 1223 2269 numero
1244 2209 1422 2273 femininum
1444 2217 1491 2273 est

193 2320 223 2372 et
245 2312 358 2391 primae
381 2309 587 2371 declinationis
609 2317 638 2368 et
663 2309 707 2368 sic
727 2305 907 2368 declinatur:
932 2306 988 2368 lroc
1009 2307 1157 2370 balineum
1180 2310 1269 2372 buius
1289 2309 1400 2373 balinei
1419 2311 1490 2373 lruic

76 2442 83 2453 ·
194 2411 312 2474 balineo
340 2411 396 2473 hoc
425 2411 574 2473 balineum
597 2429 615 2471 o
638 2409 786 2471 balineum
810 2408 926 2474 abhoc
956 2408 1073 2472 ballneo
1096 2420 1125 2474 et
1147 2411 1255 2492 plurali
1277 2413 1333 2474 hae
1355 2412 1527 2476 balineaero

193 2513 297 2576 harum
321 2513 505 2576 balinearum
527 2513 573 2574 bis
595 2511 721 2574 balineis
743 2510 796 2572 has
818 2509 950 2572 balineas
972 2531 989 2572 o
1013 2511 1147 2575 balineae
1169 2514 1207 2575 ab
1229 2514 1275 2575 bis
1296 2514 1439 2591 balineis,
1461 2523 1491 2577 et

192 2619 237 2677 sic
265 2617 353 2677 etiam
381 2624 418 2681 et,
436 2619 595 2696 ‘porrum’
620 2623 758 2676 neutrum
781 2631 889 2675 nomen
919 2622 965 2675 est
992 2622 1021 2674 et
1049 2615 1197 2677 secundae
1224 2615 1430 2679 declinationis
1457 2618 1489 2678 in

192 2718 336 2798 singulari
359 2736 486 2780 numero
494 2762 624 2785 .......
647 2718 677 2776 in
693 2715 800 2795 plurali
823 2734 897 2776 uero
919 2716 1093 2778 femininum
1116 2718 1187 2780 lacit
1210 2725 1239 2779 et
1260 2720 1376 2799 primae
1397 2716 1489 2781 decli·

193 2822 321 2882 nationis
343 2828 402 2881 est:
431 2819 488 2880 hae
516 2837 606 2897 cepae
634 2818 740 2878 barum
769 2835 910 2895 ceparum
933 2825 964 2879 et
986 2825 1100 2889 cetera,
1130 2820 1265 2898 quamuis
1293 2820 1493 2901 antiquissimi

192 2922 255 2983 ina
278 2939 395 2999 quoque
416 2918 596 2998 singularem
619 2937 776 2979 nnmerum
799 2918 942 2980 leminino
964 2937 1075 2998 genere
1097 2924 1196 3000 ‘cepa‘
1219 2922 1380 3001 protulisse
1402 2924 1525 2985 inne-¹⁶

193 3023 328 3085 niuntur.
372 3020 554 3082 Naeuius:
578 3018 681 3081 illum
705 3020 740 3080 di
762 3020 901 3092 ierant,
926 3024 986 3102 qui
1008 3024 1165 3101 primum
1188 3022 1329 3085 holitor
1350 3042 1487 3104 cepam.
1532 3088 1535 3093 ,

193 3122 377 3183 Lucilius:
401 3121 524 3202 lippus
548 3120 691 3183 edenda
714 3123 791 3183 acri
814 3122 964 3184 assidue
993 3125 1168 3204 ceparius
1190 3142 1290 3205 cepa.
1335 3126 1488 3207 Frequen-

193 3226 252 3285 tior
267 3230 365 3284 tamen
381 3242 452 3285 usus
466 3224 537 3284 ‘boc
552 3225 637 3301 cepe'
659 3221 798 3303 protulit,
822 3225 900 3302 quod
918 3226 948 3286 in
964 3225 1108 3305 singulari
1129 3246 1256 3288 numero
1278 3235 1419 3291 neutrum
1442 3234 1488 3289 est

192 3333 222 3387 at
243 3323 461 3388 indeclinabile.
507 3325 685 3387 Naeuius:
720 3328 780 3387 cui
813 3344 904 3405 cepe
935 3325 1077 3389 edendo
1107 3328 1238 3391 oculus
1269 3329 1367 3391 alter
1399 3347 1487 3409 pro·

192 3426 292 3491 lluit.
336 3428 409 3489 ltem
434 3430 561 3489 Varro:
586 3427 1037 3507 multilarioinpatellis
1065 3446 1227 3510 coquere
1256 3448 1355 3511 cepe.
1400 3432 1525 3511 depr-u

192 3532 257 3592 cius
279 3538 309 3591 et
330 3530 477 3610 capicium
501 3538 619 3591 ueteres
641 3529 791 3592 dixerunt.
829 3530 913 3592 Scire
936 3542 1034 3593 autem
1057 3532 1201 3594 debemus
1222 3534 1254 3594 in
1277 3532 1325 3593 his
1346 3534 1487 3595 termina·

191 3630 325 3693 tionibus
347 3631 495 3694 secundae
517 3631 738 3703 declinationis,
766 3652 840 3714 quas
862 3632 990 3695 diximus
1012 3634 1167 3696 terminari
1190 3636 1220 3696 in
1243 3652 1276 3696 er
1297 3635 1328 3696 in
1351 3637 1379 3695 ir
1401 3635 1432 3696 in
1454 3652 1489 3696 us

261 3902 349 3951 laius
385 3900 483 3965 syllaba
502 3900 553 3969 est]
573 3905 702 3954 humanum
718 3907 756 3955 aie
774 3907 895 3968 explens:
913 3906 938 3954 in
958 3904 1056 3955 Latinis
1074 3920 1136 3955 rrero
1155 3920 1206 3955 unn
1222 3904 1321 3969 syllaba
1338 3916 1377 3956 est
1427 3908 1489 3957 but

192 3980 293 4019 torceus
333 3970 492 4035 trisyllabum
544 3970 655 4023 3nocai
673 3973 698 4021 in
717 3971 779 4037 dun]
801 3975 930 4023 Lacunam
948 3976 1068 4033 indicaui,
1087 3976 1147 4040 quia
1166 3974 1321 4025 Graecorum
1338 3982 1365 4024 et
1383 3974 1489 4025 Latina

191 4055 245 4087 rum
264 4040 386 4089 nominum
402 4041 429 4089 t'rr
447 4055 491 4090 eua
508 4042 652 4091 exstantium
669 4043 801 4091 raucelinus
819 4040 888 4090 iuter
904 4056 933 4091 se
951 4044 1093 4106 conparari
1107 4048 1195 4106 putet:
1222 4043 1320 4092 illorum
1338 4058 1385 4106 eu,
1402 4042 1489 4094 domm

192 4122 220 4156 ee
240 4108 439 4158 terminationem
456 4124 520 4162 esre.
580 4109 728 4158 terminatur
797 4109 882 4174 lignea
951 4125 1034 4159 nrerrm
1121 4109 1289 4175 ligligarium
1359 4107 1486 4176 Donatus]

190 4191 217 4238 p.
237 4177 299 4237 ³75,
319 4177 353 4224 27
420 4178 436 4226 l
454 4178 595 4227 salronium
613 4177 768 4226 ironessium
786 4175 922 4241 gligerinm
991 4177 1092 4227 8llaec
1110 4188 1192 4228 alitem
1212 4176 1269 4241 tria]
1288 4177 1335 4226 list
1351 4177 1402 4227 hoc
1419 4177 1487 4227 hium

191 4244 251 4293 set
269 4258 357 4309 unum,
375 4260 423 4296 om.
443 4258 559 4295 neutrum
611 4256 639 4293 ut
656 4244 718 4293 baec
770 4244 797 4292 lr'
817 4246 935 4293 meretrix
1015 4246 1118 4305 tolon]
1137 4262 1195 4310 cup.
1216 4244 1365 4295 xxxiia
1416 4244 1489 4297 Salo-

193 4308 265 4376 mon]
283 4312 411 4365 Prouerb.
424 4314 451 4362 V
465 4316 517 4363 26?
535 4314 664 4378 praecium
734 4314 763 4363 11
785 4326 859 4361 umus
929 4314 961 4363 15
979 4313 1157 4378 eutrangelium
1228 4315 1258 4363 l'i
1276 4310 1417 4381 balineum]
1436 4312 1489 4364 bal-

191 4427 300 4488 leneum‚
317 4444 418 4494 semper
469 4430 495 4477 in
514 4428 679 4494 singulariter
765 4430 796 4480 19
813 4395 926 4479 balrlium
971 4431 1070 4481 ballenii
1090 4438 1138 4482 etc.
1188 4432 1223 4481 20
1241 4429 1331 4495 plurali
1350 4447 1364 4480 e
1382 4429 1489 4481 ballenle

191 4498 222 4546 at
242 4511 313 4545 arum
383 4498 416 4546 22
428 4498 454 4545 in
466 4497 591 4562 aingrdari
611 4494 728 4563 numero]
749 4499 878 4548 Lacunam
894 4500 980 4557 statari,
999 4502 1059 4566 quia
1077 4502 1103 4550 in
1120 4499 1281 4564 sequentibus
1292 4516 1343 4550 aon
1354 4500 1388 4549 de
1397 4514 1487 4565 porro,

190 4565 239 4614 aed
255 4564 287 4613 de
304 4578 367 4627 cepe
384 4566 470 4628 agitur
537 4567 571 4615 23
589 4576 614 4615 et
631 4567 740 4631 primum
759 4566 1054 4633 declinationisheoepe
1122 4570 1155 4618 25
1172 4566 1294 4617 lominina
1311 4582 1407 4631 genera
1423 4582 1487 4634 aaa

190 4633 224 4681 26
243 4632 335 4682 uanius
352 4630 421 4680 illam
439 4630 557 4682 delerunt
573 4649 624 4695 que
692 4633 787 4685 holitur
871 4637 904 4685 27
922 4647 1040 4702 sapatum
1063 4652 1126 4701 cepa
1210 4636 1244 4687 ‘28
1262 4650 1277 4684 o
1296 4650 1358 4701 cepe
1375 4635 1489 4701 protulit

191 4699 224 4815 39
243 4700 334 4820 nepipp
368 4697 491 4820 sprolulit
549 4703 582 4753 30
600 4715 703 4765 quoque
720 4718 748 4752 re
764 4717 828 4771 eppe
896 4706 928 4755 31
947 4702 1084 4771 dexernnt]
1104 4706 1144 4755 De
1155 4704 1275 4754 uniuerso
1287 4706 1343 4755 locu
1354 4704 1390 4766 cs.
1403 4703 1487 4754 Prisc.

224 4782 253 4831 p.
289 4771 367 4833 o,1
401 4783 457 4836 req.
