3382 5476
193 359 237 425 30
707 361 776 414 aas
794 360 969 415 arumna

193 551 321 630 positiuo
343 565 454 629 perse
476 549 606 628 positus,
631 558 662 611 ut
686 548 870 628 Virgilius
893 548 979 609 dicit:
1007 547 1184 612 ‘comites
1210 550 1381 613 senioris
1400 550 1490 613 Aee·

193 652 298 721 stae',
330 668 384 731 pro
412 651 502 711 senis.
546 648 705 711 Sciendum
734 667 855 728 quoque
882 657 941 718 cst,
975 648 1055 729 quod
1088 650 1316 714 diminutionem
1343 653 1491 733 accipiunt

192 752 334 833 quaedam
357 753 619 832 conparatiuorum
642 769 658 811 a
681 751 874 833 conparatiuo
890 749 1019 811 neutrali
1035 753 1185 815 uenientia
1206 751 1374 816 adiectione
1396 752 1489 823 culus.

193 862 226 913 ut
251 852 480 932 grandiusculus
507 851 689 915 maiusculus
717 852 900 913 minusculus
928 850 1130 915 meliusculus.
1176 852 1251 913 item
1281 855 1491 935 conparatione

192 954 373 1035 superlatiuo
395 953 554 1035 aliquando
576 951 745 1034 praecellit,
774 960 807 1014 ut
829 952 918 1013 ditior
941 955 1099 1022 ditissimo,
1128 953 1245 1016 stultior
1266 953 1440 1017 stultissimo
1460 961 1513 1015 ets

193 1057 288 1117 maior
314 1056 455 1125 maximo,
486 1054 542 1115 hoc
565 1062 611 1116 est
638 1063 817 1135 conparatus
843 1056 1056 1133 conparatiuus
1083 1054 1265 1135 superlatiuo
1287 1055 1326 1118 de
1348 1074 1384 1118 eo
1406 1073 1491 1137 prae·

192 1156 287 1228 cellit,
311 1166 344 1219 ut
365 1158 455 1218 ditior
470 1202 600 1219 ......
616 1155 743 1227 stultior,
766 1155 844 1217 idest
864 1157 1003 1226 rusticus,
1027 1157 1079 1234 qui
1101 1155 1178 1216 nihil
1200 1154 1359 1237 intellegit,
1381 1154 1492 1221 stultis·

193 1261 283 1330 simo,
312 1259 390 1321 idest
410 1258 448 1319 de
471 1276 521 1326 eo,
551 1260 604 1337 qui
626 1259 781 1319 minimum
804 1256 950 1336 intellegit
972 1257 1009 1318 de
1032 1256 1226 1336 sapientibus.
1270 1257 1491 1321 Priscianus

193 1359 337 1431 ostendit,
360 1358 510 1443 quomodo
533 1361 742 1440 conparatiuus
764 1358 979 1440 superlatiuum
1003 1358 1171 1440 praecellit,
1202 1358 1320 1421 dicens:
1360 1358 1489 1422 tortis·

192 1463 276 1523 simi
302 1462 456 1524 luerunt
484 1462 711 1524 Graecorum
739 1463 828 1523 Aiax
857 1459 1057 1523 Diomedes
1078 1462 1326 1540 Agamemnon
1348 1460 1527 1531 Vlixem

194 1565 365 1625 omnibus
388 1574 509 1625 tamen
531 1564 591 1625 his
619 1564 758 1624 tortior
784 1564 858 1624 luit
879 1560 1060 1625 Achilles.
1106 1563 1193 1625 item:
1217 1562 1393 1624 ‘lortissimo
1416 1562 1514 1645 'Pro-J

193 1667 329 1728 iauorum
351 1665 479 1729 Hectore
502 1666 608 1726 iorlior
631 1666 687 1726 iuit
708 1663 860 1726 Achilles’.
891 1663 1098 1745 Superlatiuus
1119 1663 1231 1742 gradus
1254 1665 1302 1725 cni
1323 1664 1408 1725 casui
1429 1680 1493 1725 ser·

193 1769 244 1831 uit.
288 1767 434 1828 Genetiuo
457 1774 570 1827 lantum
593 1765 712 1846 plurali,
737 1774 769 1826 ul
791 1767 914 1827 ‘licerer
937 1765 1045 1827 dicitur
1068 1766 1247 1827 fortissimos
1269 1765 1495 1827 Troianorum’.

192 1867 304 1929 Tamen
328 1868 542 1929 Priscianus
564 1867 650 1927 dixit:
683 1856 941 1946 superlatiuus
964 1869 1143 1946 genetiuo
1170 1865 1311 1947 plurali
1333 1865 1394 1929 uel
1416 1868 1493 1928 sin·

193 1968 317 2048 gulari
345 1970 529 2047 iungitur,
564 1969 708 2046 quaudo
737 1971 855 2049 ipsum
883 1987 1014 2030 nomen
1046 1969 1244 2048 singulare
1274 1967 1531 2029 multitudi·n

194 2069 206 2153 ]]
225 2067 467 2151 iol.88⁸]uem
495 2070 705 2147 significat,
738 2080 789 2131 ut:
819 2071 1044 2132 ‘fortissime
1074 2073 1228 2148 gentis',
1257 2070 1495 2149 sapientissimus

192 2171 304 2252 populi.
347 2171 538 2234 Fortissimus
561 2180 659 2232 autem
683 2170 801 2240 dicitur,
824 2172 901 2233 idest
922 2172 1009 2233 ualde
1032 2172 1128 2243 lortis,
1153 2181 1186 2234 ut
1207 2172 1286 2251 apud
1302 2172 1493 2233 Ciceronem:

193 2272 424 2335 simillimum
444 2273 528 2344 deo,
551 2291 607 2351 pro
630 2272 716 2334 ualde
738 2273 853 2334 similis.
899 2274 972 2335 llom
995 2274 1086 2345 scias,
1110 2273 1188 2354 quod
1213 2273 1417 2353 superlatiuus
1438 2290 1495 2335 suo

194 2376 297 2453 generi
312 2383 501 2457 conparatur,
518 2394 578 2437 non
594 2376 701 2445 alieno,
719 2382 751 2435 ut
766 2375 888 2448 ‘lieston
903 2375 1001 2437 dictus
1017 2383 1061 2437 ost
1077 2377 1255 2437 fortissimus
1269 2375 1493 2437 Troianorum’.

192 2477 267 2539 item
290 2477 489 2557 superlatiuus
510 2497 565 2559 pro
587 2479 718 2559 positiuo
741 2481 855 2558 positus
878 2495 934 2538 nec
957 2486 1145 2556 conparatur,
1169 2484 1201 2538 ul
1220 2477 1332 2557 lupiter
1347 2478 1535 2540 maximusso

192 2579 289 2641 dictus
318 2589 377 2650 est,
411 2582 494 2661 quasi
525 2599 657 2660 magnus.
703 2580 774 2642 item
805 2579 985 2657 Virgilius
1018 2581 1176 2641 Asianus
1208 2579 1246 2640 de
1279 2580 1495 2661 conparatione

194 2682 278 2743 dicit:
316 2683 592 2761 Conparatiuus
628 2682 794 2760 gradus
831 2681 1071 2760 superlatiuo
1104 2683 1495 2761 incongruentissime

193 2787 456 2864 praeponitur,
487 2793 525 2844 ut
552 2785 670 2845 maior
698 2786 869 2851 niaximo;
898 2782 1161 2862 superlatiuus
1188 2784 1326 2863 quippe
1355 2782 1496 2862 gradus

193 2884 363 2946 omnibus
386 2883 589 2963 praecellit
611 2894 646 2944 et
668 2884 903 2964 supersedet,
927 2887 1026 2945 sicul
1049 2894 1083 2944 el
1104 2887 1295 2965 positiuus
1318 2882 1496 2947 omnihus

193 2984 385 3054 subsedet;
416 2987 689 3064 conparatiuus
712 2993 831 3046 acriam
860 2985 997 3064 gradus
1020 2986 1125 3048 uelut
1152 2986 1327 3067 quaedam
1351 2987 1536 3051 medie-ac

195 3097 249 3147 las
281 3085 442 3146 scalaris
473 3094 509 3148 et
537 3088 704 3166 positiuo
735 3086 846 3147 altior
874 3095 909 3148 et
937 3088 1175 3167 superlatiuo
1213 3087 1398 3151 humilior
1427 3098 1495 3151 est.

194 3189 273 3260 Quot
293 3196 364 3249 sunt
377 3189 492 3249 formae
507 3188 775 3268 superlatiuorumi
799 3188 881 3249 Octo.
916 3189 988 3250 lnde
1004 3190 1225 3251 Priscianus
1247 3190 1334 3252 dicit:
1353 3186 1496 3271 'Super-

193 3290 396 3352 latiuorum
429 3291 569 3351 iormac
602 3301 688 3352 sunt
720 3299 818 3361 octo,
853 3292 946 3353 duae
977 3291 1138 3369 quidem,
1173 3295 1211 3353 in
1248 3309 1339 3370 quas
1368 3291 1497 3372 plera·

193 3409 261 3471 que
291 3393 470 3455 desinunt
497 3392 747 3473 superlatiua,
785 3392 886 3453 idest
922 3396 958 3454 in
995 3396 1109 3454 rimus
1147 3402 1180 3455 et
1217 3395 1253 3455 iu
1285 3395 1415 3465 simus,
1455 3397 1494 3456 iu

192 3493 395 3583 limussin
433 3496 568 3564 ximus,
606 3496 647 3555 in
685 3498 810 3565 tinius,
848 3497 888 3556 iu
925 3513 1063 3566 remus,
1101 3496 1136 3556 iu
1174 3494 1321 3566 rimus,
1358 3498 1396 3556 in
1436 3498 1536 3559 ni=ao

192 3615 278 3659 mus.
323 3596 357 3657 ln
380 3614 413 3656 er
435 3598 526 3675 igitur
548 3596 712 3658 desinentia
738 3601 868 3678 positiua
896 3616 964 3659 cum
991 3599 1050 3659 sint
1079 3596 1227 3658 adiectiua
1255 3598 1320 3657 siue
1341 3597 1494 3661 secundae

191 3716 245 3759 seu
268 3701 373 3758 tertiae
397 3697 617 3769 declinationis,
640 3709 760 3778 accepta
784 3702 902 3761 ‘rimus’
925 3699 1039 3760 iaciunt
1060 3698 1293 3779 superlatiuum,
1317 3706 1350 3760 ut
1364 3697 1494 3779 pulcher

192 3797 426 3877 pulcherrimus,
458 3800 548 3860 miser
579 3801 777 3870 miserrimus,
811 3821 925 3881 pauper
955 3803 1178 3881 prosperrimus,
1212 3818 1282 3862 acer
1313 3802 1491 3863 acerrimus.

261 4086 429 4157 1Virgilius]
450 4091 516 4140 Aen.
539 4090 565 4139 V
582 4091 632 4139 301
685 4097 783 4138 acceste
851 4087 1022 4139 PScienduur
1041 4088 1155 4156 quoque]
1175 4091 1209 4154 cs.
1222 4092 1306 4141 Prisc.
1324 4090 1342 4140 1
1355 4092 1491 4155 p.93,1o

191 4153 396 4224 lmaiusculus]
415 4161 497 4207 malus
567 4158 688 4217 ddicior,
707 4173 753 4207 om.
772 4157 900 4206 ditissimo
952 4159 1056 4207 stulcior
1125 4159 1250 4209 ’ldictior
1301 4156 1413 4221 attritior]
1431 4158 1490 4209 Ea:-

189 4229 308 4277 ciderunt
325 4233 384 4276 ante
402 4227 449 4277 doc
467 4227 590 4292 prunedum
608 4228 644 4274 ud
657 4226 732 4290 prins
750 4228 891 4290 exemplum
907 4228 1082 4276 illustrandum
1096 4229 1265 4291 pertinentia.
1345 4226 1361 4276 8
1378 4226 1491 4276 Priscia-

191 4293 286 4359 nrrsll
302 4312 331 4359 p.
350 4296 394 4358 86,
413 4299 450 4343 7-
514 4296 545 4343 10
564 4291 697 4343 Diomides
802 4297 830 4342 11
850 4293 954 4356 achilas,
972 4294 1011 4343 dir
1079 4292 1490 4360 fortissimolPrdrc.192,17

192 4367 224 4414 13
242 4367 321 4412 iactor
338 4364 430 4413 dicitur
499 4364 531 4410 14
548 4358 706 4427 Priscianus]
729 4361 858 4425 191,12.
912 4365 943 4412 ln
961 4378 1037 4424 quam
1073 4363 1230 4429 singularem
1301 4365 1333 4413 16
1349 4362 1490 4413 sordssime

190 4442 280 4497 gentes
349 4430 539 4495 sapientissime
624 4432 655 4482 l‘l
675 4426 834 4494 Ciceronem]
852 4430 887 4491 cf.
906 4431 989 4480 Prisc:
1009 4432 1024 4480 I
1041 4447 1068 4495 p.
1086 4435 1128 4494 94,
1147 4436 1181 4482 20
1232 4431 1389 4481 simillimum
1407 4429 1440 4480 de
1457 4444 1488 4480 eo

193 4502 223 4549 19
241 4501 320 4549 icctor
387 4500 421 4548 10
437 4498 530 4562 iopitcr
605 4499 636 4547 11
657 4498 781 4563 Virgilius
799 4496 933 4563 assianus]
953 4500 987 4561 cf.
1006 4500 1040 4551 A.
1060 4501 1118 4550 Mei
1139 4501 1207 4565 Vp.
1226 4501 1279 4549 131
1347 4500 1380 4548 11
1398 4514 1491 4564 super·

190 4568 284 4618 latinus
311 4565 430 4631 omnibus
458 4564 632 4630 superequitat
658 4567 725 4615 sicut
750 4566 875 4632 posiciuus
904 4569 1022 4617 cornibus
1045 4569 1169 4618 subsidet.
1205 4566 1402 4633 Comparatiuus
1421 4566 1491 4617 uelut

133 4661 138 4670 ·
191 4637 317 4696 quaedam
335 4633 404 4683 scala
422 4644 461 4683 cst
477 4632 591 4698 positiuo
609 4633 684 4683 altior
701 4645 726 4684 et
743 4633 899 4700 superlatino
915 4633 1036 4685 humilior
1052 4638 1175 4701 Virgilius
1192 4636 1266 4685 Mcii.
1318 4637 1351 4685 16
1368 4634 1489 4685 humilio·

192 4717 244 4751 rem
262 4703 332 4765 quod
400 4703 432 4751 17
451 4701 541 4763 forme,
560 4700 598 4750 bis
665 4700 824 4768 Priscianus]
845 4703 861 4752 1
877 4721 905 4768 p.
925 4707 967 4767 91,
987 4708 1022 4753 23
1092 4708 1124 4754 18
1142 4705 1193 4753 duo
1274 4706 1307 4754 19
1324 4714 1350 4753 et
1367 4704 1394 4752 iu
1411 4702 1489 4753 fimus

191 4772 224 4819 31
242 4772 268 4819 iu
286 4786 313 4819 er
330 4772 408 4836 igitur
425 4796 458 4805 —
475 4764 624 4832 acerrimus]
642 4770 769 4825 Priscian.
788 4771 803 4820 1
820 4789 848 4837 p.
866 4775 906 4831 95,
927 4778 941 4821 1
993 4776 1024 4822 31
1044 4773 1083 4821 sin
1103 4773 1200 4821 adiecta
1269 4774 1302 4823 31
1320 4771 1489 4836 superlatium

191 4840 225 4891 33
243 4838 386 4888 miserimus
437 4838 603 4906 pauperrimus
654 4840 778 4888 uccrirnus
