3382 5476
696 272 922 347 asarenam,
1397 271 1454 337 101

161 476 304 538 congros:
334 478 393 521 non
422 460 519 522 Coder
546 477 657 539 conger
684 460 768 529 facit,
797 459 851 522 sed
873 457 990 523 Codrus
1012 476 1149 538 congrus.
1194 455 1333 521 Secunda
1354 461 1456 539 regula

161 571 206 624 est
228 563 380 623 nominum
410 563 790 625 secundaedcelinationis
811 564 843 623 in
866 581 900 623 er
927 563 1115 630 exeuntium,
1144 561 1222 622 idest
1249 560 1298 624 illa
1326 565 1455 633 nomina,

159 682 236 744 quae
258 665 381 744 perfer
403 672 454 723 aut
475 684 530 744 per
552 683 605 743 ger
628 666 779 744 conposita
803 665 1007 744 proferuntur,
1031 683 1067 724 ex
1091 663 1192 724 uerbis
1214 662 1328 725 scilicet
1342 665 1406 726 fero
1427 676 1456 726 et

159 783 232 845 gero
254 775 285 827 et
307 766 435 827 diuersis
458 765 629 828 nominibus
651 774 870 846 conponuntur,
901 774 935 828 ut
955 766 1076 827 Lucifer
1098 765 1243 835 Luciferi,
1268 765 1382 845 dapifer
1405 767 1456 828 da·

132 867 263 948 spiferi,
287 866 423 929 fructifer
445 869 605 939 fructiferi,
630 868 751 947 pestifer
772 868 920 947 pestiferi,
950 867 1061 928 aurifer
1083 867 1221 936 auriferi,
1249 868 1357 953 ignifer
1379 870 1455 947 igni·

157 970 228 1040 feri,
259 971 384 1048 signifer
412 971 563 1049 signiferi,
592 969 710 1048 lignifer
731 968 871 1047 ligniferi.
916 969 988 1030 item
1012 971 1131 1047 inger,
1161 975 1193 1028 ut
1214 969 1343 1046 armiger
1365 972 1454 1031 armi·

157 1073 237 1149 geri,
267 1069 392 1150 belliger
420 1070 570 1151 belligeri,
600 1074 739 1150 corniger
767 1072 926 1150 cornigeri.
971 1071 1071 1132 Tertia
1099 1069 1202 1148 regula
1229 1078 1273 1131 est
1301 1073 1453 1133 nominum

158 1172 307 1234 secundae
329 1172 536 1235 declinationis
557 1177 587 1236 in
611 1192 645 1234 er
667 1173 879 1243 desinentium,
903 1171 960 1234 lroc
975 1181 1021 1233 est
1035 1174 1156 1235 nomina
1172 1171 1302 1244 mobilia,
1326 1192 1454 1253 quorum

158 1273 320 1337 masculina
343 1276 373 1336 iu
397 1293 430 1337 er
452 1277 701 1358 terminanturct
722 1274 863 1336 feminina
885 1275 916 1335 in
938 1293 954 1335 a
978 1283 1008 1335 et
1029 1281 1134 1336 neuim
1155 1275 1187 1334 in
1203 1291 1263 1335 um.
1299 1274 1471 1337 Feminiua.

118 1374 207 1436 milla
229 1379 259 1438 in
282 1394 299 1436 a
321 1377 487 1438 desinentia
514 1379 627 1459 primae
655 1385 725 1440 sunt
756 1375 975 1448 declinationis,
1004 1375 1166 1439 masculina
1194 1383 1293 1437 autem
1315 1378 1347 1436 in
1370 1395 1403 1439 er
1425 1385 1455 1438 et

100 1539 104 1547 ,
157 1487 262 1539 neutra
284 1481 315 1539 in
339 1496 388 1539 um
411 1477 517 1562 secuml
532 1480 580 1541 fol.
593 1475 654 1540 98b
669 1475 748 1561 fidae.
764 1477 972 1540 declinationis
994 1485 1079 1548 sunt,
1102 1485 1135 1539 nt
1156 1477 1205 1539 hic
1227 1477 1344 1540 adulter
1366 1477 1454 1542 huius

156 1579 297 1649 adulteri:
321 1582 363 1642 sic
385 1582 470 1660 piger
492 1582 569 1660 pigri
592 1582 675 1660 pigra
698 1581 799 1660 pigrae
821 1582 939 1661 pigrum
962 1581 1055 1659 pigri,
1078 1582 1122 1642 sic
1137 1588 1222 1641 tener
1236 1581 1334 1642 teneri
1348 1587 1452 1643 tenera

156 1688 278 1744 tenerae
308 1692 444 1744 tenerum
472 1684 583 1754 teneri,
615 1683 658 1743 sic
686 1700 812 1762 prosper
844 1700 988 1762 prospera
1021 1701 1215 1763 prosperum,
1249 1700 1334 1744 sacer
1366 1702 1452 1745 sacra

156 1802 288 1857 sacrum,
325 1782 450 1864 pulcher
482 1783 606 1865 pulchra
638 1781 806 1864 pulchrum.
851 1784 925 1845 Item
958 1792 1063 1862 quarta
1095 1784 1198 1863 regula
1226 1792 1270 1845 est
1297 1787 1451 1847 nominum

117 1903 142 1945 u
155 1887 300 1948 secundae
323 1883 528 1947 declinationis
549 1887 578 1946 in
603 1904 635 1947 er
658 1886 881 1948 desinentium
896 1904 973 1964 quae
994 1904 1009 1947 s
1031 1895 1061 1948 et
1082 1893 1095 1948 t
1116 1893 1184 1947 ante
1206 1904 1241 1948 er
1258 1885 1378 1959 habent,
1401 1886 1450 1948 illa

156 1990 275 2049 nomina
297 1987 446 2049 secundae
468 1987 674 2049 declinationis
695 1995 777 2057 sunt,
807 1994 839 2048 ut
861 1995 962 2050 noster
984 1988 1094 2059 nostri,
1124 1995 1223 2049 uester
1246 1991 1348 2050 uestri.
1392 1990 1450 2051 Ex·

155 2090 305 2170 cipiuntur
326 2097 497 2167 campester
511 2091 700 2169 campestris,
724 2088 862 2153 siluester
876 2089 1038 2160 siluestris,
1061 2090 1195 2170 paluster
1209 2088 1357 2168 palustris,
1375 2109 1450 2170 quae

155 2192 258 2254 tertiae
286 2190 491 2253 declinationis
519 2200 603 2262 sunt,
632 2189 703 2254 ficet
723 2211 738 2253 s
761 2199 790 2253 et
811 2199 824 2253 t
845 2190 966 2254 habent.
1010 2192 1048 2252 Ει
1069 2190 1144 2253 haec
1165 2193 1285 2254 nomina
1307 2194 1449 2254 feminina

155 2294 185 2354 iu
207 2295 233 2354 is
256 2301 284 2354 et
305 2301 411 2355 neutra
434 2295 465 2354 in
488 2313 504 2354 e
527 2293 638 2356 faciunt
659 2295 713 2356 ita:
738 2293 786 2355 hic
808 2302 975 2374 campester
997 2293 1071 2355 haec
1093 2295 1268 2375 campestris
1290 2294 1347 2356 hoc
1368 2313 1449 2357 cam·

114 2414 140 2456 ao
154 2402 268 2473 pestre,
299 2395 349 2456 hic
376 2393 514 2456 siluester
541 2395 615 2456 haec
643 2396 789 2458 siluestris
815 2404 846 2457 et
872 2395 930 2458 hoc
956 2394 1110 2466 siluestre,
1139 2395 1188 2456 hic
1214 2395 1347 2475 paluster
1374 2397 1449 2458 haec

153 2494 292 2576 palustris
319 2496 376 2557 hoc
408 2495 549 2577 palustre.
594 2496 846 2576 intellege-ergo,
870 2499 989 2559 nomina
1017 2497 1137 2558 mobilia
1169 2505 1308 2577 quattuor
1336 2497 1448 2560 formas

152 2596 277 2660 habere:
307 2600 403 2678 prima
431 2598 526 2660 forma
554 2597 700 2660 diuiditur
726 2601 758 2660 in
786 2617 822 2660 us
844 2599 875 2660 in
896 2617 913 2659 a
936 2600 966 2660 in
989 2618 1054 2667 um,
1084 2606 1118 2661 ut
1145 2596 1290 2677 gloriosus
1316 2598 1447 2678 gloriosa

151 2697 328 2778 gloriosnm;
361 2700 490 2763 secunda
524 2700 618 2762 forma
645 2699 798 2762 mobilium
826 2702 858 2762 ln
884 2703 1010 2762 arina
1039 2701 1161 2770 inum,
1190 2708 1224 2761 ut
1250 2702 1335 2780 piger
1362 2700 1447 2781 pigra

151 2802 284 2881 pigrum;
319 2804 405 2864 tertia
427 2805 459 2864 in
480 2819 516 2863 er
536 2802 567 2862 in
589 2803 616 2863 is
638 2810 668 2864 et
689 2804 719 2863 in
743 2821 774 2873 e,
808 2809 841 2862 ut
869 2802 918 2864 frio
949 2800 1087 2863 siluester
1117 2802 1191 2864 haec
1217 2800 1361 2864 siluestris
1388 2803 1447 2865 hoc

111 2903 288 2965 assifuestre
310 2951 444 2966 .......
494 2903 570 2964 Sunt
596 2911 692 2965 autem
722 2905 855 2975 nomina,
883 2922 959 2985 quae
986 2905 1098 2965 necin
1127 2911 1220 2965 totum
1247 2905 1303 2966 lixa
1331 2922 1387 2966 nec
1414 2907 1446 2966 in

150 3013 246 3068 totum
270 3005 404 3074 nomilia,
434 3013 467 3066 ut
488 3005 535 3065 feo
558 3003 660 3066 leaena
690 3005 779 3068 draco
802 3005 949 3068 dracaena
971 3004 1065 3084 galfus
1086 3005 1203 3085 gallina.
1249 3008 1281 3069 ln
1303 3008 1331 3069 ir
1352 3025 1445 3070 unum

150 3125 246 3186 genus
272 3109 436 3177 inuenitur,
465 3108 567 3169 uthic
589 3109 636 3167 nir
659 3115 745 3168 etex
774 3125 810 3168 co
838 3110 1005 3188 conposita,
1034 3118 1067 3171 nt
1093 3111 1174 3170 sauir
1201 3110 1279 3171 leuir
1308 3111 1446 3172 triumuir

150 3208 298 3280 duumuir,
327 3217 356 3270 at
385 3229 474 3272 unum
505 3228 613 3272 nomen
641 3209 767 3289 gentile,
803 3217 836 3271 ut
857 3211 965 3272 Treuir
986 3211 1105 3271 Treuiri
1126 3209 1184 3271 hoc
1205 3217 1251 3271 est
1271 3208 1296 3293 †
1317 3209 1367 3273 ifle
1390 3230 1445 3274 uus

149 3313 202 3392 qui
223 3319 323 3373 manet
345 3312 374 3372 in
397 3314 513 3374 treuiri.
557 3311 630 3373 Nam
654 3310 765 3373 Gaddir
787 3319 899 3392 martyr
921 3314 1025 3374 tertiae
1040 3310 1249 3392 declinationis
1263 3320 1340 3373 sunt.
1370 3312 1445 3374 Item

108 3414 184 3483 soir,
208 3413 287 3491 quod
310 3431 419 3474 nomen
442 3433 542 3476 arcum
566 3412 640 3475 caeli
663 3413 822 3492 significat,
845 3415 950 3474 tertiae
972 3412 1176 3475 declinationis
1192 3421 1248 3475 est:
1273 3415 1344 3474 facit
1364 3416 1443 3475 enim

148 3516 258 3577 irfris.
304 3515 346 3576 lle
369 3516 426 3577 hoc
449 3517 568 3577 nomine
595 3514 721 3593 legitur:
758 3518 791 3575 ir
818 3515 914 3577 caeli
943 3512 1142 3577 colorosus
1168 3518 1206 3576 in
1235 3534 1304 3596 quo
1333 3533 1444 3577 arcus

148 3617 339 3681 nimbosus
372 3619 603 3696 distingitur,
647 3616 720 3677 Item
754 3615 833 3677 aliud
864 3614 1030 3695 exemplum
1064 3620 1095 3678 in
1125 3616 1285 3694 Virgilio
1316 3615 1441 3694 legitur:

148 3718 235 3782 irim
263 3721 362 3781 misit
389 3719 431 3780 de
454 3717 557 3781 caelo
580 3718 757 3780 Saturnia
779 3717 881 3779 luno.
925 3717 1048 3797 Legitur
1071 3719 1158 3780 etiam
1181 3727 1211 3780 et
1231 3720 1285 3780 iris
1307 3720 1441 3780 nomina·

146 3822 207 3882 tiuo
235 3840 321 3890 casu,
356 3823 432 3881 sicot
464 3824 494 3881 in
528 3819 767 3901 Apocalypsi:
811 3820 854 3880 Et
881 3821 950 3881 iris
977 3828 1058 3882 erat
1085 3821 1122 3882 in
1144 3822 1308 3883 circuitu
1330 3821 1440 3882 sedis.

107 3922 272 3994 aaQuando
299 3941 370 4001 ergo
393 3924 420 3983 ir
442 3923 641 3984 nominatiuus
664 3929 724 3992 est,
756 3922 894 4001 genetiuo
924 3922 991 3984 facit
1019 3924 1087 3995 iris,
1115 3923 1234 4004 quando
1263 3930 1362 3990 eutem
1389 3924 1443 3984 iris

146 4078 374 4087 ——.-—..

216 4157 340 4224 fCodcr]
360 4161 430 4223 quod
448 4177 475 4210 er
543 4160 636 4211 codros
654 4175 764 4226 congrus
850 4159 1033 4211 tmasoufinia
1085 4159 1112 4209 ia
1129 4175 1147 4209 u
1234 4161 1265 4210 14
1282 4155 1333 4229 est]
1354 4176 1442 4211 eornm

147 4227 179 4278 1⁶
196 4227 339 4278 desinentia
356 4246 382 4309 q:
401 4246 423 4281 s.
443 4240 467 4278 et
485 4241 508 4279 te
526 4240 584 4297 aute
602 4229 695 4279 habeut
748 4230 779 4280 l'i
796 4238 938 4295 campester
956 4244 1002 4279 om.
1057 4226 1172 4294 paluster
1188 4227 1302 4294 paluster
1318 4229 1441 4294 palustris

146 4346 179 4397 18
196 4338 249 4395 hab
302 4313 396 4396 femdda
483 4350 515 4399 23
534 4345 688 4414 gloriosum]
708 4348 773 4399 Post
789 4348 853 4397 daeo
869 4362 951 4413 pruaoe
968 4326 1111 4396 iterantur:
1128 4347 1241 4396 secunda
1257 4346 1341 4397 forma
1358 4349 1441 4400 mobi-

145 4413 206 4462 lium
224 4416 250 4464 ιιι
268 4431 296 4464 er
313 4416 338 4464 in
357 4430 373 4464 a
390 4418 415 4464 in
434 4432 484 4474 um,
505 4428 531 4465 ut
549 4416 680 4481 gloriosus
699 4416 813 4481 gloriosa
831 4415 973 4481 gloriosum
1057 4417 1091 4466 at
1108 4415 1182 4466 tertia
1198 4417 1224 4465 in
1242 4417 1264 4466 is
1344 4417 1378 4468 25
1395 4416 1440 4466 sif-

146 4481 241 4547 uestre]
262 4484 302 4532 ne
320 4491 413 4549 quarta
428 4485 513 4548 forma
529 4487 627 4546 siletur,
647 4501 727 4550 pacare
744 4487 859 4535 lacunam
876 4485 995 4533 indicaui.
1070 4485 1104 4535 26
1121 4484 1177 4534 lena
1228 4484 1339 4534 dracena
1406 4487 1439 4535 27

146 4547 255 4600 biumuir
307 4552 340 4600 28
358 4553 390 4601 ad
410 4567 486 4601 unum
538 4554 571 4602 29
589 4552 694 4617 gradiar
744 4551 915 4604 altitunis
967 4551 1007 4601 lrir
1023 4552 1071 4620 ooli
1089 4550 1229 4620 significat]
1249 4553 1327 4617 Infra
1336 4553 1438 4618 f10⁴⁶

144 4617 210 4668 &aar
227 4623 367 4684 exemplum
384 4623 485 4670 allatam
501 4621 544 4672 illo
562 4620 692 4685 signifieat
709 4627 795 4683 curet,
814 4636 893 4687 quare
911 4621 1071 4672 omittendum
1088 4623 1161 4672 draci.
1225 4636 1289 4687 ager
1306 4622 1438 4672 nimbosus

145 4687 178 4734 32
196 4687 341 4752 exemplum
354 4685 468 4753 uirgilio]
488 4689 554 4741 Aen.
571 4688 599 4738 V
608 4691 657 4738 606
709 4688 834 4741 assirim
870 4690 930 4737 iuna
981 4688 1045 4740 hiric
1063 4683 1182 4740 nomin?
1235 4688 1435 4760 diapocalipsi]

147 4751 192 4802 fV
209 4757 226 4806 3
293 4758 326 4805 35
344 4756 383 4804 lrir
434 4757 495 4805 utris
547 4767 630 4806 autem
649 4756 711 4805 hiris
