3382 5476
675 386 882 432 ...31-

121 557 438 640 manuscriptorum,
461 559 623 642 quotquot
636 556 775 640 Bemae,
797 557 833 622 in
847 557 986 623 Heremo
1002 580 1108 642 saera,
1130 558 1238 625 Turici
1260 560 1429 627 adseruata

123 667 377 753 grammaticum
409 689 486 751 prae
519 690 553 733 se
585 668 697 733 ferunt
728 671 969 754 argumentum,
1002 667 1249 754 descriptionem
1281 671 1426 759 delegaui

124 776 262 860 additis,
285 781 324 841 ut
337 777 517 843 incidebam
532 778 567 843 in
581 800 632 844 res
646 778 801 844 hactenus
815 779 1012 864 incognitus,
1032 780 1099 844 suis
1113 780 1266 865 cuiusque
1281 784 1426 867 opusculi

125 887 299 971 excerptis.
337 887 406 953 lam
425 889 522 954 tertio
544 889 616 955 loco
637 911 706 955 non
727 894 794 954 tam
815 889 987 974 librorum,
1009 911 1106 975 quam
1127 894 1294 956 auctorum
1315 892 1427 959 habito

126 1001 280 1082 respectu
302 1020 341 1062 ee
362 998 493 1085 collegi,
516 1021 599 1084 quae
620 1000 715 1065 certis
730 1004 891 1065 certorum
905 1004 1073 1066 auctorum
1087 1000 1273 1065 nominibus
1288 1002 1429 1088 insignia

127 1109 344 1173 occurrebant
370 1113 427 1174 aut
454 1109 550 1194 plane
577 1131 646 1175 non
672 1111 804 1195 cognita
830 1111 934 1174 adhuc
961 1115 1018 1176 aut
1044 1111 1129 1176 iusto
1156 1111 1291 1176 minoris
1318 1112 1429 1178 habita

127 1219 182 1283 nel
205 1241 321 1303 parum
343 1225 489 1285 accurate
512 1220 680 1305 descripta
725 1218 796 1295 Quo
822 1222 945 1286 factum
972 1225 1034 1305 est,
1064 1225 1114 1304 ut,
1142 1243 1336 1305 quamquam
1361 1244 1429 1288 nou

128 1352 233 1414 pauca
247 1328 362 1395 insunt
374 1330 511 1414 inedita,
526 1331 602 1396 huic
617 1335 702 1396 certe
716 1331 801 1416 parti
815 1331 1183 1415 supplementorum
1198 1333 1315 1418 magis,
1332 1356 1429 1417 quam

129 1439 363 1505 anecdotorum
384 1462 505 1505 nomen
526 1441 724 1507 conueniret.
763 1440 864 1517 Quem
881 1441 1011 1525 quidem
1033 1442 1203 1526 supplendi
1225 1443 1368 1508 laborem
1390 1466 1428 1508 eo
1540 1487 1560 1520 .

44 1556 47 1561 ’
130 1551 240 1614 minus
261 1551 466 1636 respuebam,
493 1555 665 1637 postquam
690 1556 794 1618 totum
817 1551 904 1617 hunc
925 1551 1044 1615 librum
1065 1574 1124 1635 pro
1146 1553 1428 1638 grammaticorum

130 1660 324 1726 Latinorum
346 1684 367 1725 a
387 1660 541 1727 Putschio
563 1662 734 1747 Keilioque
762 1662 921 1728 editorum
951 1661 1174 1745 supplemento
1205 1667 1239 1728 et
1259 1686 1353 1747 posse
1374 1663 1429 1728 ha-

133 1771 204 1835 beri
226 1775 260 1836 et
280 1770 426 1837 habitum
448 1773 488 1837 iri
510 1773 668 1840 uidebam.

217 1880 281 1946 Sed
307 1880 387 1948 haec
415 1883 525 1948 omnia
550 1906 751 1969 summopere
779 1884 891 1949 dubito
919 1905 999 1948 num
1021 1883 1158 1948 feliciter
1179 1884 1283 1968 occipi
1304 1885 1429 1969 riteque

130 1992 244 2077 peragi
272 1993 454 2078 potuerint,
481 1994 545 2059 nisi
573 1995 716 2060 uirorum
745 1995 955 2079 optimorum,
984 1994 1040 2078 qui
1064 1992 1289 2059 Heluetiorum
1316 1995 1430 2061 biblio·

131 2103 236 2167 thecis
257 2108 426 2188 praesunt,
449 2104 635 2171 (lornarii
658 2104 856 2187 Turricensis,
878 2104 1012 2169 Patris
1039 2103 1144 2168 Galli
1172 2104 1333 2170 Morelii
1352 2104 1430 2169 Ein-

131 2212 297 2298 sidlensis,
330 2213 464 2279 Caroli
491 2215 686 2280 Ludouici
718 2216 762 2280 de
790 2215 974 2300 Steigero
1002 2213 1175 2280 Bemensis
1208 2215 1430 2280 beniuolentia

132 2323 380 2409 adfabilitasque
402 2325 472 2389 uias
493 2325 573 2390 mihi
596 2326 636 2391 ad
658 2326 731 2391 illos
752 2326 920 2390 thesauros
941 2325 1152 2409 patefecisset.
1190 2328 1297 2410 Atque
1319 2325 1431 2391 Gallus

132 2433 289 2499 Moralius
312 2455 415 2517 meus,
439 2435 515 2499 ‘iam
537 2436 659 2520 senior,
685 2436 739 2500 sed
761 2436 859 2501 cruda
880 2437 951 2500 uiro
974 2435 1149 2520 uiridisque
1171 2440 1340 2519 senectus',
1362 2459 1430 2500 nou

132 2544 255 2627 solum,
278 2565 350 2610 eum
373 2544 497 2610 duobus
519 2546 637 2611 abhinc
659 2547 753 2611 annis
775 2570 832 2631 per
853 2545 996 2611 triduum
1017 2547 1204 2611 monasterii
1217 2545 1430 2611 Einsidlensis

131 2653 362 2719 bibliothecam
384 2660 615 2740 perscrutarer,
637 2679 761 2721 summo
777 2680 828 2722 me
842 2658 928 2722 fouit
942 2678 1050 2721 amore
1066 2656 1228 2739 effusaque
1242 2661 1430 2739 prosecutus

134 2768 184 2828 est
215 2765 369 2830 librorum
405 2767 749 2832 subministrandorum
782 2767 974 2832 liberalitate
980 2817 990 2850 ,
1023 2765 1094 2849 sed,
1129 2769 1301 2850 postquam
1333 2767 1430 2831 breue

135 2875 215 2939 illud
243 2876 398 2960 temporis
425 2877 564 2961 spatium
592 2879 678 2943 intra
703 2877 833 2942 claustri
861 2881 958 2961 atquc
985 2876 1065 2941 adeo
1091 2876 1280 2941 ‘clausurae'
1302 2878 1431 2942 moenia

135 2990 362 3070 consumptum
385 2987 491 3070 operis
513 2989 652 3073 suscepti
673 2988 910 3074 longitudinem
933 2987 1065 3052 minime
1087 3009 1223 3072 aequare
1246 2988 1351 3052 uisum
1373 2993 1431 3073 est,

134 3096 280 3181 benigne
301 3097 379 3162 satis
406 3099 546 3182 amplam
572 3100 729 3163 librorum
756 3098 1046 3183 manuscriptorum
1074 3099 1355 3183 inpressorumque
1380 3122 1431 3164 co-

134 3207 222 3290 piam
249 3207 283 3271 in
310 3207 394 3272 hanc
422 3209 541 3272 ciuium
570 3208 783 3274 Bemensium
810 3208 916 3273 sedem
944 3209 1033 3273 misit
1060 3207 1169 3273 eadem
1200 3231 1326 3292 semper
1346 3233 1431 3294 ustis,

135 3319 172 3380 nt
193 3316 279 3381 inter
300 3318 435 3401 amicos,
458 3318 485 3383 si
507 3320 645 3384 amicum
666 3319 828 3403 appellare
850 3319 899 3383 fas
922 3322 970 3383 est
985 3318 1091 3383 uirum
1105 3319 1248 3383 humana
1262 3341 1322 3383 nos
1337 3340 1431 3405 gene·

135 3427 261 3491 ratione
283 3427 540 3511 antecedentem,
563 3428 791 3519 iucundissima
812 3429 912 3494 animi
935 3429 1103 3493 suauitate.
1143 3429 1299 3514 Proinde,
1322 3430 1349 3494 si
1371 3431 1431 3494 lar-

135 3537 210 3622 gior
241 3560 299 3622 per
330 3537 390 3603 hos
422 3561 525 3603 annos
556 3540 705 3623 peruenit
734 3540 964 3624 peruenietque
998 3539 1095 3603 etiam
1128 3538 1168 3603 ad
1200 3541 1288 3604 uiros
1320 3540 1431 3604 doctos

135 3647 266 3712 armarii
287 3646 396 3714 Sancti
419 3647 578 3714 Meinradi
605 3649 737 3733 notitia,
766 3671 807 3714 en
833 3650 926 3713 illum
946 3649 1053 3713 uirum
1074 3650 1291 3715 uenerabilem
1312 3649 1431 3715 habeto

136 3760 315 3823 auctoreml

223 3866 285 3933 Sed
309 3869 408 3956 longe
435 3871 575 3936 maxima
601 3871 676 3935 libri
704 3892 777 3953 pars
807 3871 843 3935 in
870 3868 1015 3936 codicum
1037 3869 1250 3935 Bemensium
1277 3871 1432 3935 memoria

137 3978 349 4063 praedicande
363 3984 518 4046 uersatur.
556 3980 627 4057 Qua
640 3982 676 4046 in
690 4003 724 4047 re
738 3982 767 4046 si
781 3981 954 4048 Sinnerum
968 3980 1107 4065 catalogi
1123 3983 1197 4045 ante
1219 3980 1279 4044 hos
1302 3984 1431 4045 centum

137 4111 240 4155 annos
268 4091 483 4157 confectorem
511 4092 624 4157 ducem
651 4094 777 4157 secutus
805 4091 923 4174 forem,
958 4113 1008 4155 res
1041 4091 1121 4174 quin
1147 4090 1253 4154 minus
1280 4113 1431 4175 prospere

138 4222 325 4285 processura
346 4201 458 4286 fuerit,
480 4202 589 4268 nullus
612 4200 739 4285 dubito,
761 4206 932 4287 propterea
953 4201 1040 4285 quod
1058 4200 1097 4266 ad
1111 4223 1233 4265 nouum
1247 4199 1431 4286 catalogum

138 4311 371 4391 conficiendum
393 4312 529 4398 singulis
551 4335 590 4377 ex
612 4311 724 4377 ordine
745 4312 837 4377 libris
859 4311 1008 4396 deinceps
1030 4311 1168 4376 euolutis
1183 4311 1285 4376 multa
1299 4311 1432 4375 inuenta

137 4426 227 4507 sunt,
254 4443 337 4506 quae
365 4421 458 4486 illum
483 4443 616 4506 prorsus
637 4423 803 4509 fugerant,
831 4422 887 4505 qui
909 4443 950 4486 ne
972 4421 1172 4507 singularum
1194 4420 1323 4505 quidem
1345 4420 1432 4485 sche-

137 4531 263 4616 darum',
293 4553 428 4616 quarum
453 4551 572 4618 magna
593 4533 687 4618 copia
708 4537 772 4616 est,
799 4532 898 4597 ullam
920 4533 1053 4597 omnino
1075 4530 1273 4596 mentionem
1294 4529 1431 4594 fecisset.

137 4641 224 4720 Quae
250 4664 357 4727 neque
385 4642 569 4708 retexissem
597 4664 702 4728 neque
729 4643 811 4708 iuste
833 4664 1019 4728 percensere
1041 4645 1137 4726 atque
1159 4642 1352 4725 pertractare
1375 4659 1431 4722 po·

136 4756 284 4838 tuissem,
314 4753 377 4819 nisi
399 4751 607 4839 Steigerus
635 4751 696 4818 uir'
712 4753 831 4818 nobilis
858 4757 954 4838 atque
982 4753 1082 4818 comis
1104 4750 1259 4836 singulari
1282 4770 1358 4835 erga
1381 4772 1431 4815 me
