3382 5476
193 362 252 411 mv
576 344 828 408 ovtesmonss
848 304 1112 397 1111111111

192 541 306 597 metica
329 539 530 613 conporntine
555 539 690 611 opilari·
717 535 765 595 Sic
795 543 823 594 et
852 532 924 595 illud
953 552 1070 615 quoque
1099 534 1179 614 quod
1208 541 1310 596 contra
1339 533 1481 596 lulianum

193 639 266 699 dixit
288 638 447 699 Sanctus
469 639 698 716 Augustinus
728 617 938 716 (arigiicoap
967 637 1073 697 ‘llira
1104 645 1189 695 suut
1216 655 1308 716 quae
1336 635 1480 704 dicitis,

193 759 288 802 troua
310 750 396 800 sunt
419 758 512 819 quae
536 739 682 809 dicitis,
713 737 803 799 lalsa
832 747 917 800 suut
944 756 1035 818 quae
1064 737 1210 806 dicitis,
1240 741 1332 798 mira
1354 748 1482 818 stupc-

193 862 283 911 mus,
307 860 401 903 noua
425 859 611 910 canemus,
642 839 733 900 lalsa
757 841 1035 907 conuincimos‚
1060 842 1100 900 ita
1124 840 1272 901 transtulit
1293 841 1483 919 interpres

192 947 356 1006 Graecos
377 945 553 1022 (intrespres
575 943 707 1018 grecusl:
737 942 845 1002 ‘llirae
869 950 938 1003 sunt
960 961 1032 1021 quas
1055 940 1166 1009 dicitis,
1196 959 1291 1002 nouae
1318 950 1388 1002 sunt
1410 960 1484 1021 quas

192 1047 305 1113 dicitis,
336 1044 426 1106 salsae
449 1054 517 1106 sunt
539 1063 611 1124 quas
640 1043 751 1113 dicitis,
783 1046 873 1105 miras
901 1051 1067 1123 stupemus,
1096 1061 1188 1104 nouas
1215 1061 1369 1112 canemus,
1398 1041 1484 1104 lalsas

193 1149 419 1210 conuincimus'.

277 1250 297 1310 l.
323 1246 382 1310 14⁸
404 1249 484 1309 Licet
507 1247 674 1308 Donatus
697 1247 787 1308 dicat:
818 1256 1015 1328 separatae
1039 1248 1352 1332 praepositiones
1375 1265 1484 1327 sepa·

192 1355 287 1413 ratis
310 1348 663 1432 praepositionibus
686 1366 755 1410 non
778 1349 983 1411 cohaerent
1005 1348 1136 1426 (eolre-l,
1160 1349 1259 1410 diuina
1283 1358 1380 1410 tamen
1404 1349 1483 1410 Seri·

192 1463 278 1534 ptura
302 1461 484 1532 postponens
512 1450 580 1512 talia
609 1450 785 1531 plerumque
814 1453 1027 1531 praepositioni
1054 1453 1302 1531 praepositionem
1325 1453 1427 1530 iungit,
1452 1460 1485 1511 nt

193 1554 345 1616 estillud:
370 1557 542 1614 ‘mitreus
565 1551 694 1631 desuper
717 1562 826 1613 terram
856 1555 964 1633 eripias
987 1556 1044 1613 me'
1076 1561 1118 1612 et:
1150 1553 1257 1614 ‘desub
1279 1554 1363 1615 cuius
1385 1554 1483 1632 pede’,

192 1655 342 1718 similiter:
367 1655 482 1734 ‘depost
504 1655 639 1717 letantcs'
665 1655 823 1734 (letantes).
846 1655 997 1716 liecenseo
1013 1654 1116 1716 babuit
1131 1657 1296 1732 antiquitus
1318 1656 1377 1716 duo
1399 1675 1485 1735 prae·

193 1761 277 1819 terite
309 1758 412 1838 (pre-l
436 1758 624 1817 ‘recenseui’
650 1765 678 1817 et
700 1757 884 1823 ‘recensui'.
913 1759 989 1818 sicut
1016 1757 1129 1818 scilicet
1160 1757 1282 1818 ‘aboleo
1311 1756 1429 1818 aboleni
1456 1767 1486 1818 et

193 1859 319 1921 abolui’:
345 1880 360 1920 a
384 1877 525 1920 recenseo
548 1861 692 1921 remansit
714 1861 920 1932 ‘recensetum
945 1868 977 1919 ut
999 1858 1036 1919 ab
1052 1857 1130 1919 oleui
1153 1857 1320 1929 ‘aboletus',
1343 1860 1387 1934 cf.
1404 1861 1484 1921 Bon.

188 1982 222 2043 p.
248 1969 312 2036 391,
339 1969 373 2021 11
394 1970 422 2021 11
445 1964 482 2021 de
498 1965 658 2036 postremis
674 1978 709 2036 p.
736 1966 801 2034 180,
829 1967 872 2021 11.
898 1968 941 2020 13.

276 2066 457 2125 Posteriores
478 2070 628 2124 tractatos
649 2064 726 2123 lineo
747 2072 832 2122 sent:

276 2167 295 2226 1.
319 2162 381 2228 631¹
410 2165 543 2245 Hymnus
572 2163 696 2244 (ymnus)
726 2163 775 2223 ille
803 2165 856 2224 iste
885 2164 1039 2224 confessor
1071 2164 1108 2224 de
1137 2163 1236 2225 moltis
1264 2164 1485 2227 confessoribus

192 2278 270 2330 totus
292 2267 411 2346 placere
434 2266 537 2336 debet;
562 2274 704 2327 attamen
721 2264 756 2325 de
773 2264 921 2326 nonnullis
937 2283 995 2326 uon
1018 2266 1156 2326 inmerito
1179 2285 1284 2328 uersus
1299 2266 1347 2328 ille
1362 2278 1485 2347 propter

192 2371 382 2432 uiolatiouenr
406 2369 539 2429 ueritatis
560 2375 638 2429 totus
661 2365 797 2446 displicet
818 2364 841 2448 †
864 2366 899 2426 ad
922 2385 1038 2427 sacrum
1061 2371 1162 2435 cuius:
1187 2369 1234 2428 111
1259 2369 1335 2429 enim
1359 2370 1395 2430 de
1418 2372 1485 2450 qni-

192 2472 314 2534 busdam
338 2473 369 2532 ut
392 2473 421 2532 in
445 2489 522 2531 anno
545 2469 621 2550 qtrod
646 2471 675 2530 in
700 2465 735 2530 eo
757 2468 931 2549 perhibetur
954 2469 1134 2548 frequenter.
1173 2470 1264 2549 lgitur
1286 2480 1336 2532 aut
1358 2472 1395 2533 de
1418 2473 1484 2534 tali·

191 2575 247 2636 bus
273 2575 322 2635 illo
354 2592 460 2635 uersus
488 2572 667 2634 omittendus
696 2581 739 2632 est
767 2573 897 2653 penitus,
929 2579 978 2634 aul
1000 2571 1159 2632 dicendum
1181 2571 1270 2632 corda
1294 2572 1485 2652 languentum

192 2676 419 2756 (languentium)
444 2682 494 2734 aut
515 2673 688 2754 spiritaliter
712 2681 756 2734 est
778 2673 814 2733 de
840 2671 983 2734 membris
1006 2682 1071 2742 ete..
1095 2675 1138 2746 cs.
1157 2693 1192 2751 p.
1219 2682 1284 2750 183,
1311 2684 1357 2737 17.

276 2779 293 2839 l.
318 2775 378 2839 66³
402 2777 550 2838 lietuebat
573 2776 705 2836 Herodes
728 2775 887 2835 lobaunem
908 2772 932 2833 1.
957 2774 1485 2841 11111111111111111[1111111111

192 2900 299 2942 nomen
325 2883 388 2940 eius
412 2878 450 2939 ob
475 2880 598 2955 iusignia
615 2880 775 2937 uirtutum:
797 2887 954 2956 propterea
975 2876 1133 2938 serebatur
1148 2875 1256 2959 illum].
1296 2879 1402 2941 Nescio
1419 2883 1486 2959 quis

192 2986 279 3044 istum
303 2999 421 3043 uersum
447 2981 565 3048 lecerit,
594 2981 655 3038 scio
680 2989 791 3047 tamen,
823 2978 899 3055 quod
930 2978 1056 3039 Sanctus
1079 2977 1222 3040 lohannes
1245 2983 1372 3059 iusignia
1396 2985 1485 3043 mira-

192 3085 326 3145 culorum
356 3100 414 3143 non
444 3082 549 3159 egerit.
595 3080 712 3141 Nullum
749 3082 827 3139 euim
861 3079 988 3140 debilem
1017 3083 1205 3142 infirmumue
1240 3085 1354 3144 curauit
1388 3102 1485 3162 neque

192 3185 387 3266 corporaliter
409 3183 536 3263 aliquem
560 3185 689 3251 sanauit,
717 3180 894 3261 spiritalium
923 3190 1020 3243 tarnen
1051 3183 1191 3243 uirtutum
1215 3185 1344 3244 elllcacia
1373 3187 1483 3298 (etia)

191 3291 350 3369 praecipue
373 3289 460 3348 nituit
481 3294 568 3365 atque
591 3284 723 3345 radiauit.

278 3390 296 3449 l.
321 3387 382 3450 'lli
406 3393 458 3461 (de
480 3391 610 3449 dictione
633 3388 726 3448 ‘uenit
749 3391 779 3447 in
801 3389 938 3447 mentem’
963 3391 1098 3463 epitom:
1127 3387 1211 3458 Quod
1241 3395 1270 3448 et
1297 3389 1393 3467 ipsum
1421 3389 1483 3451 sole

193 3493 301 3553 clarius
331 3494 358 3552 iu
389 3491 481 3551 uerbo
511 3492 640 3550 ‘miror’
666 3490 780 3567 (utinm
808 3488 911 3568 coel),
939 3487 1016 3567 quod
1046 3491 1145 3568 posuit
1173 3491 1237 3568 ipse
1266 3488 1483 3553 Priscianus

193 3596 260 3673 (ipsi
283 3596 426 3674 priuauos
448 3591 543 3670 cod),
573 3609 753 3670 cognoscere
776 3608 947 3668 possumus:
978 3592 1018 3650 ait
1047 3593 1123 3653 enim
1146 3590 1251 3651 ‘miror
1275 3591 1382 3670 (minor
1403 3595 1484 3671 cod.)

193 3695 286 3756 illum’
312 3706 341 3757 et
363 3693 461 3755 ‘illius'
487 3705 516 3755 et
538 3692 622 3763 ‘illo’,
647 3702 692 3754 nt:

659 3810 787 3873 llolem
811 3813 996 3872 mirantur

194 3901 325 3983 (miranti
346 3901 427 3974 cod.)
451 3907 492 3959 et:

306 4001 507 4062 lustitlaue
531 4001 635 4079 prius
658 3998 735 4079 (plus
755 3998 833 4077 eod.)
858 4001 972 4060 mirer
996 3998 1135 4060 belline
1158 3999 1326 4061 laborum
1349 4035 1391 4044 —
1471 4010 1475 4017 ·

193 4105 252 4178 (cs.
277 4106 373 4164 Prisc.
399 4105 486 4183 Hp.
511 4108 580 4177 319,
606 4107 718 4170 1-13;
749 4102 837 4177 Verp.
862 4102 1073 4178 Ι111.ΙῙ,32;
1094 4103 1153 4176 XI,
1174 4107 1243 4178 12⁶)
1268 4105 1373 4164 ‘miror
1389 4104 1484 4166 illnm’

193 4205 306 4289 (minor
327 4206 406 4283 coti.)
430 4206 529 4284 posuit
550 4203 678 4282 proprie,
705 4205 810 4262 ‘miror
832 4202 921 4262 illius'
952 4203 1085 4280 figurate.
1130 4204 1243 4264 ‘lliror'
1269 4223 1386 4285 quoque
1410 4205 1483 4266 ‘illo’

194 4308 338 4376 resolute‚'
356 4306 433 4367 uude
455 4304 478 4388 †
501 4323 614 4383 uegens
638 4304 832 4382 (genetiuosi)
857 4303 906 4365 ille
928 4324 983 4383 pro
1007 4306 1188 4366 nominatiuo
1212 4315 1271 4367 stat
1291 4307 1368 4387 apud
1392 4308 1484 4369 Boe·

194 4413 282 4472 tium
308 4408 445 4489 (boetiam
462 4407 541 4488 cod.)
566 4410 646 4466 iusta
671 4405 858 4466 traditionem
876 4406 1127 4482 (iuxtraditiouern
1144 4411 1222 4486 cod.)
1247 4412 1379 4470 omnium
1396 4409 1485 4473 huius

194 4514 336 4592 temporis
365 4511 455 4587 {omni
482 4510 560 4570 huuc
596 4511 738 4587 temporis
765 4507 849 4586 cod.)
885 4506 1051 4569 hominurn:
1086 4513 1146 4570 ‘nti
1178 4529 1259 4571 nunc
1288 4513 1396 4573 incutis
1423 4516 1484 4574 es'.

194 4617 282 4675 diunt
305 4614 382 4675 enim
407 4611 488 4672 uelut
511 4619 707 4689 exponentes:
736 4613 792 4671 ‘uti
816 4629 894 4671 nuuc
917 4629 1031 4671 memor
1053 4616 1108 4687 es'‚
1132 4630 1198 4674 eum
1223 4615 1260 4673 sit
1282 4612 1483 4677 solummodo:

193 4716 247 4776 ‘uti
275 4734 352 4776 nunc
380 4721 509 4775 mentem
539 4711 655 4787 babes'‚
692 4721 724 4772 11
751 4712 838 4773 illud:
869 4713 931 4790 ‘qui
960 4715 1068 4774 mentis
1097 4722 1140 4773 est
1167 4712 1190 4794 †
1218 4714 1277 4775 duo
1305 4724 1426 4777 corruet
1452 4718 1482 4777 11

194 4815 326 4878 rnalum’.
