3382 5476
628 387 667 438 m
685 386 770 438 nott.
789 387 916 439 ternu
933 387 1113 439 untertana.
1461 385 1526 450 245

232 577 299 656 quia
324 576 445 637 Graecis
467 574 630 636 scribebat:
663 574 769 635 Graeci
791 573 870 635 euim
893 592 952 635 uon
976 574 1088 636 babent
1117 574 1296 644 ablatiuum‚
1325 575 1377 638 sed
1406 593 1461 656 pro
1490 594 1525 637 eo

232 685 357 739 utuntur
383 678 532 755 genetiuo.
579 677 708 736 Donatus
735 694 823 745 uero,
853 678 920 756 quia
942 677 1056 737 Latinis
1077 676 1241 747 scribebat,
1265 697 1320 756 per
1345 676 1524 746 ablatioumt

232 783 297 860 ipse
325 781 405 839 enim
435 780 573 856 proprius
600 785 645 839 est
672 777 808 847 Latinus,
839 778 918 838 uode
941 787 971 840 et
991 778 1113 838 Latinus
1136 788 1267 841 uocatur.
1313 779 1612 849 llumtaxat,tra,t

232 880 407 942 adtterbium
431 888 476 939 est
498 879 662 940 affirmandi
679 887 706 940 et
723 880 869 957 significat
892 878 1129 940 tantummodo.
1176 879 1438 959 Quaecumque
1461 889 1615 943 [ιο-ΜΗ

205 985 339 1043 nmina.
384 981 528 1059 Superius
550 980 683 1057 dixerat,
711 983 809 1041 carnia
839 983 958 1041 nomina
986 982 1118 1060 quinque
1145 980 1298 1042 uocalibus
1319 984 1473 1045 terminari
1495 985 1526 1044 in

231 1084 361 1148 ablatiuo
390 1101 459 1146 casu
487 1081 644 1159 singulari,
678 1084 709 1142 io
739 1081 797 1143 illis
826 1083 979 1151 uidelicet,
1014 1100 1088 1159 quae
1118 1101 1177 1143 oon
1206 1092 1276 1143 suot
1303 1091 1401 1163 aptota
1430 1085 1449 1144 i·
1479 1087 1525 1145 io-

231 1185 374 1253 casualia;
398 1183 487 1245 modo
510 1183 597 1244 docet
618 1183 655 1244 de
678 1185 773 1264 prima
797 1183 1003 1252 declinatione,
1027 1203 1104 1262 quae
1121 1187 1151 1244 in
1167 1204 1182 1245 a
1199 1187 1339 1246 terminat
1353 1184 1525 1256 ablatiuum,

231 1291 402 1369 genetiuum
425 1284 571 1367 pluralem
593 1287 623 1345 in
647 1304 714 1347 rum
744 1334 750 1346 .
786 1334 792 1346 .
829 1333 835 1346 .
871 1333 877 1346 .
914 1333 920 1346 .
949 1334 955 1346 .
984 1332 991 1345 .
1020 1332 1026 1345 .
1062 1333 1069 1346 .
1098 1288 1252 1356 conuenit,
1276 1296 1308 1348 ut
1330 1286 1525 1363 declinentur,

122 1448 134 1459 ,
231 1394 249 1451 i.
274 1389 472 1457 inflectantur,
496 1387 640 1467 quaedam
663 1389 782 1448 nomina
806 1395 909 1449 contra
932 1386 1009 1447 banc
1031 1387 1165 1464 regulam
1195 1435 1202 1448 .
1238 1437 1245 1448 .
1280 1435 1287 1450 .
1323 1437 1329 1449 .
1364 1437 1371 1450 .
1407 1436 1413 1449 .
1442 1437 1449 1450 .
1478 1436 1484 1451 .

195 1509 220 1546 10
240 1535 1520 1553 ...............................

231 1594 282 1653 Ab
306 1593 372 1653 boc
396 1590 639 1660 uaseborum
663 1608 835 1651 uasorum
859 1590 971 1650 biset
995 1588 1279 1652 abhisuasis.
1316 1640 1322 1653 .
1358 1641 1364 1653 .
1401 1640 1407 1653 ,
1443 1603 1629 1654 .„tta,tt

232 1690 356 1775 ll168ll
381 1694 493 1771 antiqui
516 1691 677 1753 secundum
701 1693 849 1753 secundae
871 1690 1076 1752 declinationis
1098 1691 1234 1753 ordinem
1264 1689 1469 1771 proterebant,
1492 1701 1526 1755 ut

232 1798 288 1858 boc
310 1814 415 1858 uasum
439 1796 518 1863 uasi,
547 1796 625 1855 sicut
652 1793 794 1872 templum
823 1793 940 1874 templi,
970 1801 1000 1853 et
1026 1792 1096 1853 indo
1124 1803 1333 1856 remanserunt
1360 1795 1409 1856 isti
1430 1814 1525 1858 casus.
1605 1861 1610 1887 ι

231 1900 288 1960 Vas
315 1895 454 1976 generale
482 1914 590 1957 nomen
620 1904 679 1965 est,
712 1905 757 1956 ut:
788 1895 909 1974 Super
938 1897 1057 1957 omnia
1093 1914 1181 1957 uasa
1211 1896 1394 1957 utensilia
1423 1906 1525 1958 scuta

193 2016 322 2062 ¹⁵uasa
347 1996 485 2059 bellica
508 1998 653 2057 dentur.
698 1998 734 2058 Si
758 2016 774 2056 e
796 1997 996 2076 producta,
1021 1999 1057 2057 io
1080 2014 1170 2060 rum.
1208 1996 1262 2058 llic
1278 2001 1371 2077 tangit
1394 2001 1526 2077 quintam
1539 2014 1589 2062 aaa,
1603 2014 1628 2056 u

232 2101 471 2164 declinationem.
517 2098 613 2160 llaec
640 2099 770 2176 regula
799 2107 964 2177 putatur,
997 2100 1017 2157 i·
1041 2097 1211 2167 arbitratur,
1243 2118 1326 2161 esse
1355 2102 1628 2165 tamnominati

231 2204 393 2283 generis.
438 2200 561 2261 Nomina
585 2201 705 2280 quintae
728 2198 934 2261 declinationis
957 2200 1090 2260 feminini
1111 2201 1231 2278 generis
1253 2208 1323 2262 sunt
1338 2211 1462 2281 excepto
1478 2201 1526 2264 die

232 2314 261 2367 et
289 2304 423 2365 meridie.
470 2302 551 2362 Vnde
579 2301 729 2379 quidam
759 2301 916 2372 dixerunt,
945 2320 1009 2363 eam
1047 2304 1251 2382 exceptionem
1280 2322 1296 2363 a
1325 2303 1420 2381 prima
1448 2322 1524 2369 esse.

232 2405 370 2473 Cladis,
401 2406 509 2466 dicitur
539 2402 705 2482 pestilentia
735 2401 782 2463 uel
806 2403 983 2471 mortalitas,
1014 2401 1083 2463 inde
1105 2405 1220 2482 gladius
1242 2407 1327 2481 quasi
1350 2404 1486 2466 ‘eladius’
1509 2421 1628 2470 aarum

192 2525 218 2564 ιο
231 2509 331 2579 clade,
355 2526 442 2588 quarn
465 2506 544 2567 lacit.
590 2505 732 2574 Restis,
756 2514 801 2564 est
823 2505 974 2566 uinculum
992 2524 1007 2566 a
1022 2505 1180 2566 retinendo
1203 2505 1280 2566 dicta
1303 2506 1350 2568 uel
1371 2516 1524 2574 aretorta.
1538 2522 1627 2572 attat

231 2611 313 2672 Licet
334 2611 482 2689 ‘puppim'
505 2609 631 2669 ‘nanim’
654 2605 860 2668 debuissemus
882 2606 996 2675 dicere,
1019 2615 1116 2667 tantm
1141 2610 1304 2688 ‘puppem'
1328 2609 1472 2670 ‘nauem’
1496 2618 1526 2671 et

231 2721 329 2775 cetera
345 2711 472 2771 dicimus
488 2708 535 2770 uel
551 2708 742 2790 proferimus.
778 2707 1035 2786 Quaecumque
1058 2710 1204 2770 nomina
1225 2709 1397 2771 olittera.
1435 2710 1587 2778 blodotta,
1600 2728 1626 2769 ao

231 2813 268 2875 de
283 2811 412 2875 secunda
428 2811 625 2873 declinatione
641 2810 728 2871 docet
743 2811 895 2888 magister.
921 2809 1029 2872 Contra
1045 2810 1121 2871 banc
1137 2809 1268 2889 regulam
1285 2812 1428 2891 quaedam
1444 2821 1523 2884 sunt,

229 2919 299 2996 quia
323 2933 381 2976 noo
405 2916 516 2976 iaciunt
538 2914 660 2974 ‘domis’
683 2913 830 2990 ingeris.
870 2912 979 2974 Domus
995 2920 1025 2973 et
1040 2911 1189 2973 secundae
1205 2922 1235 2975 et
1249 2922 1372 2990 quartae
1388 2922 1435 2977 eat
1450 2922 1479 2977 et
1492 2917 1523 2977 in

192 3025 356 3096 contraque
379 3014 539 3076 ‘domibus'
563 3016 641 3076 iacit.
686 3014 890 3075 Terentius
913 3014 1116 3076 desecanda:

448 3118 550 3178 [lomi
572 3118 722 3195 locique
745 3116 799 3176 iac
822 3117 993 3177 uicissim
1017 3127 1053 3178 ut
1076 3119 1297 3180 memineris.

230 3220 374 3284 Similiter
390 3229 508 3281 ueteres
523 3220 621 3296 ‘inger
635 3219 758 3296 iugeris'
782 3225 812 3278 et
832 3220 981 3295 ‘iugerum
1004 3220 1121 3296 iugeri'.
1167 3219 1305 3298 luperam
1329 3228 1374 3279 est
1395 3221 1524 3299 spatium

229 3333 343 3392 terrae,
379 3329 523 3401 quantum
553 3338 607 3399 par
637 3318 725 3380 boum
755 3337 840 3380 arare
870 3320 899 3380 io
928 3319 976 3381 die
1011 3330 1142 3400 possunt.
1197 3323 1343 3390 Verum,
1373 3339 1429 3400 pro
1459 3321 1522 3388 sed.

229 3425 527 3489 Meminerimus,
563 3424 589 3481 i·
621 3419 824 3484 recordemur.
879 3421 916 3482 lo
955 3421 1203 3489 dictionibus,
1248 3423 1273 3480 i·
1307 3423 1338 3481 iu
1376 3421 1647 3500 partibus.srs,a.t

190 3527 478 3606 sicophantam,
506 3525 532 3583 i·
562 3524 669 3583 bonam
696 3524 896 3584 sonoritatem.
948 3521 1060 3593 Quam
1090 3523 1312 3599 analogiam,
1342 3525 1367 3583 i·
1397 3541 1522 3603 propor-

230 3630 348 3691 tionem.
399 3627 441 3687 Et
469 3632 758 3705 praeceptorum
786 3623 963 3701 regulam.
1014 3625 1246 3703 Praeceptorum
1274 3624 1375 3703 regula
1404 3635 1463 3693 cst,
1491 3631 1524 3687 ut

229 3730 398 3792 diceremus
420 3727 467 3788 bis
489 3726 608 3788 ‘domis'
632 3733 662 3788 et
683 3727 832 3804 ingeris,
856 3726 908 3787 sed
931 3728 998 3805 quia
1023 3727 1169 3805 euphonia
1192 3725 1260 3806 plus
1282 3725 1373 3796 ualet,
1398 3726 1523 3789 dicimus

229 3831 276 3892 bis
290 3830 450 3893 ‘domibus'
467 3838 497 3888 et
512 3827 698 3907 unguibus&
717 3862 752 3871 -
777 3826 930 3890 ‘Artubus’
948 3829 1124 3890 necessitate
1140 3828 1280 3899 dicimus,
1297 3831 1382 3908 quia,
1404 3831 1428 3890 si
1444 3828 1522 3890 dice·
1536 3847 1565 3892 a.
1577 3849 1648 3901 art,a

228 3952 330 3995 remus
352 3930 511 4000 ‘artibus',
534 3931 688 3992 uideretur
711 3929 894 3991 descendere
917 3929 955 3989 ab
973 3949 1008 3990 eo
1031 3932 1164 4001 nomine,
1194 3930 1274 4011 quod
1303 3939 1416 3992 estare
1438 3931 1522 3991 artis:

295 4138 312 4187 8
330 4137 394 4187 Post
411 4134 534 4200 pluralem
552 4136 577 4182 iu
597 4149 653 4182 rom
671 4136 720 4185 duo
736 4134 795 4197 sere
812 4133 936 4184 wcobulc
953 4140 1122 4193 monuerunt,
1141 4134 1204 4195 fort.
1224 4133 1306 4182 mittit
1327 4147 1431 4181 necesse
1448 4142 1488 4183 est
1504 4133 1521 4182 i.

228 4207 244 4255 9
263 4205 392 4254 inllectaut
448 4203 511 4254 Post
529 4201 643 4268 regulam
661 4204 759 4267 aliqatot
775 4204 857 4252 lineae
873 4203 1010 4266 putredine
1028 4202 1158 4250 extinctae
1174 4206 1248 4257 contr
1266 4202 1324 4250 item
1341 4203 1443 4250 litterae
1460 4217 1522 4250 non·

228 4275 311 4322 nullae
327 4279 388 4338 post
406 4271 476 4321 uasis
494 4286 570 4321 amsa
587 4272 710 4335 sequenti.
781 4273 810 4319 11
830 4271 862 4319 ab
881 4269 921 4318 hia
940 4264 1090 4333 uasis...]
1112 4268 1170 4316 ldeo
1188 4267 1237 4316 boc
1256 4267 1284 4317 lit
1301 4269 1362 4330 quia
1380 4269 1521 4330 antiquitus

228 4340 339 4390 secunde
361 4339 540 4389 declinationis
563 4337 703 4388 secuudum
726 4338 839 4387 ordinem
858 4335 1022 4403 proferebant
1039 4336 1164 4400 Iletaipiaa
1181 4337 1238 4386 cod.
1257 4335 1339 4386 Bern.
1358 4336 1448 4399 386s.
1468 4332 1521 4386 30t

229 4410 261 4457 14
280 4422 330 4457 non
349 4404 399 4472 est]
420 4422 511 4456 nomeu
530 4417 570 4456 est
587 4421 665 4471 super
677 4430 711 4439 -
723 4406 811 4455 bellica
829 4406 947 4455 dictantur
965 4404 1093 4469 Remipiue
1111 4403 1191 4454 Bern.
1211 4406 1227 4456 l.
1246 4406 1263 4454 t.
1332 4401 1519 4470 iblereutius]

229 4475 297 4526 Ean.
309 4476 327 4525 1
331 4475 355 4525 V
368 4479 391 4535 7,
403 4477 436 4525 ts
505 4477 537 4525 29
556 4471 761 4539 meminerimus]
780 4474 815 4536 cs.
834 4475 900 4524 Dan.
916 4488 943 4537 p.
964 4475 1024 4534 379,
1043 4474 1060 4520 2
1077 4487 1132 4522 citra
1148 4473 1237 4523 adnot.
1255 4471 1337 4522 Keilii

227 4660 274 4710 per
286 4645 423 4695 ablatiouna
437 4659 524 4694 casum
538 4642 720 4694 declinationes
734 4642 815 4693 uoluit
827 4640 961 4691 ostendere
972 4650 999 4691 et
1010 4655 1062 4690 non
1075 4655 1121 4759 pler
1133 4641 1274 4707 genitiuum
1286 4650 1314 4690 ut
1324 4640 1520 4701 Priscianus,

227 4714 274 4762 sed
290 4713 438 4763 Priscianus
457 4712 566 4762 Graecos
591 4712 702 4760 imitatus
726 4723 764 4759 est
786 4712 829 4773 qui
848 4708 987 4759 ablatiuum
1006 4723 1057 4758 non
1098 4709 1186 4769 abent,
1210 4709 1255 4759 sed
1278 4723 1324 4774 pro
1344 4708 1387 4758 illo
1406 4709 1521 4773 genitiuo

227 4791 341 4840 utuntur,
359 4780 476 4830 Donatus
495 4796 555 4829 uero
574 4781 635 4842 quia
653 4778 751 4828 Latinis
769 4777 907 4841 scribebat,
926 4791 977 4826 non
995 4792 1042 4843 per
1062 4778 1222 4844 genetiuum,
1245 4777 1291 4827 sed
1313 4792 1360 4843 per
1381 4777 1521 4828 abiaticum

226 4863 289 4898 suas
306 4849 488 4899 declinationes
507 4848 626 4899 ostendit.

1356 4994 1375 5023 O
