3382 5476
193 324 255 389 120
712 326 781 378 ARS
801 326 977 379 ANONYMA

289 516 319 575 in
337 513 380 588 lis,
398 523 428 576 nt
450 511 583 594 supellex
606 513 815 594 supellectilia
839 514 868 573 in
892 517 948 585 uis,
972 523 1006 576 nt
1027 516 1078 576 nix
1101 516 1191 586 niuis:
1214 519 1247 579 s'rt
1267 521 1325 587 rtis,
1347 526 1383 579 ut
1402 536 1499 581 senex

99 657 104 665 -
191 617 282 677 senis.
327 615 400 678 ltem
422 618 452 676 in
475 616 525 684 tis,
549 624 582 676 nt
604 634 662 691 nox
686 618 789 677 noctis.

276 717 309 778 ln
340 736 356 779 c
386 736 479 778 unum
513 734 619 779 nomen
654 725 791 778 nentrum
826 718 991 788 inuenitur,
1022 729 1055 781 ut
1083 718 1127 781 lac
1155 719 1248 783 lactis.
1299 720 1496 785 Claudius:

191 837 336 880 cunum
361 837 491 880 nomen
514 826 646 880 eontra
675 816 841 896 regulam
868 819 1075 898 euphoniae
1098 839 1209 883 causa
1232 817 1496 893 terminatum.

191 927 229 981 nt
261 918 331 990 lac,
365 920 461 997 qnod
496 920 641 1001 quidam
680 921 793 981 nimia
831 922 1053 999 quaestione
1087 932 1367 993 tractauerunt;
1414 942 1523 986 name

192 1023 366 1101 plerique
389 1031 625 1102 putauerunt
646 1019 745 1082 ‘lact’
768 1021 845 1082 dici
868 1022 1015 1083 adiecta
1038 1034 1059 1084 t.
1090 1022 1220 1085 Varro:
1244 1022 1314 1087 ‘lac
1337 1042 1409 1087 uon
1431 1023 1497 1087 dc-

193 1122 478 1192 bemnsdicerc,
495 1120 558 1184 sed
575 1122 670 1184 lact’.
703 1124 856 1184 Caesar:
881 1123 1035 1185 ‘nnllam
1059 1142 1190 1186 namen
1214 1124 1357 1189 duabus
1379 1128 1496 1190 mutis

193 1226 448 1286 terminatur’.
492 1226 691 1307 Superest.
716 1233 754 1284 ιιι
776 1243 978 1305 sequamur
998 1226 1165 1305 regulam
1190 1226 1312 1289 Plauti
1335 1233 1371 1289 et
1392 1227 1496 1289 dlca·

193 1344 268 1386 runs
291 1324 434 1401 ‘lactet
458 1345 524 1407 qua
547 1327 820 1387 terminatione
843 1345 931 1388 usus
954 1336 1009 1389 est
1031 1329 1137 1389 Cato:
1181 1327 1237 1389 ‘lu
1259 1326 1369 1390 ltalia
1392 1336 1496 1391 atras

192 1445 324 1505 capras
347 1427 444 1490 lacte
466 1427 588 1489 album
612 1427 772 1488 liabere'.
819 1428 889 1489 Sed
913 1446 999 1489 usus
1022 1430 1209 1492 rationem
1231 1431 1388 1499 uicit.ut
1410 1431 1492 1491 ‘lac’
1509 1448 1533 1489 n

193 1530 317 1609 potius
340 1528 491 1592 dicatur
512 1532 613 1591 iuxta
637 1528 732 1590 illud
755 1529 931 1590 Maronis:

343 1632 415 1693 Lac
438 1630 525 1692 mihi
548 1649 619 1691 non
642 1639 785 1692 aestate
809 1649 957 1700 nouum,
982 1650 1054 1692 non
1078 1631 1224 1710 frigore
1245 1631 1351 1694 delit.

193 1732 235 1793 Et
250 1735 430 1793 remansit
445 1732 508 1792 illa
525 1731 768 1792 cousuetudo.
787 1731 1210 1795 Prisciannsantemdielt:
1226 1733 1297 1795 lac.
1311 1781 1318 1796 .
1332 1745 1383 1796 ,οι
1397 1734 1496 1797 allec

295 1837 406 1894 etiam
431 1834 520 1894 baec
543 1831 640 1894 allex
664 1833 847 1894 leurinino
869 1834 1178 1911 generaverrius
1201 1835 1314 1895 dixit:
1337 1835 1495 1897 allecem

195 1935 290 1995 banc
311 1982 403 1995 .....
452 1934 531 1994 Hae
555 1933 673 1994 lactes
702 1942 828 2012 partes
855 1942 939 1995 sunt
966 1936 1254 2003 intestinorum.
1285 1938 1392 1999 cuius
1417 1939 1532 1999 sin-n

195 2035 327 2114 gulare
350 2035 439 2096 baec
463 2036 582 2097 laetis

280 2138 312 2198 ln
337 2156 385 2207 ec,
408 2144 441 2196 ut
463 2136 538 2197 allec
559 2135 675 2206 allecis,
699 2154 793 2214 genus
816 2146 860 2197 est
882 2140 981 2217 piscis.

280 2239 312 2300 ln
329 2257 380 2300 aes
395 2247 466 2318 quot
480 2256 590 2317 garrera
610 2239 822 2300 inueniuntur?
852 2240 914 2300 lloc
929 2248 974 2300 est
989 2238 1062 2308 duo.
1086 2240 1281 2302 masculinnm
1299 2249 1328 2301 ct
1340 2249 1495 2309 neutrum:

198 2340 401 2409 masculinum,
418 2350 451 2400 ut
466 2359 553 2420 praes
569 2340 686 2419 praedis
701 2339 803 2417 praedi
815 2344 964 2416 praedem
979 2359 1094 2421 praesa
1111 2342 1222 2421 praede
1238 2350 1268 2402 et
1282 2341 1391 2421 plurali
1406 2360 1495 2422 prae·

197 2444 251 2503 des
279 2443 433 2521 praedium
460 2442 621 2522 praedibus
650 2442 774 2521 praedes
804 2443 929 2523 praedes
951 2462 966 2502 a
990 2442 1158 2520 praedibus.
1204 2442 1364 2517 Neutrum,
1392 2453 1427 2505 ut
1448 2453 1531 2505 asto

198 2543 255 2605 boc
284 2562 333 2605 aes
356 2547 433 2605 aeris
455 2546 515 2605 aeri
539 2563 589 2604 aes
612 2562 663 2605 aes
684 2543 720 2604 ab
744 2544 800 2604 ltoc
822 2562 892 2604 aere
915 2552 945 2604 et
966 2542 1071 2623 plurali
1095 2545 1168 2605 baec
1190 2563 1258 2606 aera
1280 2544 1355 2605 baec
1378 2562 1495 2607 aerao

197 2665 281 2717 aera,
312 2646 390 2724 quod
418 2646 580 2707 secundum
611 2654 764 2726 poetarum
794 2645 945 2706 licentiam
973 2645 1106 2706 uidemus
1128 2646 1210 2714 deri.
1239 2647 1324 2726 qnia,
1355 2646 1495 2727 quicquid

199 2759 387 2809 mensuratur
410 2755 460 2807 aut
482 2755 632 2827 pensatur,
656 2744 799 2825 pluralem
823 2764 980 2807 numerum
1004 2763 1063 2808 non
1086 2746 1185 2808 babet.

282 2848 314 2909 ln
338 2868 392 2909 aus
414 2866 507 2928 panea
531 2849 649 2908 nomina
674 2847 814 2908 leminina
836 2850 1043 2917 terminantur,
1068 2855 1101 2908 ut
1118 2847 1191 2909 baec
1207 2847 1270 2909 lans
1286 2848 1373 2911 buius
1388 2848 1495 2920 landis,

197 2950 241 3010 sic
265 2950 345 3010 iraus
368 2948 490 3009 fraudis.
1507 2969 1534 3011 sa

283 3050 315 3111 Ιιι
339 3053 385 3111 nis
406 3058 479 3128 quot
499 3067 609 3127 genera
631 3051 843 3111 inueniuntur?
887 3050 965 3111 ldest
992 3051 1067 3121 duo,
1097 3049 1256 3112 masculina
1284 3061 1315 3112 et
1335 3051 1495 3121 feminium

201 3148 213 3232 ll
231 3153 250 3211 t.
269 3146 349 3211 tota
365 3148 376 3233 ΙΙ
393 3149 565 3219 masculina,
589 3159 621 3210 ut
643 3150 690 3211 bie
712 3152 832 3229 sanguis
854 3155 1006 3230 sanguinis
1028 3153 1076 3213 bic
1092 3155 1196 3232 anguis
1210 3152 1258 3213 bie
1274 3152 1387 3233 pululat
1411 3154 1496 3217 lemi-

200 3255 284 3322 nina,
309 3261 341 3313 nt
363 3252 436 3312 baec
459 3253 543 3312 nauis
564 3252 637 3313 baec
660 3251 751 3313 clanis
774 3252 847 3313 baec
870 3255 946 3321 anis,
971 3261 1001 3313 et
1024 3271 1115 3314 unam
1138 3255 1169 3314 in
1192 3253 1403 3335 trissyllabam
1427 3274 1497 3335 pro·

199 3355 330 3423 ductam,
347 3362 380 3414 ut
402 3352 475 3414 baec
498 3355 543 3413 uis
566 3352 652 3414 liuius
675 3355 719 3414 uis
742 3354 810 3415 buic
832 3356 861 3415 ui
885 3354 960 3415 banc
975 3356 1036 3415 uirn
1052 3374 1070 3416 o
1086 3358 1133 3416 uis
1155 3356 1192 3417 ab
1215 3356 1270 3417 bac
1292 3357 1322 3417 ui
1344 3365 1375 3417 et
1397 3357 1496 3436 plura·

199 3455 267 3518 liter
290 3456 346 3516 bae
369 3457 448 3517 uires
471 3456 575 3517 barum
600 3457 707 3516 uirium
731 3455 914 3517 trisulcibus
937 3455 989 3517 bas
1012 3457 1091 3517 uires
1114 3475 1131 3516 o
1154 3460 1234 3518 uires
1257 3457 1294 3518 ab
1309 3456 1535 3519 hlsuiribusso

284 3558 368 3619 Nunc
391 3556 428 3618 de
452 3557 622 3618 nominibus
644 3560 676 3618 in
691 3558 765 3618 duas
780 3555 828 3617 uel
844 3566 906 3619 tres
921 3566 1119 3619 consonantes
1134 3557 1338 3620 desinentibus
1352 3557 1496 3621 dicamus.

286 3658 317 3718 ln
341 3659 383 3719 als
406 3678 496 3719 unum
520 3678 628 3720 noman
651 3659 844 3720 masculinum
868 3661 1052 3725 terminatur,
1076 3666 1109 3718 nt
1130 3659 1178 3719 bic
1200 3658 1261 3719 cals
1283 3658 1371 3721 liuius
1397 3659 1496 3731 caleis,

201 3779 236 3820 ex
260 3777 319 3838 quo
342 3759 470 3838 lapidum
494 3762 638 3821 maceries
660 3760 823 3821 dealbatur.

269 3914 330 3962 lut
347 3910 463 3977 supellex
482 3923 508 3960 nt
576 3915 601 3962 iu
621 3910 672 3977 uis]
692 3914 780 3961 itteris
868 3916 891 3961 iu
912 3913 951 3960 uis
969 3928 1016 3962 om.
1103 3913 1162 3962 :lin
1182 3929 1195 3960 e
1213 3927 1292 3961 ιιιιιιιιι
1361 3912 1496 3981 Claudius]

200 3982 235 4043 cf.
257 3980 375 4029 Claudias
393 3978 522 4030 Sacerdos
540 3981 580 4031 ed.
602 3980 711 4031 Vindob.
734 3996 761 4043 p.
781 3982 822 4038 17,
845 3996 894 4045 qno
917 3981 1016 4045 quidem
1038 3983 1093 4029 loro
1113 3994 1224 4043 prorsas
1246 3981 1350 4031 diuersa
1371 3985 1496 4048 lepnntar,

200 4050 236 4109 es.
254 4048 341 4112 praef.
365 4051 417 4098 ‘de
430 4050 493 4098 loris
510 4049 657 4114 quibasdam
675 4047 775 4098 Claudii
791 4046 961 4097 Sacerdotis!
1047 4049 1063 4096 5
1081 4048 1183 4109 qu‘nleut
1206 4047 1284 4096 nimia
1336 4051 1497 4111 questionem

201 4111 331 4232 ιιιιοιειθιῑι]ν
344 4115 467 4170 Fortasse
483 4119 584 4234 pertiae
605 4115 758 4232 mpgptap}
776 4115 847 4232 ‹pppd
857 4114 975 4233 npnidppt
1004 4116 1082 4231 rtintpn
1108 4116 1259 4233 qupsestiople
1285 4126 1422 4233 trplctstnm
1449 4130 1496 4169 est.

201 4267 264 4319 qnos
282 4183 711 4303 nomltrrzlttcfletllfflt’rdplltedon’.
728 4219 871 4313 p.’ts‚'22
888 4198 913 4231 m
958 4190 1202 4300 lwett'adclltlffeessbur
1254 4187 1287 4303 Old
1304 4188 1497 4317 Supl'refffelf

200 4322 289 4384 Pomp.
306 4336 334 4384 p.
354 4322 411 4378 199,
430 4323 462 4369 16
547 4321 631 4379 sque
647 4317 832 4367 terminationis
851 4327 890 4367 est
908 4327 935 4367 ut
1004 4316 1078 4383 Cato]
1098 4319 1133 4380 ef.
1153 4317 1254 4371 Odart's.
1270 4336 1298 4384 p.
1316 4322 1376 4381 102,
1393 4323 1410 4370 c
1429 4320 1464 4371 Κ.

201 4391 233 4440 10
251 4388 344 4437 lactum
397 4388 427 4436 11
446 4380 577 4451 marones]
595 4384 839 4450 Vsrp.Eel.1122
892 4385 1020 4436 mesura
1071 4386 1137 4435 desit
1206 4387 1301 4438 13ulls
1335 4386 1496 4453 Priscianus]

200 4457 234 4518 es.
253 4454 272 4504 I
285 4471 313 4519 p.
332 4457 393 4513 212,
412 4458 436 4504 1.
455 4456 479 4503 9.
500 4456 533 4502 11
584 4453 646 4502 dicit
663 4452 726 4503 tacte
743 4463 768 4501 et
784 4451 868 4502 alaece
886 4453 960 4501 etiam
1025 4456 1057 4503 14
1074 4453 1196 4504 lemiuina
1214 4470 1308 4519 garrera
1326 4456 1412 4506 uerius
1466 4458 1498 4507 15

200 4523 267 4573 hano
285 4520 359 4586 baec]
380 4522 414 4583 ef.
434 4522 518 4570 Pm’se.
536 4520 553 4569 1
569 4537 596 4585 p.
615 4523 712 4582 atat
781 4530 855 4586 perte
871 4532 932 4570 surtt
948 4523 1125 4572 intestinarum
1197 4524 1228 4572 17
1246 4520 1339 4588 geratis]
1359 4524 1394 4584 es.
1414 4524 1497 4575 Prisc.

200 4592 261 4656 lp.
280 4592 340 4643 212.
361 4591 407 4638 u:
426 4597 566 4638 astantem
584 4587 647 4639 allec
665 4604 746 4655 getius
783 4589 845 4639 iscis
914 4589 989 4639 tatu
1008 4590 1123 4653 eoquod
1176 4593 1208 4640 19
1226 4605 1285 4655 pres
1303 4591 1407 4656 praedis
1426 4593 1498 4657 predi

201 4672 260 4723 pres
278 4665 327 4712 etc.
396 4658 427 4706 21
447 4655 497 4705 hoo
514 4670 558 4706 eas
609 4656 672 4707 liaeo
689 4671 747 4707 aare
763 4604 826 4707 baec
844 4671 859 4706 o
877 4671 936 4707 aera
1015 4660 1048 4708 22
1066 4668 1130 4720 quot
1196 4658 1332 4708 larentiam
1401 4660 1434 4710 27
1451 4674 1497 4709 an·

201 4722 273 4789 guis]
293 4725 400 4791 salignis
469 4724 503 4773 28
520 4734 545 4774 et
562 4739 576 4773 a
593 4725 619 4774 in
638 4741 680 4775 um
699 4725 822 4789 syllabam
840 4726 867 4774 in
885 4726 924 4775 uis
943 4722 1106 4792 productam]
1127 4727 1171 4777 Aa
1185 4729 1287 4790 potins.-
1305 4736 1329 4776 et
1348 4741 1425 4776 unum
1443 4742 1498 4778 mo·

202 4791 361 4855 nospllabum
380 4794 406 4842 in
424 4791 464 4841 nis
483 4792 651 4857 productam?
719 4795 753 4844 29
771 4793 837 4843 hono
856 4793 908 4843 uim
960 4793 993 4843 ha
1011 4796 1051 4843 cut
1120 4796 1153 4845 82
1171 4795 1337 4844 terminantur
