<?xml version="1.0" encoding="UTF-8"?>
<!DOCTYPE html PUBLIC "-//W3C//DTD XHTML 1.0 Transitional//EN"
    "http://www.w3.org/TR/xhtml1/DTD/xhtml1-transitional.dtd">
<html xmlns="http://www.w3.org/1999/xhtml" xml:lang="en" lang="en">
 <head>
  <title>
</title>
<meta http-equiv="Content-Type" content="text/html;charset=utf-8" />
  <meta name='ocr-system' content='tesseract 3.04.00' />
  <meta name='ocr-capabilities' content='ocr_page ocr_carea ocr_par ocr_line ocrx_word'/>
</head>
<body>
  <div class='ocr_page' id='page_1' title='image "./grammaticilatin06keilgoog_0511.png"; bbox 0 0 3382 5476; ppageno 0'>
   <div class='ocr_carea' id='block_1_1' title="bbox 184 346 1073 413">
    <p class='ocr_par' dir='ltr' id='par_1_1' title="bbox 184 346 1073 413">
     <span class='ocr_line' id='line_1_1' title="bbox 184 346 1073 413; baseline -0.007 -12"><span class='ocrx_word' id='word_1_1' title='bbox 184 347 247 413; x_wconf 71' lang='grc'><strong>236</strong></span> <span class='ocrx_word' id='word_1_2' title='bbox 576 347 809 401; x_wconf 75' lang='lat' dir='ltr'><strong>COMMENTVM</strong></span> <span class='ocrx_word' id='word_1_3' title='bbox 827 346 1073 399; x_wconf 71' lang='lat' dir='ltr'><strong>crustumerium</strong></span> 
     </span>
    </p>
   </div>
   <div class='ocr_carea' id='block_1_2' title="bbox 71 532 1519 3963">
    <p class='ocr_par' dir='ltr' id='par_1_2' title="bbox 71 532 1519 3963">
     <span class='ocr_line' id='line_1_2' title="bbox 71 532 1486 616; baseline 0.002 -23"><span class='ocrx_word' id='word_1_4' title='bbox 71 553 263 616; x_wconf 81' lang='lat' dir='ltr'><strong>·srs‚arquae</strong></span> <span class='ocrx_word' id='word_1_5' title='bbox 286 539 316 597; x_wconf 90' lang='lat' dir='ltr'><strong>in</strong></span> <span class='ocrx_word' id='word_1_6' title='bbox 339 555 354 597; x_wconf 94' lang='lat' dir='ltr'><strong>a</strong></span> <span class='ocrx_word' id='word_1_7' title='bbox 378 544 501 605; x_wconf 81' lang='lat' dir='ltr'><strong>exeunt,</strong></span> <span class='ocrx_word' id='word_1_8' title='bbox 531 537 626 614; x_wconf 86' lang='lat' dir='ltr'><strong>magis</strong></span> <span class='ocrx_word' id='word_1_9' title='bbox 653 536 805 596; x_wconf 80' lang='lat' dir='ltr'><strong>feminino.</strong></span> <span class='ocrx_word' id='word_1_10' title='bbox 848 534 942 595; x_wconf 90' lang='lat' dir='ltr'><strong>Suut</strong></span> <span class='ocrx_word' id='word_1_11' title='bbox 968 541 1186 614; x_wconf 83' lang='lat' dir='ltr'><strong>praeterea,</strong></span> <span class='ocrx_word' id='word_1_12' title='bbox 1213 532 1239 592; x_wconf 90' lang='lat' dir='ltr'><strong>i.</strong></span> <span class='ocrx_word' id='word_1_13' title='bbox 1262 539 1384 613; x_wconf 86' lang='lat' dir='ltr'><strong>praeter</strong></span> <span class='ocrx_word' id='word_1_14' title='bbox 1412 535 1486 605; x_wconf 69' lang='lat' dir='ltr'><strong>istac</strong></span> 
     </span>
     <span class='ocr_line' id='line_1_3' title="bbox 185 632 1485 709; baseline -0.001 -9"><span class='ocrx_word' id='word_1_15' title='bbox 185 640 272 708; x_wconf 92' lang='lat' dir='ltr'><strong>alia,</strong></span> <span class='ocrx_word' id='word_1_16' title='bbox 300 658 325 700; x_wconf 90' lang='lat' dir='ltr'><strong>s.</strong></span> <span class='ocrx_word' id='word_1_17' title='bbox 350 640 485 706; x_wconf 72' lang='lat' dir='ltr'><strong>numium</strong></span> <span class='ocrx_word' id='word_1_18' title='bbox 514 656 618 709; x_wconf 83' lang='lat' dir='ltr'><strong>sono,</strong></span> <span class='ocrx_word' id='word_1_19' title='bbox 642 641 663 700; x_wconf 91' lang='lat' dir='ltr'><strong>i.</strong></span> <span class='ocrx_word' id='word_1_20' title='bbox 686 638 864 704; x_wconf 74' lang='lat' dir='ltr'><strong>litteratura:</strong></span> <span class='ocrx_word' id='word_1_21' title='bbox 895 633 1117 706; x_wconf 84' lang='lat' dir='ltr'><strong>masculina,</strong></span> <span class='ocrx_word' id='word_1_22' title='bbox 1145 632 1350 697; x_wconf 87' lang='lat' dir='ltr'><strong>intellectu</strong></span> <span class='ocrx_word' id='word_1_23' title='bbox 1372 635 1485 699; x_wconf 85' lang='lat' dir='ltr'><strong>lemi-</strong></span> 
     </span>
     <span class='ocr_line' id='line_1_4' title="bbox 82 734 1483 818; baseline 0.001 -21"><span class='ocrx_word' id='word_1_24' title='bbox 82 757 132 804; x_wconf 82' lang='lat' dir='ltr'><strong>ers,</strong></span> <span class='ocrx_word' id='word_1_25' title='bbox 147 758 172 797; x_wconf 77' lang='lat' dir='ltr'><strong>as</strong></span> <span class='ocrx_word' id='word_1_26' title='bbox 186 743 287 810; x_wconf 77' lang='lat' dir='ltr'><strong>trina,</strong></span> <span class='ocrx_word' id='word_1_27' title='bbox 312 748 350 800; x_wconf 93' lang='lat' dir='ltr'><strong>ut</strong></span> <span class='ocrx_word' id='word_1_28' title='bbox 370 738 570 801; x_wconf 82' lang='lat' dir='ltr'>Eunuchus</span> <span class='ocrx_word' id='word_1_29' title='bbox 591 737 791 800; x_wconf 80' lang='lat' dir='ltr'><strong>comoedia.</strong></span> <span class='ocrx_word' id='word_1_30' title='bbox 829 736 991 798; x_wconf 84' lang='lat' dir='ltr'>Eunuchus</span> <span class='ocrx_word' id='word_1_31' title='bbox 1012 755 1086 798; x_wconf 90' lang='lat' dir='ltr'><strong>sono</strong></span> <span class='ocrx_word' id='word_1_32' title='bbox 1109 734 1307 797; x_wconf 88' lang='lat' dir='ltr'><strong>masculinum</strong></span> <span class='ocrx_word' id='word_1_33' title='bbox 1328 744 1390 806; x_wconf 84' lang='grc' dir='ltr'><strong>εει,</strong></span> <span class='ocrx_word' id='word_1_34' title='bbox 1411 738 1483 818; x_wconf 82' lang='lat' dir='ltr'><strong>quia</strong></span> 
     </span>
     <span class='ocr_line' id='line_1_5' title="bbox 184 837 1483 919; baseline -0.002 -16"><span class='ocrx_word' id='word_1_35' title='bbox 184 845 215 903; x_wconf 91' lang='lat' dir='ltr'><strong>in</strong></span> <span class='ocrx_word' id='word_1_36' title='bbox 240 861 274 901; x_wconf 92' lang='lat' dir='ltr'><strong>us</strong></span> <span class='ocrx_word' id='word_1_37' title='bbox 297 842 422 910; x_wconf 88' lang='lat' dir='ltr'><strong>desinit,</strong></span> <span class='ocrx_word' id='word_1_38' title='bbox 452 859 528 919; x_wconf 85' lang='lat' dir='ltr'><strong>ryuae</strong></span> <span class='ocrx_word' id='word_1_39' title='bbox 558 842 728 902; x_wconf 90' lang='lat' dir='ltr'><strong>terminatio</strong></span> <span class='ocrx_word' id='word_1_40' title='bbox 756 840 880 919; x_wconf 83' lang='lat' dir='ltr'><strong>proprie</strong></span> <span class='ocrx_word' id='word_1_41' title='bbox 907 840 1072 900; x_wconf 90' lang='lat' dir='ltr'><strong>masculino</strong></span> <span class='ocrx_word' id='word_1_42' title='bbox 1099 839 1203 916; x_wconf 87' lang='lat' dir='ltr'><strong>generi</strong></span> <span class='ocrx_word' id='word_1_43' title='bbox 1225 837 1412 915; x_wconf 87' lang='lat' dir='ltr'><strong>adiungitur,</strong></span> <span class='ocrx_word' id='word_1_44' title='bbox 1435 841 1483 901; x_wconf 90' lang='lat' dir='ltr'><strong>ln·</strong></span> 
     </span>
     <span class='ocr_line' id='line_1_6' title="bbox 184 938 1508 1021; baseline -0.003 -18"><span class='ocrx_word' id='word_1_45' title='bbox 184 941 301 1005; x_wconf 89' lang='lat' dir='ltr'><strong>tellectu</strong></span> <span class='ocrx_word' id='word_1_46' title='bbox 325 962 398 1003; x_wconf 91' lang='lat' dir='ltr'><strong>uero</strong></span> <span class='ocrx_word' id='word_1_47' title='bbox 421 943 599 1003; x_wconf 80' lang='lat' dir='ltr'><strong>femininum</strong></span> <span class='ocrx_word' id='word_1_48' title='bbox 622 950 681 1011; x_wconf 91' lang='lat' dir='ltr'><strong>est,</strong></span> <span class='ocrx_word' id='word_1_49' title='bbox 704 943 790 1021; x_wconf 82' lang='lat' dir='ltr'><strong>quia.</strong></span> <span class='ocrx_word' id='word_1_50' title='bbox 814 958 880 1001; x_wconf 90' lang='lat' dir='ltr'><strong>cum</strong></span> <span class='ocrx_word' id='word_1_51' title='bbox 904 940 987 1002; x_wconf 87' lang='lat' dir='ltr'><strong>dico:</strong></span> <span class='ocrx_word' id='word_1_52' title='bbox 1012 939 1101 1021; x_wconf 78' lang='lat' dir='ltr'><strong>‘quid</strong></span> <span class='ocrx_word' id='word_1_53' title='bbox 1123 938 1234 1018; x_wconf 80' lang='lat' dir='ltr'><strong>legisl’</strong></span> <span class='ocrx_word' id='word_1_54' title='bbox 1262 945 1293 999; x_wconf 89' lang='grc' dir='ltr'><strong>ει</strong></span> <span class='ocrx_word' id='word_1_55' title='bbox 1314 938 1508 1018; x_wconf 82' lang='lat' dir='ltr'><strong>respoudess</strong></span> 
     </span>
     <span class='ocr_line' id='line_1_7' title="bbox 183 1039 1482 1121; baseline -0.001 -17"><span class='ocrx_word' id='word_1_56' title='bbox 183 1045 273 1105; x_wconf 89' lang='lat' dir='ltr'><strong>mibi:</strong></span> <span class='ocrx_word' id='word_1_57' title='bbox 298 1043 509 1118; x_wconf 78' lang='lat' dir='ltr'><strong>‘Eunncltum&#39;‚</strong></span> <span class='ocrx_word' id='word_1_58' title='bbox 532 1043 667 1121; x_wconf 77' lang='lat' dir='ltr'><strong>intelligo</strong></span> <span class='ocrx_word' id='word_1_59' title='bbox 690 1042 834 1111; x_wconf 77' lang='lat' dir='ltr'><strong>tabulam,</strong></span> <span class='ocrx_word' id='word_1_60' title='bbox 858 1060 946 1120; x_wconf 86' lang='lat' dir='ltr'><strong>quam</strong></span> <span class='ocrx_word' id='word_1_61' title='bbox 969 1042 1171 1104; x_wconf 84' lang='lat' dir='ltr'><strong>Terentius</strong></span> <span class='ocrx_word' id='word_1_62' title='bbox 1193 1040 1352 1121; x_wconf 76' lang='lat' dir='ltr'><strong>descripsit</strong></span> <span class='ocrx_word' id='word_1_63' title='bbox 1373 1039 1412 1101; x_wconf 88' lang='lat' dir='ltr'><strong>de</strong></span> <span class='ocrx_word' id='word_1_64' title='bbox 1435 1058 1482 1111; x_wconf 80' lang='lat' dir='ltr'><strong>ea,</strong></span> 
     </span>
     <span class='ocr_line' id='line_1_8' title="bbox 184 1141 1482 1226; baseline -0.001 -20"><span class='ocrx_word' id='word_1_65' title='bbox 184 1164 259 1226; x_wconf 88' lang='lat' dir='ltr'><strong>quae</strong></span> <span class='ocrx_word' id='word_1_66' title='bbox 287 1146 441 1207; x_wconf 81' lang='lat' dir='ltr'><strong>comoedia</strong></span> <span class='ocrx_word' id='word_1_67' title='bbox 470 1152 602 1206; x_wconf 91' lang='lat' dir='ltr'><strong>uocatur.</strong></span> <span class='ocrx_word' id='word_1_68' title='bbox 654 1144 736 1205; x_wconf 84' lang='lat' dir='ltr'><strong>Vnde</strong></span> <span class='ocrx_word' id='word_1_69' title='bbox 765 1155 796 1206; x_wconf 92' lang='lat' dir='ltr'><strong>et</strong></span> <span class='ocrx_word' id='word_1_70' title='bbox 824 1146 1003 1223; x_wconf 79' lang='lat' dir='ltr'><strong>supponitur</strong></span> <span class='ocrx_word' id='word_1_71' title='bbox 1031 1142 1088 1205; x_wconf 89' lang='lat' dir='ltr'><strong>hoc</strong></span> <span class='ocrx_word' id='word_1_72' title='bbox 1111 1160 1236 1213; x_wconf 86' lang='lat' dir='ltr'><strong>nomeu,</strong></span> <span class='ocrx_word' id='word_1_73' title='bbox 1260 1144 1286 1203; x_wconf 92' lang='lat' dir='ltr'><strong>i.</strong></span> <span class='ocrx_word' id='word_1_74' title='bbox 1314 1141 1482 1214; x_wconf 85' lang='lat' dir='ltr'><strong>comoedia,</strong></span> 
     </span>
     <span class='ocr_line' id='line_1_9' title="bbox 183 1243 1481 1326; baseline -0.002 -18"><span class='ocrx_word' id='word_1_75' title='bbox 183 1266 243 1308; x_wconf 90' lang='lat' dir='ltr'><strong>uon</strong></span> <span class='ocrx_word' id='word_1_76' title='bbox 272 1247 489 1326; x_wconf 81' lang='lat' dir='ltr'><strong>explanationis</strong></span> <span class='ocrx_word' id='word_1_77' title='bbox 516 1265 618 1316; x_wconf 81' lang='lat' dir='ltr'><strong>causa,</strong></span> <span class='ocrx_word' id='word_1_78' title='bbox 647 1246 698 1306; x_wconf 91' lang='lat' dir='ltr'><strong>sed</strong></span> <span class='ocrx_word' id='word_1_79' title='bbox 727 1264 814 1308; x_wconf 90' lang='lat' dir='ltr'><strong>causa</strong></span> <span class='ocrx_word' id='word_1_80' title='bbox 843 1246 981 1325; x_wconf 83' lang='lat' dir='ltr'><strong>exempli.</strong></span> <span class='ocrx_word' id='word_1_81' title='bbox 1027 1243 1187 1306; x_wconf 85' lang='lat' dir='ltr'><strong>Comoedia</strong></span> <span class='ocrx_word' id='word_1_82' title='bbox 1209 1251 1309 1305; x_wconf 84' lang='lat' dir='ltr'><strong>autem</strong></span> <span class='ocrx_word' id='word_1_83' title='bbox 1330 1243 1481 1306; x_wconf 82' lang='lat' dir='ltr'><strong>dicituro</strong></span> 
     </span>
     <span class='ocr_line' id='line_1_10' title="bbox 184 1340 1482 1428; baseline -0.001 -19"><span class='ocrx_word' id='word_1_84' title='bbox 184 1350 308 1417; x_wconf 89' lang='lat' dir='ltr'><strong>Graeco,</strong></span> <span class='ocrx_word' id='word_1_85' title='bbox 331 1349 409 1428; x_wconf 87' lang='lat' dir='ltr'><strong>quod</strong></span> <span class='ocrx_word' id='word_1_86' title='bbox 433 1355 479 1410; x_wconf 90' lang='lat' dir='ltr'><strong>est</strong></span> <span class='ocrx_word' id='word_1_87' title='bbox 501 1351 628 1409; x_wconf 82' lang='lat' dir='ltr'><strong>‘comos&#39;</strong></span> <span class='ocrx_word' id='word_1_88' title='bbox 644 1356 673 1408; x_wconf 92' lang='lat' dir='ltr'><strong>et</strong></span> <span class='ocrx_word' id='word_1_89' title='bbox 688 1347 778 1407; x_wconf 75' lang='lat' dir='ltr'><strong>‘ode’.</strong></span> <span class='ocrx_word' id='word_1_90' title='bbox 823 1347 931 1407; x_wconf 80' lang='lat' dir='ltr'><strong>Goulos</strong></span> <span class='ocrx_word' id='word_1_91' title='bbox 946 1349 1026 1408; x_wconf 91' lang='lat' dir='ltr'><strong>enim</strong></span> <span class='ocrx_word' id='word_1_92' title='bbox 1050 1343 1062 1428; x_wconf 85' lang='grc' dir='ltr'><strong>ΙΙ</strong></span> <span class='ocrx_word' id='word_1_93' title='bbox 1081 1340 1174 1427; x_wconf 70' lang='grc'>15811</span> <span class='ocrx_word' id='word_1_94' title='bbox 1197 1346 1310 1407; x_wconf 81' lang='lat' dir='ltr'><strong>Graeca</strong></span> <span class='ocrx_word' id='word_1_95' title='bbox 1324 1344 1408 1425; x_wconf 85' lang='lat' dir='ltr'><strong>uilla,</strong></span> <span class='ocrx_word' id='word_1_96' title='bbox 1423 1345 1482 1408; x_wconf 87' lang='lat' dir='ltr'><strong>ode</strong></span> 
     </span>
     <span class='ocr_line' id='line_1_11' title="bbox 184 1436 1519 1519; baseline -0.002 -9"><span class='ocrx_word' id='word_1_97' title='bbox 184 1458 287 1511; x_wconf 89' lang='lat' dir='ltr'><strong>cantus</strong></span> <span class='ocrx_word' id='word_1_98' title='bbox 315 1436 439 1519; x_wconf 87' lang='lat' dir='ltr'><strong>dicitur,</strong></span> <span class='ocrx_word' id='word_1_99' title='bbox 469 1449 539 1511; x_wconf 90' lang='lat' dir='ltr'><strong>inde</strong></span> <span class='ocrx_word' id='word_1_100' title='bbox 567 1449 721 1510; x_wconf 83' lang='lat' dir='ltr'><strong>comoedia</strong></span> <span class='ocrx_word' id='word_1_101' title='bbox 750 1466 870 1509; x_wconf 85' lang='lat' dir='ltr'><strong>carmen</strong></span> <span class='ocrx_word' id='word_1_102' title='bbox 905 1448 1047 1509; x_wconf 88' lang='lat' dir='ltr'><strong>uillauum</strong></span> <span class='ocrx_word' id='word_1_103' title='bbox 1075 1447 1113 1509; x_wconf 90' lang='lat' dir='ltr'><strong>de</strong></span> <span class='ocrx_word' id='word_1_104' title='bbox 1142 1445 1253 1509; x_wconf 89' lang='lat' dir='ltr'><strong>uilibus</strong></span> <span class='ocrx_word' id='word_1_105' title='bbox 1279 1456 1310 1507; x_wconf 86' lang='grc' dir='ltr'><strong>ει</strong></span> <span class='ocrx_word' id='word_1_106' title='bbox 1337 1446 1519 1509; x_wconf 86' lang='lat' dir='ltr'><strong>inanibusm</strong></span> 
     </span>
     <span class='ocr_line' id='line_1_12' title="bbox 183 1545 1481 1631; baseline 0 -20"><span class='ocrx_word' id='word_1_107' title='bbox 183 1551 274 1611; x_wconf 91' lang='lat' dir='ltr'><strong>rebus</strong></span> <span class='ocrx_word' id='word_1_108' title='bbox 296 1553 504 1631; x_wconf 91' lang='lat' dir='ltr'><strong>compositum.</strong></span> <span class='ocrx_word' id='word_1_109' title='bbox 550 1552 705 1612; x_wconf 83' lang='lat' dir='ltr'><strong>Orestes</strong></span> <span class='ocrx_word' id='word_1_110' title='bbox 727 1549 933 1629; x_wconf 79' lang='lat' dir='ltr'><strong>tragoedia.</strong></span> <span class='ocrx_word' id='word_1_111' title='bbox 972 1552 1095 1619; x_wconf 87' lang='lat' dir='ltr'><strong>Orestes</strong></span> <span class='ocrx_word' id='word_1_112' title='bbox 1116 1567 1190 1610; x_wconf 90' lang='lat' dir='ltr'><strong>sono</strong></span> <span class='ocrx_word' id='word_1_113' title='bbox 1212 1545 1409 1609; x_wconf 89' lang='lat' dir='ltr'><strong>masculinum</strong></span> <span class='ocrx_word' id='word_1_114' title='bbox 1432 1557 1481 1611; x_wconf 87' lang='lat' dir='ltr'><strong>est</strong></span> 
     </span>
     <span class='ocr_line' id='line_1_13' title="bbox 183 1648 1479 1731; baseline 0.002 -21"><span class='ocrx_word' id='word_1_115' title='bbox 183 1655 252 1728; x_wconf 81' lang='lat' dir='ltr'><strong>qnia</strong></span> <span class='ocrx_word' id='word_1_116' title='bbox 275 1655 305 1712; x_wconf 92' lang='lat' dir='ltr'><strong>iu</strong></span> <span class='ocrx_word' id='word_1_117' title='bbox 330 1671 362 1711; x_wconf 87' lang='lat' dir='ltr'><strong>es</strong></span> <span class='ocrx_word' id='word_1_118' title='bbox 384 1653 509 1722; x_wconf 90' lang='lat' dir='ltr'><strong>desinit,</strong></span> <span class='ocrx_word' id='word_1_119' title='bbox 534 1652 686 1714; x_wconf 88' lang='lat' dir='ltr'><strong>intellectu</strong></span> <span class='ocrx_word' id='word_1_120' title='bbox 710 1653 900 1721; x_wconf 78' lang='lat' dir='ltr'><strong>femininum,</strong></span> <span class='ocrx_word' id='word_1_121' title='bbox 924 1654 993 1731; x_wconf 87' lang='lat' dir='ltr'><strong>quia</strong></span> <span class='ocrx_word' id='word_1_122' title='bbox 1017 1670 1084 1712; x_wconf 92' lang='lat' dir='ltr'><strong>cum</strong></span> <span class='ocrx_word' id='word_1_123' title='bbox 1106 1651 1188 1711; x_wconf 88' lang='lat' dir='ltr'><strong>dico:</strong></span> <span class='ocrx_word' id='word_1_124' title='bbox 1212 1648 1362 1712; x_wconf 77' lang='lat' dir='ltr'><strong>‘Orestem</strong></span> <span class='ocrx_word' id='word_1_125' title='bbox 1387 1650 1479 1731; x_wconf 88' lang='lat' dir='ltr'><strong>lego’,</strong></span> 
     </span>
     <span class='ocr_line' id='line_1_14' title="bbox 183 1751 1479 1834; baseline 0 -20"><span class='ocrx_word' id='word_1_126' title='bbox 183 1751 327 1830; x_wconf 88' lang='lat' dir='ltr'><strong>intelligis</strong></span> <span class='ocrx_word' id='word_1_127' title='bbox 350 1753 493 1821; x_wconf 82' lang='lat' dir='ltr'><strong>subulam,</strong></span> <span class='ocrx_word' id='word_1_128' title='bbox 523 1771 599 1830; x_wconf 82' lang='lat' dir='ltr'><strong>quae</strong></span> <span class='ocrx_word' id='word_1_129' title='bbox 621 1753 657 1814; x_wconf 92' lang='lat' dir='ltr'><strong>de</strong></span> <span class='ocrx_word' id='word_1_130' title='bbox 680 1772 715 1814; x_wconf 93' lang='lat' dir='ltr'><strong>eo</strong></span> <span class='ocrx_word' id='word_1_131' title='bbox 738 1762 784 1813; x_wconf 87' lang='lat' dir='ltr'><strong>est</strong></span> <span class='ocrx_word' id='word_1_132' title='bbox 804 1755 915 1834; x_wconf 90' lang='lat' dir='ltr'><strong>scripta</strong></span> <span class='ocrx_word' id='word_1_133' title='bbox 943 1753 1021 1833; x_wconf 90' lang='lat' dir='ltr'><strong>apud</strong></span> <span class='ocrx_word' id='word_1_134' title='bbox 1049 1753 1282 1821; x_wconf 88' lang='lat' dir='ltr'><strong>Terentium,</strong></span> <span class='ocrx_word' id='word_1_135' title='bbox 1311 1768 1390 1829; x_wconf 82' lang='lat' dir='ltr'><strong>quae</strong></span> <span class='ocrx_word' id='word_1_136' title='bbox 1418 1760 1479 1814; x_wconf 86' lang='lat' dir='ltr'><strong>tra·</strong></span> 
     </span>
     <span class='ocr_line' id='line_1_15' title="bbox 183 1852 1479 1934; baseline 0.002 -20"><span class='ocrx_word' id='word_1_137' title='bbox 183 1855 287 1932; x_wconf 79' lang='lat' dir='ltr'><strong>gordia</strong></span> <span class='ocrx_word' id='word_1_138' title='bbox 318 1863 451 1914; x_wconf 92' lang='lat' dir='ltr'><strong>uocatur.</strong></span> <span class='ocrx_word' id='word_1_139' title='bbox 496 1854 645 1932; x_wconf 72' lang='lat' dir='ltr'><strong>‘Tragos’</strong></span> <span class='ocrx_word' id='word_1_140' title='bbox 667 1855 781 1915; x_wconf 90' lang='lat' dir='ltr'><strong>Graece</strong></span> <span class='ocrx_word' id='word_1_141' title='bbox 808 1853 927 1923; x_wconf 85' lang='lat' dir='ltr'><strong>birrus,</strong></span> <span class='ocrx_word' id='word_1_142' title='bbox 957 1854 1025 1916; x_wconf 92' lang='lat' dir='ltr'><strong>inde</strong></span> <span class='ocrx_word' id='word_1_143' title='bbox 1049 1852 1199 1932; x_wconf 84' lang='lat' dir='ltr'><strong>tragoedia</strong></span> <span class='ocrx_word' id='word_1_144' title='bbox 1222 1852 1299 1914; x_wconf 86' lang='lat' dir='ltr'><strong>dicta</strong></span> <span class='ocrx_word' id='word_1_145' title='bbox 1322 1861 1384 1923; x_wconf 86' lang='lat' dir='ltr'><strong>est,</strong></span> <span class='ocrx_word' id='word_1_146' title='bbox 1407 1857 1479 1934; x_wconf 82' lang='lat' dir='ltr'><strong>quia</strong></span> 
     </span>
     <span class='ocr_line' id='line_1_16' title="bbox 183 1953 1519 2035; baseline -0.002 -19"><span class='ocrx_word' id='word_1_147' title='bbox 183 1958 279 2034; x_wconf 85' lang='lat' dir='ltr'><strong>poetis</strong></span> <span class='ocrx_word' id='word_1_148' title='bbox 302 1953 370 2014; x_wconf 92' lang='lat' dir='ltr'><strong>talia</strong></span> <span class='ocrx_word' id='word_1_149' title='bbox 393 1958 525 2017; x_wconf 92' lang='lat' dir='ltr'><strong>carmina</strong></span> <span class='ocrx_word' id='word_1_150' title='bbox 548 1955 796 2034; x_wconf 84' lang='lat' dir='ltr'><strong>componentibus</strong></span> <span class='ocrx_word' id='word_1_151' title='bbox 818 1956 921 2018; x_wconf 87' lang='lat' dir='ltr'><strong>hircus</strong></span> <span class='ocrx_word' id='word_1_152' title='bbox 943 1955 1068 2017; x_wconf 91' lang='lat' dir='ltr'><strong>dabatur</strong></span> <span class='ocrx_word' id='word_1_153' title='bbox 1091 1973 1144 2035; x_wconf 91' lang='lat' dir='ltr'><strong>pro</strong></span> <span class='ocrx_word' id='word_1_154' title='bbox 1161 1953 1315 2016; x_wconf 85' lang='lat' dir='ltr'><strong>beneficio.</strong></span> <span class='ocrx_word' id='word_1_155' title='bbox 1353 1954 1427 2017; x_wconf 88' lang='lat' dir='ltr'><strong>lude</strong></span> <span class='ocrx_word' id='word_1_156' title='bbox 1447 1965 1478 2018; x_wconf 87' lang='lat' dir='ltr'><strong>et</strong></span> <span class='ocrx_word' id='word_1_157' title='bbox 1494 1973 1519 2014; x_wconf 82' lang='lat' dir='ltr'><strong>rs</strong></span> 
     </span>
     <span class='ocr_line' id='line_1_17' title="bbox 183 2055 1482 2135; baseline 0.002 -17"><span class='ocrx_word' id='word_1_158' title='bbox 183 2058 371 2134; x_wconf 77' lang='lat' dir='ltr'><strong>‘tragemata&#39;</strong></span> <span class='ocrx_word' id='word_1_159' title='bbox 387 2056 528 2118; x_wconf 91' lang='lat' dir='ltr'><strong>dicuutur</strong></span> <span class='ocrx_word' id='word_1_160' title='bbox 549 2056 619 2118; x_wconf 91' lang='lat' dir='ltr'><strong>uilia</strong></span> <span class='ocrx_word' id='word_1_161' title='bbox 643 2057 832 2128; x_wconf 90' lang='lat' dir='ltr'><strong>munuscula,</strong></span> <span class='ocrx_word' id='word_1_162' title='bbox 855 2075 931 2135; x_wconf 89' lang='lat' dir='ltr'><strong>quae</strong></span> <span class='ocrx_word' id='word_1_163' title='bbox 946 2057 1051 2119; x_wconf 86' lang='lat' dir='ltr'><strong>Latine</strong></span> <span class='ocrx_word' id='word_1_164' title='bbox 1067 2055 1213 2118; x_wconf 77' lang='lat' dir='ltr'><strong>‘bellaria&#39;</strong></span> <span class='ocrx_word' id='word_1_165' title='bbox 1227 2066 1382 2119; x_wconf 90' lang='lat' dir='ltr'><strong>uocantur.</strong></span> <span class='ocrx_word' id='word_1_166' title='bbox 1411 2058 1482 2120; x_wconf 83' lang='lat' dir='ltr'><strong>Fuit</strong></span> 
     </span>
     <span class='ocr_line' id='line_1_18' title="bbox 183 2158 1481 2239; baseline 0.002 -21"><span class='ocrx_word' id='word_1_167' title='bbox 183 2165 280 2218; x_wconf 90' lang='lat' dir='ltr'><strong>autem</strong></span> <span class='ocrx_word' id='word_1_168' title='bbox 304 2159 427 2219; x_wconf 87' lang='lat' dir='ltr'><strong>Orestes</strong></span> <span class='ocrx_word' id='word_1_169' title='bbox 448 2160 680 2237; x_wconf 83' lang='lat' dir='ltr'><strong>Agamemnonis</strong></span> <span class='ocrx_word' id='word_1_170' title='bbox 702 2168 732 2219; x_wconf 89' lang='lat' dir='ltr'><strong>et</strong></span> <span class='ocrx_word' id='word_1_171' title='bbox 753 2158 965 2239; x_wconf 82' lang='lat' dir='ltr'><strong>Clytemestrae</strong></span> <span class='ocrx_word' id='word_1_172' title='bbox 986 2159 1078 2227; x_wconf 87' lang='lat' dir='ltr'><strong>lilius,</strong></span> <span class='ocrx_word' id='word_1_173' title='bbox 1103 2160 1153 2236; x_wconf 85' lang='lat' dir='ltr'><strong>qui</strong></span> <span class='ocrx_word' id='word_1_174' title='bbox 1177 2166 1302 2219; x_wconf 90' lang='lat' dir='ltr'><strong>matrem</strong></span> <span class='ocrx_word' id='word_1_175' title='bbox 1324 2177 1410 2220; x_wconf 91' lang='lat' dir='ltr'><strong>suam</strong></span> <span class='ocrx_word' id='word_1_176' title='bbox 1433 2161 1481 2221; x_wconf 89' lang='lat' dir='ltr'><strong>iu·</strong></span> 
     </span>
     <span class='ocr_line' id='line_1_19' title="bbox 80 2260 1479 2340; baseline 0 -19"><span class='ocrx_word' id='word_1_177' title='bbox 80 2265 130 2313; x_wconf 69' lang='lat'><strong>³⁷5.</strong></span> <span class='ocrx_word' id='word_1_178' title='bbox 144 2264 169 2304; x_wconf 52' lang='grc' dir='ltr'>ὅ</span> <span class='ocrx_word' id='word_1_179' title='bbox 183 2261 315 2328; x_wconf 87' lang='lat' dir='ltr'><strong>terlecit,</strong></span> <span class='ocrx_word' id='word_1_180' title='bbox 339 2262 479 2336; x_wconf 83' lang='lat' dir='ltr'><strong>quoniam</strong></span> <span class='ocrx_word' id='word_1_181' title='bbox 503 2261 618 2340; x_wconf 90' lang='lat' dir='ltr'><strong>etipsa</strong></span> <span class='ocrx_word' id='word_1_182' title='bbox 641 2269 755 2338; x_wconf 90' lang='lat' dir='ltr'><strong>patrem</strong></span> <span class='ocrx_word' id='word_1_183' title='bbox 777 2279 865 2321; x_wconf 93' lang='lat' dir='ltr'><strong>suum</strong></span> <span class='ocrx_word' id='word_1_184' title='bbox 887 2262 1088 2322; x_wconf 83' lang='lat' dir='ltr'><strong>interiecerat.</strong></span> <span class='ocrx_word' id='word_1_185' title='bbox 1127 2260 1337 2322; x_wconf 85' lang='lat' dir='ltr'><strong>Centaurus</strong></span> <span class='ocrx_word' id='word_1_186' title='bbox 1359 2262 1479 2322; x_wconf 86' lang='lat' dir='ltr'><strong>nauis.</strong></span> 
     </span>
     <span class='ocr_line' id='line_1_20' title="bbox 183 2360 1480 2448; baseline 0.002 -25"><span class='ocrx_word' id='word_1_187' title='bbox 183 2363 348 2423; x_wconf 87' lang='lat' dir='ltr'><strong>Centaurus</strong></span> <span class='ocrx_word' id='word_1_188' title='bbox 375 2370 540 2422; x_wconf 89' lang='lat' dir='ltr'><strong>monstrum</strong></span> <span class='ocrx_word' id='word_1_189' title='bbox 572 2371 624 2422; x_wconf 89' lang='lat' dir='ltr'><strong>est.</strong></span> <span class='ocrx_word' id='word_1_190' title='bbox 645 2361 810 2422; x_wconf 86' lang='lat' dir='ltr'><strong>semihomo</strong></span> <span class='ocrx_word' id='word_1_191' title='bbox 834 2369 864 2423; x_wconf 93' lang='lat' dir='ltr'><strong>et</strong></span> <span class='ocrx_word' id='word_1_192' title='bbox 886 2364 1073 2448; x_wconf 81' lang='lat' dir='ltr'><strong>semisquus,</strong></span> <span class='ocrx_word' id='word_1_193' title='bbox 1103 2362 1181 2439; x_wconf 83' lang='lat' dir='ltr'><strong>quod</strong></span> <span class='ocrx_word' id='word_1_194' title='bbox 1205 2360 1424 2441; x_wconf 86' lang='lat' dir='ltr'><strong>depingebatur</strong></span> <span class='ocrx_word' id='word_1_195' title='bbox 1445 2365 1480 2425; x_wconf 90' lang='lat' dir='ltr'><strong>in</strong></span> 
     </span>
     <span class='ocr_line' id='line_1_21' title="bbox 182 2462 1519 2545; baseline -0.001 -21"><span class='ocrx_word' id='word_1_196' title='bbox 182 2467 266 2534; x_wconf 89' lang='lat' dir='ltr'><strong>naui,</strong></span> <span class='ocrx_word' id='word_1_197' title='bbox 298 2471 331 2523; x_wconf 91' lang='lat' dir='ltr'><strong>ut</strong></span> <span class='ocrx_word' id='word_1_198' title='bbox 357 2463 612 2525; x_wconf 86' lang='lat' dir='ltr'><strong>demonstraretur</strong></span> <span class='ocrx_word' id='word_1_199' title='bbox 640 2464 782 2525; x_wconf 90' lang='lat' dir='ltr'><strong>uelocitas</strong></span> <span class='ocrx_word' id='word_1_200' title='bbox 811 2466 911 2533; x_wconf 91' lang='lat' dir='ltr'><strong>nauis,</strong></span> <span class='ocrx_word' id='word_1_201' title='bbox 939 2464 1008 2542; x_wconf 87' lang='lat' dir='ltr'><strong>quia</strong></span> <span class='ocrx_word' id='word_1_202' title='bbox 1031 2464 1117 2525; x_wconf 91' lang='lat' dir='ltr'><strong>nauis</strong></span> <span class='ocrx_word' id='word_1_203' title='bbox 1140 2462 1284 2524; x_wconf 88' lang='lat' dir='ltr'><strong>uelociter</strong></span> <span class='ocrx_word' id='word_1_204' title='bbox 1306 2464 1402 2524; x_wconf 91' lang='lat' dir='ltr'><strong>currit</strong></span> <span class='ocrx_word' id='word_1_205' title='bbox 1424 2481 1519 2545; x_wconf 81' lang='lat' dir='ltr'><strong>perro</strong></span> 
     </span>
     <span class='ocr_line' id='line_1_22' title="bbox 80 2562 1480 2643; baseline 0.002 -18"><span class='ocrx_word' id='word_1_206' title='bbox 80 2571 273 2625; x_wconf 74' lang='lat' dir='ltr'><strong>³⁷⁵·26mare.</strong></span> <span class='ocrx_word' id='word_1_207' title='bbox 320 2564 402 2624; x_wconf 88' lang='lat' dir='ltr'><strong>Vnde</strong></span> <span class='ocrx_word' id='word_1_208' title='bbox 424 2583 491 2626; x_wconf 88' lang='lat' dir='ltr'><strong>cum</strong></span> <span class='ocrx_word' id='word_1_209' title='bbox 514 2564 580 2625; x_wconf 90' lang='lat' dir='ltr'><strong>dico</strong></span> <span class='ocrx_word' id='word_1_210' title='bbox 603 2564 650 2626; x_wconf 89' lang='lat' dir='ltr'><strong>uel</strong></span> <span class='ocrx_word' id='word_1_211' title='bbox 673 2565 761 2625; x_wconf 88' lang='lat' dir='ltr'><strong>audio</strong></span> <span class='ocrx_word' id='word_1_212' title='bbox 784 2565 999 2634; x_wconf 71' lang='lat' dir='ltr'><strong>‘Centaurum&#39;,</strong></span> <span class='ocrx_word' id='word_1_213' title='bbox 1029 2563 1164 2643; x_wconf 90' lang='lat' dir='ltr'><strong>intelligo</strong></span> <span class='ocrx_word' id='word_1_214' title='bbox 1186 2582 1303 2625; x_wconf 91' lang='lat' dir='ltr'><strong>nauem.</strong></span> <span class='ocrx_word' id='word_1_215' title='bbox 1348 2562 1430 2627; x_wconf 83' lang='lat' dir='ltr'><strong>ttta</strong></span> <span class='ocrx_word' id='word_1_216' title='bbox 1454 2586 1480 2628; x_wconf 90' lang='lat' dir='ltr'><strong>s.</strong></span> 
     </span>
     <span class='ocr_line' id='line_1_23' title="bbox 182 2665 1480 2746; baseline 0.002 -19"><span class='ocrx_word' id='word_1_217' title='bbox 182 2669 316 2734; x_wconf 90' lang='lat' dir='ltr'><strong>nomina;</strong></span> <span class='ocrx_word' id='word_1_218' title='bbox 351 2676 437 2727; x_wconf 93' lang='lat' dir='ltr'><strong>sunt</strong></span> <span class='ocrx_word' id='word_1_219' title='bbox 468 2685 558 2727; x_wconf 91' lang='lat' dir='ltr'><strong>sono</strong></span> <span class='ocrx_word' id='word_1_220' title='bbox 591 2668 790 2735; x_wconf 81' lang='lat' dir='ltr'><strong>lominica,</strong></span> <span class='ocrx_word' id='word_1_221' title='bbox 824 2667 891 2746; x_wconf 87' lang='lat' dir='ltr'><strong>quia</strong></span> <span class='ocrx_word' id='word_1_222' title='bbox 920 2668 989 2727; x_wconf 91' lang='lat' dir='ltr'><strong>ina</strong></span> <span class='ocrx_word' id='word_1_223' title='bbox 1018 2665 1170 2734; x_wconf 86' lang='lat' dir='ltr'><strong>desinunt,</strong></span> <span class='ocrx_word' id='word_1_224' title='bbox 1200 2683 1276 2742; x_wconf 81' lang='lat' dir='ltr'><strong>quae</strong></span> <span class='ocrx_word' id='word_1_225' title='bbox 1303 2669 1480 2730; x_wconf 88' lang='lat' dir='ltr'><strong>terminatio</strong></span> 
     </span>
     <span class='ocr_line' id='line_1_24' title="bbox 181 2765 1479 2848; baseline 0.002 -20"><span class='ocrx_word' id='word_1_226' title='bbox 181 2769 300 2848; x_wconf 91' lang='lat' dir='ltr'><strong>proprie</strong></span> <span class='ocrx_word' id='word_1_227' title='bbox 324 2768 534 2828; x_wconf 78' lang='lat' dir='ltr'><strong>femininorum</strong></span> <span class='ocrx_word' id='word_1_228' title='bbox 556 2769 708 2828; x_wconf 92' lang='lat' dir='ltr'><strong>nomiuum</strong></span> <span class='ocrx_word' id='word_1_229' title='bbox 732 2777 786 2829; x_wconf 91' lang='lat' dir='ltr'><strong>est.</strong></span> <span class='ocrx_word' id='word_1_230' title='bbox 831 2767 1035 2829; x_wconf 89' lang='lat' dir='ltr'><strong>intellectu</strong></span> <span class='ocrx_word' id='word_1_231' title='bbox 1058 2765 1280 2835; x_wconf 88' lang='lat' dir='ltr'><strong>masculina,</strong></span> <span class='ocrx_word' id='word_1_232' title='bbox 1304 2769 1383 2846; x_wconf 90' lang='lat' dir='ltr'><strong>qnia,</strong></span> <span class='ocrx_word' id='word_1_233' title='bbox 1407 2786 1479 2831; x_wconf 92' lang='lat' dir='ltr'><strong>cum</strong></span> 
     </span>
     <span class='ocr_line' id='line_1_25' title="bbox 181 2868 1479 2948; baseline 0.002 -19"><span class='ocrx_word' id='word_1_234' title='bbox 181 2869 246 2930; x_wconf 93' lang='lat' dir='ltr'><strong>dico</strong></span> <span class='ocrx_word' id='word_1_235' title='bbox 270 2868 501 2937; x_wconf 80' lang='lat' dir='ltr'><strong>‘Fenestellam&#39;,</strong></span> <span class='ocrx_word' id='word_1_236' title='bbox 524 2868 655 2947; x_wconf 90' lang='lat' dir='ltr'><strong>intelligo</strong></span> <span class='ocrx_word' id='word_1_237' title='bbox 677 2872 870 2948; x_wconf 86' lang='lat' dir='ltr'><strong>scriptorem;</strong></span> <span class='ocrx_word' id='word_1_238' title='bbox 893 2870 950 2930; x_wconf 91' lang='lat' dir='ltr'><strong>luit</strong></span> <span class='ocrx_word' id='word_1_239' title='bbox 966 2871 1046 2929; x_wconf 88' lang='lat' dir='ltr'><strong>enim</strong></span> <span class='ocrx_word' id='word_1_240' title='bbox 1068 2869 1196 2947; x_wconf 85' lang='lat' dir='ltr'><strong>scriptor</strong></span> <span class='ocrx_word' id='word_1_241' title='bbox 1219 2870 1359 2947; x_wconf 79' lang='lat' dir='ltr'><strong>optimus</strong></span> <span class='ocrx_word' id='word_1_242' title='bbox 1404 2869 1479 2931; x_wconf 91' lang='lat' dir='ltr'><strong>lude</strong></span> 
     </span>
     <span class='ocr_line' id='line_1_26' title="bbox 181 2968 1518 3052; baseline 0.001 -23"><span class='ocrx_word' id='word_1_243' title='bbox 181 2981 211 3030; x_wconf 91' lang='lat' dir='ltr'><strong>et</strong></span> <span class='ocrx_word' id='word_1_244' title='bbox 233 2968 437 3031; x_wconf 77' lang='lat' dir='ltr'><strong>‘Fenestellas&#39;</strong></span> <span class='ocrx_word' id='word_1_245' title='bbox 460 2972 623 3048; x_wconf 87' lang='lat' dir='ltr'><strong>scriptores</strong></span> <span class='ocrx_word' id='word_1_246' title='bbox 647 2987 804 3041; x_wconf 89' lang='lat' dir='ltr'><strong>uocamus,</strong></span> <span class='ocrx_word' id='word_1_247' title='bbox 829 2973 879 3048; x_wconf 89' lang='lat' dir='ltr'><strong>qui</strong></span> <span class='ocrx_word' id='word_1_248' title='bbox 904 2969 980 3031; x_wconf 90' lang='lat' dir='ltr'><strong>benc</strong></span> <span class='ocrx_word' id='word_1_249' title='bbox 1003 2978 1126 3031; x_wconf 88' lang='lat' dir='ltr'><strong>utuntur</strong></span> <span class='ocrx_word' id='word_1_250' title='bbox 1147 2969 1204 3030; x_wconf 89' lang='lat' dir='ltr'><strong>bac</strong></span> <span class='ocrx_word' id='word_1_251' title='bbox 1225 2977 1298 3031; x_wconf 90' lang='lat' dir='ltr'><strong>arte.</strong></span> <span class='ocrx_word' id='word_1_252' title='bbox 1343 2971 1518 3052; x_wconf 73' lang='lat' dir='ltr'><strong>Aquilam</strong></span> 
     </span>
     <span class='ocr_line' id='line_1_27' title="bbox 181 3070 527 3149; baseline 0.009 -20"><span class='ocrx_word' id='word_1_253' title='bbox 181 3077 310 3131; x_wconf 91' lang='lat' dir='ltr'><strong>orator</strong></span> <span class='ocrx_word' id='word_1_254' title='bbox 332 3071 352 3129; x_wconf 93' lang='lat' dir='ltr'><strong>i.</strong></span> <span class='ocrx_word' id='word_1_255' title='bbox 377 3070 527 3149; x_wconf 87' lang='lat' dir='ltr'><strong>eloquens.</strong></span> 
     </span>
     <span class='ocr_line' id='line_1_28' title="bbox 79 3170 1477 3243; baseline 0.006 -13"><span class='ocrx_word' id='word_1_256' title='bbox 79 3179 163 3229; x_wconf 71' lang='lat'>³⁷⁵‚27</span> <span class='ocrx_word' id='word_1_257' title='bbox 258 3170 338 3231; x_wconf 78' lang='lat' dir='ltr'><strong>Alia</strong></span> <span class='ocrx_word' id='word_1_258' title='bbox 361 3179 430 3232; x_wconf 90' lang='lat' dir='ltr'><strong>sunt</strong></span> <span class='ocrx_word' id='word_1_259' title='bbox 452 3189 543 3233; x_wconf 92' lang='lat' dir='ltr'><strong>sono</strong></span> <span class='ocrx_word' id='word_1_260' title='bbox 566 3181 712 3243; x_wconf 91' lang='lat' dir='ltr'><strong>neutra,</strong></span> <span class='ocrx_word' id='word_1_261' title='bbox 730 3172 930 3235; x_wconf 90' lang='lat' dir='ltr'><strong>intellectu</strong></span> <span class='ocrx_word' id='word_1_262' title='bbox 953 3174 1148 3243; x_wconf 77' lang='lat' dir='ltr'><strong>feminina,</strong></span> <span class='ocrx_word' id='word_1_263' title='bbox 1164 3172 1477 3238; x_wconf 88' lang='lat' dir='ltr'><strong>utPhroueslnm.</strong></span> 
     </span>
     <span class='ocr_line' id='line_1_29' title="bbox 181 3271 1478 3354; baseline 0.006 -22"><span class='ocrx_word' id='word_1_264' title='bbox 181 3271 262 3332; x_wconf 85' lang='lat' dir='ltr'><strong>ldam</strong></span> <span class='ocrx_word' id='word_1_265' title='bbox 286 3280 330 3332; x_wconf 92' lang='lat' dir='ltr'><strong>est</strong></span> <span class='ocrx_word' id='word_1_266' title='bbox 353 3273 563 3353; x_wconf 88' lang='lat' dir='ltr'><strong>Sopbrouinm.</strong></span> <span class='ocrx_word' id='word_1_267' title='bbox 608 3273 665 3335; x_wconf 92' lang='lat' dir='ltr'><strong>lsta</strong></span> <span class='ocrx_word' id='word_1_268' title='bbox 689 3277 807 3336; x_wconf 91' lang='lat' dir='ltr'><strong>nomina</strong></span> <span class='ocrx_word' id='word_1_269' title='bbox 831 3278 944 3336; x_wconf 87' lang='lat' dir='ltr'><strong>comica</strong></span> <span class='ocrx_word' id='word_1_270' title='bbox 966 3283 1036 3335; x_wconf 92' lang='lat' dir='ltr'><strong>sunt</strong></span> <span class='ocrx_word' id='word_1_271' title='bbox 1056 3277 1080 3335; x_wconf 92' lang='lat' dir='ltr'><strong>i.</strong></span> <span class='ocrx_word' id='word_1_272' title='bbox 1110 3275 1254 3337; x_wconf 88' lang='lat' dir='ltr'><strong>iocularia</strong></span> <span class='ocrx_word' id='word_1_273' title='bbox 1277 3282 1365 3354; x_wconf 87' lang='lat' dir='ltr'><strong>atque</strong></span> <span class='ocrx_word' id='word_1_274' title='bbox 1388 3276 1478 3340; x_wconf 92' lang='lat' dir='ltr'><strong>dimi·</strong></span> 
     </span>
     <span class='ocr_line' id='line_1_30' title="bbox 183 3375 1477 3456; baseline 0.005 -22"><span class='ocrx_word' id='word_1_275' title='bbox 183 3375 294 3436; x_wconf 90' lang='lat' dir='ltr'><strong>nutiua.</strong></span> <span class='ocrx_word' id='word_1_276' title='bbox 339 3375 522 3437; x_wconf 83' lang='lat' dir='ltr'><strong>‘Phronesis’</strong></span> <span class='ocrx_word' id='word_1_277' title='bbox 546 3378 659 3438; x_wconf 90' lang='lat' dir='ltr'><strong>Graece</strong></span> <span class='ocrx_word' id='word_1_278' title='bbox 681 3376 853 3456; x_wconf 82' lang='lat' dir='ltr'><strong>prudentia,</strong></span> <span class='ocrx_word' id='word_1_279' title='bbox 878 3377 948 3437; x_wconf 90' lang='lat' dir='ltr'><strong>inde</strong></span> <span class='ocrx_word' id='word_1_280' title='bbox 970 3376 1165 3439; x_wconf 86' lang='lat' dir='ltr'><strong>Phronesium</strong></span> <span class='ocrx_word' id='word_1_281' title='bbox 1189 3377 1299 3438; x_wconf 90' lang='lat' dir='ltr'><strong>dicitur</strong></span> <span class='ocrx_word' id='word_1_282' title='bbox 1320 3377 1477 3454; x_wconf 90' lang='lat' dir='ltr'><strong>prudenti-</strong></span> 
     </span>
     <span class='ocr_line' id='line_1_31' title="bbox 78 3475 1515 3559; baseline 0.005 -23"><span class='ocrx_word' id='word_1_283' title='bbox 78 3487 130 3535; x_wconf 71' lang='grc'><strong>375,</strong></span> <span class='ocrx_word' id='word_1_284' title='bbox 143 3489 169 3529; x_wconf 74' lang='lat'><strong>2⁸</strong></span> <span class='ocrx_word' id='word_1_285' title='bbox 182 3476 256 3539; x_wconf 89' lang='lat' dir='ltr'><strong>cula.</strong></span> <span class='ocrx_word' id='word_1_286' title='bbox 287 3475 511 3554; x_wconf 81' lang='lat' dir='ltr'><strong>Glycerium.</strong></span> <span class='ocrx_word' id='word_1_287' title='bbox 542 3477 677 3559; x_wconf 74' lang='lat' dir='ltr'><strong>‘Glycon&#39;</strong></span> <span class='ocrx_word' id='word_1_288' title='bbox 695 3480 808 3540; x_wconf 90' lang='lat' dir='ltr'><strong>Graece</strong></span> <span class='ocrx_word' id='word_1_289' title='bbox 824 3478 919 3549; x_wconf 83' lang='lat' dir='ltr'><strong>dulce,</strong></span> <span class='ocrx_word' id='word_1_290' title='bbox 935 3478 1005 3540; x_wconf 92' lang='lat' dir='ltr'><strong>inde</strong></span> <span class='ocrx_word' id='word_1_291' title='bbox 1022 3479 1190 3559; x_wconf 79' lang='lat' dir='ltr'><strong>Glycerium</strong></span> <span class='ocrx_word' id='word_1_292' title='bbox 1206 3476 1363 3540; x_wconf 90' lang='lat' dir='ltr'><strong>dulcicula.</strong></span> <span class='ocrx_word' id='word_1_293' title='bbox 1392 3478 1476 3543; x_wconf 78' lang='lat' dir='ltr'><strong>ntia</strong></span> <span class='ocrx_word' id='word_1_294' title='bbox 1489 3494 1515 3535; x_wconf 71' lang='grc' dir='ltr'><strong>ιι</strong></span> 
     </span>
     <span class='ocr_line' id='line_1_32' title="bbox 181 3579 1476 3661; baseline 0.004 -22"><span class='ocrx_word' id='word_1_295' title='bbox 181 3596 271 3639; x_wconf 87' lang='lat' dir='ltr'><strong>sono</strong></span> <span class='ocrx_word' id='word_1_296' title='bbox 294 3579 488 3648; x_wconf 77' lang='lat' dir='ltr'><strong>feminina,</strong></span> <span class='ocrx_word' id='word_1_297' title='bbox 513 3579 713 3642; x_wconf 90' lang='lat' dir='ltr'><strong>intellectu</strong></span> <span class='ocrx_word' id='word_1_298' title='bbox 737 3590 882 3649; x_wconf 87' lang='lat' dir='ltr'><strong>neutra,</strong></span> <span class='ocrx_word' id='word_1_299' title='bbox 907 3587 945 3640; x_wconf 92' lang='lat' dir='ltr'><strong>ut</strong></span> <span class='ocrx_word' id='word_1_300' title='bbox 967 3597 1110 3658; x_wconf 90' lang='lat' dir='ltr'><strong>poema,</strong></span> <span class='ocrx_word' id='word_1_301' title='bbox 1134 3582 1159 3640; x_wconf 92' lang='lat' dir='ltr'><strong>i·</strong></span> <span class='ocrx_word' id='word_1_302' title='bbox 1183 3597 1304 3641; x_wconf 88' lang='lat' dir='ltr'><strong>carmen</strong></span> <span class='ocrx_word' id='word_1_303' title='bbox 1327 3579 1376 3641; x_wconf 92' lang='lat' dir='ltr'><strong>uel</strong></span> <span class='ocrx_word' id='word_1_304' title='bbox 1398 3600 1476 3661; x_wconf 87' lang='lat' dir='ltr'><strong>opus</strong></span> 
     </span>
     <span class='ocr_line' id='line_1_33' title="bbox 180 3679 1476 3762; baseline 0.006 -24"><span class='ocrx_word' id='word_1_305' title='bbox 180 3688 300 3759; x_wconf 89' lang='lat' dir='ltr'><strong>poetae;</strong></span> <span class='ocrx_word' id='word_1_306' title='bbox 329 3679 475 3741; x_wconf 89' lang='lat' dir='ltr'><strong>schema</strong></span> <span class='ocrx_word' id='word_1_307' title='bbox 499 3682 518 3740; x_wconf 91' lang='lat' dir='ltr'><strong>i·</strong></span> <span class='ocrx_word' id='word_1_308' title='bbox 541 3682 634 3760; x_wconf 90' lang='lat' dir='ltr'><strong>llgura</strong></span> <span class='ocrx_word' id='word_1_309' title='bbox 657 3683 705 3743; x_wconf 91' lang='lat' dir='ltr'><strong>uel</strong></span> <span class='ocrx_word' id='word_1_310' title='bbox 729 3682 857 3744; x_wconf 90' lang='lat' dir='ltr'><strong>babitus.</strong></span> <span class='ocrx_word' id='word_1_311' title='bbox 903 3681 1089 3743; x_wconf 77' lang='lat' dir='ltr'><strong>‘Emblcma&#39;</strong></span> <span class='ocrx_word' id='word_1_312' title='bbox 1113 3682 1220 3743; x_wconf 90' lang='lat' dir='ltr'><strong>dicitur</strong></span> <span class='ocrx_word' id='word_1_313' title='bbox 1241 3682 1369 3744; x_wconf 87' lang='lat' dir='ltr'><strong>uarietas</strong></span> <span class='ocrx_word' id='word_1_314' title='bbox 1391 3684 1476 3762; x_wconf 88' lang='lat' dir='ltr'><strong>paui-</strong></span> 
     </span>
     <span class='ocr_line' id='line_1_34' title="bbox 181 3780 1476 3863; baseline 0.004 -23"><span class='ocrx_word' id='word_1_315' title='bbox 181 3782 289 3848; x_wconf 82' lang='lat' dir='ltr'><strong>menti,</strong></span> <span class='ocrx_word' id='word_1_316' title='bbox 313 3782 426 3841; x_wconf 90' lang='lat' dir='ltr'><strong>Graece</strong></span> <span class='ocrx_word' id='word_1_317' title='bbox 448 3780 657 3842; x_wconf 77' lang='lat' dir='ltr'><strong>‘litbostrotus&#39;</strong></span> <span class='ocrx_word' id='word_1_318' title='bbox 674 3783 790 3853; x_wconf 88' lang='lat' dir='ltr'><strong>dicitur,</strong></span> <span class='ocrx_word' id='word_1_319' title='bbox 808 3781 853 3844; x_wconf 90' lang='lat' dir='ltr'><strong>uel</strong></span> <span class='ocrx_word' id='word_1_320' title='bbox 871 3782 1016 3845; x_wconf 87' lang='lat' dir='ltr'><strong>emblema</strong></span> <span class='ocrx_word' id='word_1_321' title='bbox 1033 3793 1079 3845; x_wconf 91' lang='lat' dir='ltr'><strong>est</strong></span> <span class='ocrx_word' id='word_1_322' title='bbox 1093 3783 1380 3863; x_wconf 82' lang='lat' dir='ltr'><strong>superabundantia,</strong></span> <span class='ocrx_word' id='word_1_323' title='bbox 1403 3783 1476 3845; x_wconf 87' lang='lat' dir='ltr'><strong>inde</strong></span> 
     </span>
     <span class='ocr_line' id='line_1_35' title="bbox 79 3880 1473 3963; baseline 0.011 -30"><span class='ocrx_word' id='word_1_324' title='bbox 79 3880 397 3942; x_wconf 69' lang='lat' dir='ltr'><strong>amso‘omholismus’</strong></span> <span class='ocrx_word' id='word_1_325' title='bbox 414 3883 670 3963; x_wconf 90' lang='lat' dir='ltr'><strong>superabundans.</strong></span> <span class='ocrx_word' id='word_1_326' title='bbox 705 3883 784 3945; x_wconf 83' lang='lat' dir='ltr'><strong>Alia</strong></span> <span class='ocrx_word' id='word_1_327' title='bbox 807 3893 892 3947; x_wconf 90' lang='lat' dir='ltr'><strong>sunt</strong></span> <span class='ocrx_word' id='word_1_328' title='bbox 913 3903 1003 3947; x_wconf 92' lang='lat' dir='ltr'><strong>sono</strong></span> <span class='ocrx_word' id='word_1_329' title='bbox 1026 3885 1244 3955; x_wconf 81' lang='lat' dir='ltr'><strong>masculina,</strong></span> <span class='ocrx_word' id='word_1_330' title='bbox 1268 3882 1473 3948; x_wconf 90' lang='lat' dir='ltr'><strong>intellectu</strong></span> 
     </span>
    </p>
   </div>
   <div class='ocr_carea' id='block_1_3' title="bbox 182 4033 408 4042">
    <p class='ocr_par' dir='ltr' id='par_1_3' title="bbox 182 4033 408 4042">
     <span class='ocr_line' id='line_1_36' title="bbox 182 4033 408 4042; baseline 0.004 -1"><span class='ocrx_word' id='word_1_331' title='bbox 182 4033 408 4042; x_wconf 80' lang='lat'>—-——-.-..—</span> 
     </span>
    </p>
   </div>
   <div class='ocr_carea' id='block_1_4' title="bbox 178 4119 1474 4592">
    <p class='ocr_par' dir='ltr' id='par_1_4' title="bbox 178 4119 1474 4592">
     <span class='ocr_line' id='line_1_37' title="bbox 247 4119 1473 4185; baseline 0.003 -16"><span class='ocrx_word' id='word_1_332' title='bbox 247 4120 357 4183; x_wconf 85' lang='lat' dir='ltr'><strong>9greoo</strong></span> <span class='ocrx_word' id='word_1_333' title='bbox 427 4122 458 4170; x_wconf 88' lang='grc'><strong>12</strong></span> <span class='ocrx_word' id='word_1_334' title='bbox 477 4121 502 4169; x_wconf 90' lang='lat' dir='ltr'><strong>in</strong></span> <span class='ocrx_word' id='word_1_335' title='bbox 520 4126 545 4170; x_wconf 69' lang='grc' dir='ltr'><strong>ιἐ</strong></span> <span class='ocrx_word' id='word_1_336' title='bbox 563 4120 668 4175; x_wconf 83' lang='lat' dir='ltr'><strong>desinit.</strong></span> <span class='ocrx_word' id='word_1_337' title='bbox 686 4138 767 4185; x_wconf 82' lang='lat' dir='ltr'><strong>supra</strong></span> <span class='ocrx_word' id='word_1_338' title='bbox 784 4121 828 4173; x_wconf 78' lang='lat' dir='ltr'><strong>lin.</strong></span> <span class='ocrx_word' id='word_1_339' title='bbox 849 4122 916 4170; x_wconf 90' lang='lat' dir='ltr'><strong>sicut</strong></span> <span class='ocrx_word' id='word_1_340' title='bbox 934 4119 1039 4171; x_wconf 80' lang='lat' dir='ltr'><strong>achilles</strong></span> <span class='ocrx_word' id='word_1_341' title='bbox 1127 4122 1158 4172; x_wconf 82' lang='grc'><strong>17</strong></span> <span class='ocrx_word' id='word_1_342' title='bbox 1177 4120 1349 4172; x_wconf 84' lang='lat' dir='ltr'><strong>cletemestrse</strong></span> <span class='ocrx_word' id='word_1_343' title='bbox 1418 4123 1473 4185; x_wconf 82' lang='lat' dir='ltr'><strong>qui.</strong></span> 
     </span>
     <span class='ocr_line' id='line_1_38' title="bbox 178 4185 1473 4256; baseline 0.003 -20"><span class='ocrx_word' id='word_1_344' title='bbox 178 4201 310 4250; x_wconf 77' lang='lat' dir='ltr'><strong>suprascr.</strong></span> <span class='ocrx_word' id='word_1_345' title='bbox 330 4198 426 4238; x_wconf 85' lang='lat' dir='ltr'><strong>orestes</strong></span> <span class='ocrx_word' id='word_1_346' title='bbox 490 4203 577 4251; x_wconf 84' lang='lat' dir='ltr'><strong>suam,</strong></span> <span class='ocrx_word' id='word_1_347' title='bbox 594 4205 726 4253; x_wconf 74' lang='lat' dir='ltr'><strong>suprascr.</strong></span> <span class='ocrx_word' id='word_1_348' title='bbox 745 4189 927 4238; x_wconf 84' lang='lat' dir='ltr'><strong>cletemestram</strong></span> <span class='ocrx_word' id='word_1_349' title='bbox 996 4185 1166 4253; x_wconf 83' lang='lat' dir='ltr'><strong>interiecerat]</strong></span> <span class='ocrx_word' id='word_1_350' title='bbox 1186 4189 1219 4239; x_wconf 81' lang='lat' dir='ltr'><strong>In</strong></span> <span class='ocrx_word' id='word_1_351' title='bbox 1236 4204 1315 4255; x_wconf 80' lang='lat' dir='ltr'><strong>murp.</strong></span> <span class='ocrx_word' id='word_1_352' title='bbox 1334 4189 1381 4252; x_wconf 79' lang='lat' dir='ltr'><strong>bos.</strong></span> <span class='ocrx_word' id='word_1_353' title='bbox 1397 4192 1473 4256; x_wconf 76' lang='lat' dir='ltr'><strong>algaro</strong></span> 
     </span>
     <span class='ocr_line' id='line_1_39' title="bbox 179 4255 1472 4321; baseline 0.005 -19"><span class='ocrx_word' id='word_1_354' title='bbox 179 4258 298 4319; x_wconf 80' lang='lat' dir='ltr'><strong>opposito</strong></span> <span class='ocrx_word' id='word_1_355' title='bbox 321 4257 426 4318; x_wconf 82' lang='lat' dir='ltr'><strong>insuper</strong></span> <span class='ocrx_word' id='word_1_356' title='bbox 443 4261 560 4320; x_wconf 76' lang='lat' dir='ltr'><strong>leguntur</strong></span> <span class='ocrx_word' id='word_1_357' title='bbox 576 4259 651 4307; x_wconf 84' lang='lat' dir='ltr'><strong>baec:</strong></span> <span class='ocrx_word' id='word_1_358' title='bbox 677 4255 843 4320; x_wconf 81' lang='lat' dir='ltr'><strong>Clytemestra</strong></span> <span class='ocrx_word' id='word_1_359' title='bbox 856 4271 921 4306; x_wconf 83' lang='lat' dir='ltr'><strong>uxor</strong></span> <span class='ocrx_word' id='word_1_360' title='bbox 934 4255 982 4305; x_wconf 88' lang='lat' dir='ltr'><strong>luit</strong></span> <span class='ocrx_word' id='word_1_361' title='bbox 993 4258 1195 4321; x_wconf 75' lang='lat' dir='ltr'><strong>Agamemnonis</strong></span> <span class='ocrx_word' id='word_1_362' title='bbox 1214 4258 1257 4320; x_wconf 89' lang='lat' dir='ltr'><strong>qui</strong></span> <span class='ocrx_word' id='word_1_363' title='bbox 1276 4271 1332 4305; x_wconf 86' lang='lat' dir='ltr'><strong>cum</strong></span> <span class='ocrx_word' id='word_1_364' title='bbox 1351 4272 1472 4308; x_wconf 87' lang='lat' dir='ltr'><strong>reuersus</strong></span> 
     </span>
     <span class='ocr_line' id='line_1_40' title="bbox 179 4321 1472 4390; baseline 0.005 -21"><span class='ocrx_word' id='word_1_365' title='bbox 179 4321 272 4371; x_wconf 85' lang='lat' dir='ltr'><strong>luisset</strong></span> <span class='ocrx_word' id='word_1_366' title='bbox 290 4338 323 4370; x_wconf 88' lang='lat' dir='ltr'><strong>ex</strong></span> <span class='ocrx_word' id='word_1_367' title='bbox 342 4323 406 4373; x_wconf 88' lang='lat' dir='ltr'><strong>bello</strong></span> <span class='ocrx_word' id='word_1_368' title='bbox 425 4324 549 4384; x_wconf 83' lang='lat' dir='ltr'><strong>Troiano,</strong></span> <span class='ocrx_word' id='word_1_369' title='bbox 567 4324 714 4374; x_wconf 78' lang='lat' dir='ltr'><strong>interiectus</strong></span> <span class='ocrx_word' id='word_1_370' title='bbox 733 4334 772 4373; x_wconf 90' lang='lat' dir='ltr'><strong>est</strong></span> <span class='ocrx_word' id='word_1_371' title='bbox 788 4340 834 4390; x_wconf 87' lang='lat' dir='ltr'><strong>per</strong></span> <span class='ocrx_word' id='word_1_372' title='bbox 854 4324 968 4389; x_wconf 86' lang='lat' dir='ltr'><strong>Egistum</strong></span> <span class='ocrx_word' id='word_1_373' title='bbox 987 4325 1138 4375; x_wconf 84' lang='lat' dir='ltr'><strong>adulterum.</strong></span> <span class='ocrx_word' id='word_1_374' title='bbox 1174 4324 1237 4373; x_wconf 87' lang='lat' dir='ltr'><strong>Nam</strong></span> <span class='ocrx_word' id='word_1_375' title='bbox 1261 4339 1317 4374; x_wconf 92' lang='lat' dir='ltr'><strong>cum</strong></span> <span class='ocrx_word' id='word_1_376' title='bbox 1336 4325 1472 4389; x_wconf 77' lang='lat' dir='ltr'><strong>ingressus</strong></span> 
     </span>
     <span class='ocr_line' id='line_1_41' title="bbox 178 4390 1474 4458; baseline 0.005 -21"><span class='ocrx_word' id='word_1_377' title='bbox 178 4390 270 4439; x_wconf 87' lang='lat' dir='ltr'><strong>luisset</strong></span> <span class='ocrx_word' id='word_1_378' title='bbox 286 4390 389 4439; x_wconf 90' lang='lat' dir='ltr'><strong>domum</strong></span> <span class='ocrx_word' id='word_1_379' title='bbox 408 4406 492 4449; x_wconf 83' lang='lat' dir='ltr'><strong>suam,</strong></span> <span class='ocrx_word' id='word_1_380' title='bbox 512 4391 601 4440; x_wconf 87' lang='lat' dir='ltr'><strong>obtulit</strong></span> <span class='ocrx_word' id='word_1_381' title='bbox 618 4393 640 4441; x_wconf 86' lang='lat' dir='ltr'><strong>ei</strong></span> <span class='ocrx_word' id='word_1_382' title='bbox 660 4392 701 4440; x_wconf 89' lang='lat' dir='ltr'><strong>illa</strong></span> <span class='ocrx_word' id='word_1_383' title='bbox 720 4390 882 4442; x_wconf 86' lang='lat' dir='ltr'><strong>Cletemestra</strong></span> <span class='ocrx_word' id='word_1_384' title='bbox 902 4402 997 4441; x_wconf 88' lang='lat' dir='ltr'><strong>uestem</strong></span> <span class='ocrx_word' id='word_1_385' title='bbox 1016 4394 1071 4441; x_wconf 85' lang='lat' dir='ltr'><strong>sine</strong></span> <span class='ocrx_word' id='word_1_386' title='bbox 1089 4393 1198 4458; x_wconf 75' lang='lat' dir='ltr'><strong>capitio,</strong></span> <span class='ocrx_word' id='word_1_387' title='bbox 1222 4408 1297 4454; x_wconf 85' lang='lat' dir='ltr'><strong>quam</strong></span> <span class='ocrx_word' id='word_1_388' title='bbox 1320 4407 1376 4441; x_wconf 90' lang='lat' dir='ltr'><strong>cum</strong></span> <span class='ocrx_word' id='word_1_389' title='bbox 1397 4394 1474 4444; x_wconf 84' lang='lat' dir='ltr'><strong>uellet</strong></span> 
     </span>
     <span class='ocr_line' id='line_1_42' title="bbox 179 4457 1472 4526; baseline 0.003 -20"><span class='ocrx_word' id='word_1_390' title='bbox 179 4457 284 4507; x_wconf 85' lang='lat' dir='ltr'><strong>inducre</strong></span> <span class='ocrx_word' id='word_1_391' title='bbox 301 4469 325 4506; x_wconf 89' lang='grc' dir='ltr'><strong>ει</strong></span> <span class='ocrx_word' id='word_1_392' title='bbox 343 4458 465 4522; x_wconf 85' lang='lat' dir='ltr'><strong>capitium</strong></span> <span class='ocrx_word' id='word_1_393' title='bbox 483 4459 598 4508; x_wconf 86' lang='lat' dir='ltr'><strong>inuenire</strong></span> <span class='ocrx_word' id='word_1_394' title='bbox 616 4474 666 4508; x_wconf 90' lang='lat' dir='ltr'><strong>uon</strong></span> <span class='ocrx_word' id='word_1_395' title='bbox 687 4472 788 4524; x_wconf 85' lang='lat' dir='ltr'><strong>posset,</strong></span> <span class='ocrx_word' id='word_1_396' title='bbox 806 4460 838 4508; x_wconf 86' lang='lat' dir='ltr'><strong>ab</strong></span> <span class='ocrx_word' id='word_1_397' title='bbox 857 4459 947 4524; x_wconf 84' lang='lat' dir='ltr'><strong>Egisto</strong></span> <span class='ocrx_word' id='word_1_398' title='bbox 966 4459 1079 4509; x_wconf 82' lang='lat' dir='ltr'><strong>adultero</strong></span> <span class='ocrx_word' id='word_1_399' title='bbox 1098 4463 1198 4509; x_wconf 86' lang='lat' dir='ltr'><strong>occisus</strong></span> <span class='ocrx_word' id='word_1_400' title='bbox 1217 4471 1263 4509; x_wconf 87' lang='lat' dir='ltr'><strong>est.</strong></span> <span class='ocrx_word' id='word_1_401' title='bbox 1288 4460 1363 4509; x_wconf 90' lang='lat' dir='ltr'><strong>Vnde</strong></span> <span class='ocrx_word' id='word_1_402' title='bbox 1380 4472 1472 4526; x_wconf 81' lang='lat' dir='ltr'><strong>postes</strong></span> 
     </span>
     <span class='ocr_line' id='line_1_43' title="bbox 178 4523 1471 4592; baseline 0.005 -20"><span class='ocrx_word' id='word_1_403' title='bbox 178 4525 211 4573; x_wconf 82' lang='lat' dir='ltr'><strong>sb</strong></span> <span class='ocrx_word' id='word_1_404' title='bbox 230 4523 319 4575; x_wconf 86' lang='lat' dir='ltr'><strong>Oreste</strong></span> <span class='ocrx_word' id='word_1_405' title='bbox 345 4524 397 4575; x_wconf 87' lang='lat' dir='ltr'><strong>lilio</strong></span> <span class='ocrx_word' id='word_1_406' title='bbox 419 4541 468 4576; x_wconf 88' lang='lat' dir='ltr'><strong>suo</strong></span> <span class='ocrx_word' id='word_1_407' title='bbox 491 4526 621 4575; x_wconf 81' lang='lat' dir='ltr'><strong>interiecta</strong></span> <span class='ocrx_word' id='word_1_408' title='bbox 644 4536 695 4585; x_wconf 89' lang='grc' dir='ltr'><strong>εει,</strong></span> <span class='ocrx_word' id='word_1_409' title='bbox 725 4528 769 4590; x_wconf 88' lang='lat' dir='ltr'><strong>qui</strong></span> <span class='ocrx_word' id='word_1_410' title='bbox 793 4538 884 4592; x_wconf 84' lang='lat' dir='ltr'><strong>postes</strong></span> <span class='ocrx_word' id='word_1_411' title='bbox 905 4527 997 4588; x_wconf 80' lang='lat' dir='ltr'><strong>furuit,</strong></span> <span class='ocrx_word' id='word_1_412' title='bbox 1024 4528 1056 4578; x_wconf 89' lang='lat' dir='ltr'><strong>de</strong></span> <span class='ocrx_word' id='word_1_413' title='bbox 1082 4528 1155 4577; x_wconf 87' lang='lat' dir='ltr'><strong>onius</strong></span> <span class='ocrx_word' id='word_1_414' title='bbox 1183 4528 1293 4578; x_wconf 86' lang='lat' dir='ltr'><strong>miseriis</strong></span> <span class='ocrx_word' id='word_1_415' title='bbox 1316 4526 1471 4579; x_wconf 80' lang='lat' dir='ltr'><strong>Horatius</strong></span> 
     </span>
    </p>
   </div>
   <div class='ocr_carea' id='block_1_5' title="bbox 179 4619 1471 4860">
    <p class='ocr_par' dir='ltr' id='par_1_5' title="bbox 179 4619 1471 4860">
     <span class='ocr_line' id='line_1_44' title="bbox 180 4619 1471 4725; baseline 0.007 -19"><span class='ocrx_word' id='word_1_416' title='bbox 180 4660 337 4725; x_wconf 76' lang='lat' dir='ltr'><strong>tragoediam</strong></span> <span class='ocrx_word' id='word_1_417' title='bbox 356 4659 427 4719; x_wconf 88' lang='lat' dir='ltr'><strong>lecit,</strong></span> <span class='ocrx_word' id='word_1_418' title='bbox 447 4660 514 4711; x_wconf 88' lang='lat' dir='ltr'><strong>idest</strong></span> <span class='ocrx_word' id='word_1_419' title='bbox 530 4660 675 4710; x_wconf 90' lang='lat' dir='ltr'><strong>luctuosum</strong></span> <span class='ocrx_word' id='word_1_420' title='bbox 693 4676 802 4715; x_wconf 86' lang='lat' dir='ltr'><strong>carmen.</strong></span> <span class='ocrx_word' id='word_1_421' title='bbox 871 4664 903 4713; x_wconf 92' lang='grc'><strong>22</strong></span> <span class='ocrx_word' id='word_1_422' title='bbox 919 4619 1125 4715; x_wconf 70' lang='lat' dir='ltr'><strong>lemiuinasono</strong></span> <span class='ocrx_word' id='word_1_423' title='bbox 1194 4666 1227 4714; x_wconf 80' lang='grc'><strong>27</strong></span> <span class='ocrx_word' id='word_1_424' title='bbox 1245 4664 1385 4714; x_wconf 81' lang='lat' dir='ltr'><strong>lronesium</strong></span> <span class='ocrx_word' id='word_1_425' title='bbox 1437 4666 1471 4715; x_wconf 83' lang='grc'><strong>22</strong></span> 
     </span>
     <span class='ocr_line' id='line_1_45' title="bbox 179 4725 1471 4797; baseline 0.007 -23"><span class='ocrx_word' id='word_1_426' title='bbox 179 4725 289 4777; x_wconf 89' lang='lat' dir='ltr'><strong>lrouesis</strong></span> <span class='ocrx_word' id='word_1_427' title='bbox 307 4742 382 4792; x_wconf 81' lang='lat' dir='ltr'><strong>greco</strong></span> <span class='ocrx_word' id='word_1_428' title='bbox 449 4731 483 4781; x_wconf 85' lang='lat'><strong>30</strong></span> <span class='ocrx_word' id='word_1_429' title='bbox 500 4727 630 4793; x_wconf 84' lang='lat' dir='ltr'><strong>glicerium</strong></span> <span class='ocrx_word' id='word_1_430' title='bbox 649 4730 733 4794; x_wconf 87' lang='lat' dir='ltr'><strong>glicon</strong></span> <span class='ocrx_word' id='word_1_431' title='bbox 753 4745 827 4794; x_wconf 83' lang='lat' dir='ltr'><strong>grece</strong></span> <span class='ocrx_word' id='word_1_432' title='bbox 895 4730 1026 4796; x_wconf 87' lang='lat' dir='ltr'><strong>glicerinm</strong></span> <span class='ocrx_word' id='word_1_433' title='bbox 1099 4734 1132 4783; x_wconf 75' lang='lat'><strong>32</strong></span> <span class='ocrx_word' id='word_1_434' title='bbox 1151 4732 1190 4782; x_wconf 91' lang='lat' dir='ltr'><strong>uel</strong></span> <span class='ocrx_word' id='word_1_435' title='bbox 1209 4731 1311 4782; x_wconf 84' lang='lat' dir='ltr'><strong>babitus</strong></span> <span class='ocrx_word' id='word_1_436' title='bbox 1328 4747 1410 4797; x_wconf 71' lang='lat' dir='ltr'><strong>surpra</strong></span> <span class='ocrx_word' id='word_1_437' title='bbox 1427 4734 1471 4783; x_wconf 77' lang='lat' dir='ltr'><strong>lin.</strong></span> 
     </span>
     <span class='ocr_line' id='line_1_46' title="bbox 180 4795 462 4860; baseline 0.007 -16"><span class='ocrx_word' id='word_1_438' title='bbox 180 4796 213 4844; x_wconf 83' lang='lat'><strong>³3</strong></span> <span class='ocrx_word' id='word_1_439' title='bbox 229 4809 305 4860; x_wconf 84' lang='lat' dir='ltr'><strong>grece</strong></span> <span class='ocrx_word' id='word_1_440' title='bbox 321 4795 462 4846; x_wconf 77' lang='lat' dir='ltr'><strong>licostratus</strong></span> 
     </span>
    </p>
   </div>
   <div class='ocr_carea' id='block_1_6' title="bbox 0 0 1696 5476">
    <p class='ocr_par' dir='ltr' id='par_1_6' title="bbox 0 0 1696 5476">
     <span class='ocr_line' id='line_1_47' title="bbox 0 0 1696 5476; baseline 0 1"><span class='ocrx_word' id='word_1_441' title='bbox 0 0 1696 5476; x_wconf 95' lang='lat' dir='ltr'><strong> </strong></span> 
     </span>
    </p>
   </div>
  </div>
 </body>
</html>
