3382 5476
200 387 284 433 XLIV
608 370 659 421 Du
677 369 799 422 LIBRIS
816 367 1076 419 BERNENSIBVS.

192 561 298 636 prima
321 566 350 619 et
371 562 403 619 in
428 561 533 619 ultima
551 561 671 634 popina
692 561 813 633 lepitur.
845 559 944 618 Huius
965 558 1039 617 libri
1058 557 1140 630 prod
1160 557 1263 630 scroti·
1281 559 1496 617 commentario

198 663 236 719 do
255 663 358 721 littera
380 670 436 721 etc.
459 662 621 722 subiectum
643 668 687 721 est
709 662 747 749 de
767 662 879 721 ultimis
906 660 1126 719 coniunctionis
1144 659 1382 734 praepositionis
1402 660 1494 718 inter-

197 764 331 822 iectionis
352 763 477 839 syllabis
497 770 604 838 caput,
628 762 716 835 infra
734 761 840 838 praes.
858 763 961 836 partis
983 762 1094 820 tertiae
1114 776 1184 835 cap.
1215 761 1262 820 Vl
1279 758 1437 820 edidimus.

732 1015 957 1024 μ*-

652 1238 693 1328 4)
721 1238 811 1311 cot.
838 1240 953 1308 nem.
980 1238 1037 1308 to.

280 1406 319 1465 In
340 1407 473 1466 maximo
495 1409 548 1466 illo
566 1409 718 1481 plossario
741 1407 891 1466 Bernensi
913 1413 948 1464 to
968 1400 1057 1466 saec(
1074 1405 1122 1464 tit
1143 1408 1272 1481 scripto,
1302 1408 1354 1465 cui
1379 1406 1494 1464 similli-

195 1523 274 1567 mum
295 1514 338 1566 est
360 1509 452 1580 iliud,
477 1524 517 1567 es
539 1525 598 1583 puo
612 1511 650 1566 Α.
668 1508 771 1568 Maius
785 1511 853 1568 olim
875 1510 1022 1568 nonnulla
1044 1509 1121 1567 scitu
1142 1509 1320 1580 dipnissimo
1342 1509 1494 1582 excerpsit

196 1611 283 1669 Auci.
307 1609 446 1669 Vatican.
470 1611 530 1669 nol.
554 1610 598 1670 Vl
614 1627 648 1686 p.
666 1617 829 1668 575-600
851 1604 909 1690 (cf.
925 1610 1154 1670 Wilmannsium
1176 1626 1249 1668 mus.
1266 1609 1363 1668 Rhea.
1380 1608 1496 1668 XXIV

191 1727 227 1785 p.
252 1717 310 1769 363
331 1729 366 1784 s.‚
396 1712 559 1771 Vscnernm
581 1712 652 1772 ibid.
674 1730 706 1788 p.
731 1718 789 1770 382
809 1729 845 1784 s.,
867 1712 906 1772 H.
930 1713 1107 1772 llettnerum
1123 1703 1234 1786 propr.
1258 1711 1390 1770 Rossleh.
1419 1717 1493 1770 1888

190 1829 225 1887 p.
253 1819 288 1869 25
310 1808 403 1892 sep),
428 1812 569 1887 pluribus
595 1816 670 1873 locis
692 1814 730 1873 de
748 1815 952 1888 prommatica
980 1828 1095 1888 quoque
1122 1813 1225 1885 opitur
1247 1814 1307 1880 ila,
1337 1820 1369 1872 ut
1391 1829 1493 1872 omnes

195 1913 249 1972 hos
276 1914 360 1973 locos
388 1915 563 1974 accuratius
591 1921 790 1990 pertractare
817 1932 929 1990 operae
956 1917 1089 1989 pretium
1117 1914 1268 1973 uideatur.
1320 1912 1398 1973 llam
1424 1929 1493 1974 etan

195 2015 269 2074 locis
287 2013 359 2086 sere
374 2016 519 2090 plurimis
539 2032 623 2075 mera
645 2016 759 2076 Isidori
778 2018 874 2077 uerba
893 2024 1116 2092 proponantur,
1140 2031 1198 2074 non
1218 2031 1321 2090 pauca
1334 2016 1492 2076 inueniun-

196 2123 248 2175 tur
269 2116 460 2186 isidorianis,
486 2127 640 2178 auctorum
655 2119 823 2178 nominihus
842 2120 1071 2194 praetermissis,
1093 2118 1266 2184 subiuncta,
1289 2132 1368 2191 quae
1382 2124 1436 2176 aat
1451 2119 1495 2176 ad

196 2217 347 2277 Donatum
370 2225 423 2278 aut
445 2220 488 2278 ad
508 2217 648 2280 Seruium
670 2228 724 2280 ant
745 2222 787 2279 od
808 2223 901 2280 alium
922 2217 1138 2294 artipraplrum
1153 2217 1320 2290 reserenda
1334 2226 1412 2278 sunt.
1443 2219 1493 2279 Eat

195 2319 302 2394 quihus
323 2336 361 2378 ea
383 2322 521 2395 inprimis
541 2325 822 2382 commemoratione
848 2322 946 2397 dipna
974 2321 1126 2394 uidentur,
1156 2336 1248 2394 quae,
1278 2321 1349 2381 dum
1378 2320 1495 2381 Donati

195 2422 290 2481 ucria
312 2423 378 2503 ipsa
400 2430 546 2482 accurate
565 2426 751 2499 exprimunt,
776 2426 840 2483 alia
862 2423 924 2484 illis
946 2424 1086 2482 admixta
1108 2423 1156 2482 uel
1177 2423 1290 2482 inserta
1312 2423 1361 2481 uel
1380 2438 1491 2498 supcr-

195 2523 303 2582 addito
330 2522 448 2583 habent.
496 2524 626 2595 (inmuni
654 2542 733 2600 quac
766 2527 810 2585 ad
837 2528 1009 2600 tipurarum
1036 2526 1227 2599 poeticarum
1259 2525 1492 2599 explicationem

191 2627 361 2700 pertinent,
392 2626 435 2684 ad
462 2642 553 2687 unum
577 2626 649 2699 sere
676 2628 776 2687 omnia
803 2631 833 2687 in
863 2627 998 2702 quadam
1021 2633 1090 2685 arte
1110 2627 1223 2685 codicis
1246 2625 1412 2686 Bernensis
1435 2632 1492 2684 207

196 2729 315 2804 inueni,
339 2744 426 2801 qnam
449 2744 489 2786 es
511 2729 629 2800 iisdem,
654 2746 694 2788 ex
715 2729 820 2803 quihus
841 2728 1122 2789 iuliani.doctrina
1141 2729 1249 2802 fiuxit,
1268 2726 1407 2799 sontibus
1428 2745 1490 2787 ma-

196 2845 284 2888 nasse
306 2827 396 2900 insra
414 2826 520 2903 praes.
538 2829 591 2888 ΙΙΙ
605 2847 675 2905 cap.
696 2836 711 2887 7
735 2832 910 2891 accuratius
931 2831 1193 2890 demonstraturus
1213 2846 1288 2890 sum.

278 2929 317 2989 In
340 2930 533 3004 excerpendo
554 2938 653 2990 autem
677 2948 736 2991 non
759 2949 824 2993 eum
847 2933 997 2999 ordinem,
1026 2947 1083 3005 quo
1112 2933 1169 2991 ista
1196 2932 1226 2990 in
1249 2932 1354 2991 codice
1374 2934 1491 3007 scripta

194 3038 279 3097 sunt,
308 3033 404 3090 secati
429 3047 545 3104 sumus,
575 3033 629 3091 sed
654 3049 755 3093 rerum
784 3036 919 3109 ipsarum
941 3035 1064 3102 seriem,
1092 3051 1153 3107 qna
1180 3036 1210 3093 in
1240 3034 1490 3109 artipropltorum

193 3134 316 3208 scriptis
343 3135 477 3192 tractari
503 3135 613 3202 solent,
647 3134 807 3195 obseruari
836 3137 932 3195 satius
959 3136 1116 3203 duximus,
1150 3142 1198 3209 ut,
1228 3150 1426 3210 quaeeunque
1454 3136 1492 3194 de

191 3236 393 3308 arammaticu
412 3242 540 3309 praeter
561 3236 739 3297 Isidorinna
761 3239 792 3296 in
814 3239 919 3298 codice
940 3236 1090 3297 Bernensi
1109 3240 1226 3313 scripta
1247 3243 1331 3310 sunt,
1355 3237 1408 3296 suls
1431 3254 1491 3296 uno

194 3338 295 3395 omnio
322 3345 484 3411 conspectu
517 3338 635 3412 dipesta
669 3345 760 3414 atque
786 3340 949 3399 secundum
979 3340 1115 3398 ordinem
1146 3340 1292 3416 disposita
1317 3341 1493 3413 percenseri

191 3444 320 3513 possent.

279 3540 324 3598 lle
345 3542 447 3599 metris
468 3542 563 3615 ipitur
585 3542 661 3600 haec
681 3544 797 3617 scripta
818 3551 915 3602 sunt:-

279 3663 297 3715 i.
315 3661 374 3718 20⁸
390 3661 441 3717 coi.
459 3662 477 3716 2
501 3662 636 3719 hinnitum
653 3672 851 3736 pentametrum
868 3674 974 3722 cornua
990 3665 1203 3739 penthemimere
1218 3663 1363 3738 spondaico
1379 3673 1408 3723 cl
1423 3664 1489 3720 duo·

120 3776 121 3780 =
195 3745 245 3800 hus
271 3745 406 3801 trochaeis
430 3756 460 3801 ut
482 3755 524 3801 cst
546 3749 614 3804 hoc:

504 3832 643 3889 Carmen
667 3833 802 3890 relaxat
826 3835 940 3890 taedia
963 3836 1132 3909 pecturis.

278 3913 414 3970 Alcaicum
431 3923 618 3973 tetrametrum
634 3926 741 3975 constat
756 3918 862 3975 duuhus
878 3919 992 3993 dactylis
1003 3928 1031 3974 et
1043 3919 1150 3974 duahus
1162 3919 1309 3991 trochaeis,
1325 3929 1355 3976 ut
1367 3929 1409 3977 est
1421 3920 1486 3976 hou:

502 4001 593 4058 Luna
616 4003 744 4059 rubens
766 4004 940 4078 zephyros
962 4007 1124 4060 minatur.
1502 4018 1514 4057 s

279 4082 298 4138 i.
313 4082 441 4140 422001.
460 4087 475 4141 1
497 4087 701 4160 asclepiadeum
724 4097 921 4162 pentametrum
944 4090 1026 4145 hahet
1047 4088 1164 4162 primum
1188 4089 1344 4162 spondium,
1367 4091 1487 4146 secundo

193 4168 329 4241 dactylum
351 4186 412 4226 cum
435 4171 565 4228 catalecto
588 4190 619 4229 ac
640 4172 736 4228 deinde
758 4174 827 4231 duos
850 4173 974 4248 dactylos
996 4176 1055 4229 sine
1077 4173 1208 4229 catalecto
1232 4173 1285 4230 hoc
1307 4174 1444 4249 exemplo:

502 4256 668 4312 lnuentur
690 4258 790 4313 rutili
814 4259 875 4314 dus
898 4258 988 4315 hanc
1011 4259 1161 4314 luminis.

192 4337 260 4392 lhtic
282 4346 370 4394 metro
393 4350 457 4413 post
480 4342 600 4414 quinque
624 4359 721 4398 uersus
745 4342 865 4400 clausula
887 4343 975 4399 datur.

261 4609 275 4656 l
294 4591 391 4656 ClCEh
410 4606 467 4669 (hoc
484 4608 585 4658 librarii
601 4610 662 4660 uitio
677 4611 746 4672 salse
763 4613 949 4677 praescriptum
967 4611 1016 4675 est)
1036 4607 1164 4677 Alnicum]
1183 4612 1217 4674 cs.
1236 4611 1323 4662 Seruii
1340 4613 1372 4664 de
1390 4619 1487 4662 eentum

192 4709 278 4757 metris
294 4725 321 4772 p.
341 4711 397 4767 lid,
417 4713 448 4759 17
466 4710 501 4764 Κ,
555 4713 698 4776 pentemine
750 4714 918 4779 respoudaicn
1004 4713 1147 4766 uthroceis
1200 4712 1267 4762 tedia
1334 4714 1485 4765 dhlaicum

242 4775 350 4839 dactylis
402 4777 511 4827 trocheis
580 4779 596 4828 6
614 4775 717 4828 secun‘¹⁰
734 4781 860 4845 dactylum
880 4798 938 4831 cum
957 4783 1078 4832 catalecto
1099 4777 1294 4848 lylllllllllllllllllac
1311 4782 1403 4832 deiude
1471 4785 1486 4832 ‘l

192 4842 299 4893 dactilos
351 4845 427 4896 huius
445 4846 562 4912 exemplo
631 4848 793 4899 8innenitor
