3382 5476
194 371 269 429 xult
609 365 659 415 ut:
678 364 799 415 LlBlllS
819 361 1073 414 BERNENSIBVS.

273 552 284 635 ΙΙ
307 558 326 614 l.
344 558 400 615 98⁵
423 551 434 635 ll
457 558 492 613 lle
515 573 570 631 quo
594 557 675 614 Roma
699 558 803 630 accepit
832 556 950 611 nornen?
993 554 1029 610 lle
1057 553 1172 632 Romulo
1201 563 1228 609 et
1254 554 1336 610 Reum
1366 551 1492 629 (remulo)

194 643 302 700 dnobus
324 642 471 711 iratribus,
495 644 542 716 qul
564 642 673 699 Romam
697 640 795 713 (roma)
817 639 1044 710 aedilicaueruut,
1067 648 1095 695 ct
1117 647 1195 695 antea
1217 638 1282 696 Alba
1299 636 1397 714 [albual
1420 640 1492 697 dice·

196 728 275 784 batur
298 736 326 783 et
347 727 468 800 populns
492 723 556 800 (os)
580 728 639 783 elus
663 725 758 782 Albani
780 724 948 793 dicebantur,
972 725 1043 781 sicut
1065 724 1178 781 Romani
1200 723 1233 780 de
1256 724 1348 780 lloma.
1384 723 1490 781 ‘Roma’

194 814 272 870 cuius
300 811 411 886 linguae
441 808 507 886 (ua)
531 811 648 867 dicitur?
691 811 808 867 Graecae
837 818 865 866 et
892 808 1017 866 ‘uirtus’
1042 808 1253 882 interpretatur,
1283 808 1395 865 llomani
1423 826 1492 866 uero

195 896 327 954 sublimes
349 897 408 953 siue
432 902 558 952 tonantes
581 894 699 966 (sublimi
723 896 746 951 si
770 905 834 952 ueto
856 894 963 965 nantes)
990 937 1103 952 ......
1133 893 1286 967 ‘incipiunt
1307 891 1439 952 leliciter'
1464 904 1493 952 et

195 981 311 1056 reliqua.
356 980 581 1056 interrogandum
615 989 671 1052 est,
706 979 771 1054 quid
805 988 848 1037 est
879 979 948 1049 lroe,
979 980 1002 1035 si
1030 978 1163 1052 prologus
1191 976 1235 1036 uel
1263 979 1412 1053 capitulum
1444 988 1493 1036 aut

196 1073 386 1141 argumentum
410 1066 470 1122 siue
492 1064 625 1140 praelatio
648 1073 695 1121 aut
717 1063 845 1121 salutatio
869 1064 912 1120 uel
935 1062 1033 1121 titulus
1056 1062 1114 1120 siue
1137 1064 1325 1136 pronuntiatio
1348 1062 1392 1120 uel
1416 1065 1493 1120 testi·

195 1153 315 1208 monium
347 1150 407 1208 siue
436 1151 558 1224 sumptio
581 1150 624 1206 uel
647 1149 830 1223 consumptio.
875 1147 1013 1206 Sermonis
1036 1150 1089 1205 lroe
1109 1149 1251 1223 proprium
1274 1156 1317 1205 est
1338 1149 1491 1223 Inscriptio,

196 1238 267 1293 sicut
289 1235 406 1308 legimus
429 1234 484 1291 ‘est
505 1234 561 1291 ars’
586 1236 646 1291 siue
669 1235 810 1308 inscriptio
834 1243 975 1291 auctorum
997 1232 1020 1303 †
1042 1250 1095 1290 non
1120 1229 1298 1302 mentitus.*)

275 1399 286 1482 ΙΙ
306 1405 322 1462 l.
339 1398 403 1464 98¹³
420 1399 431 1482 ΙΙ
448 1404 553 1464 ‘Partes
577 1404 734 1476 orationis’,
756 1404 827 1460 idest
849 1405 934 1460 totius
956 1404 1125 1477 Latinitatis,
1150 1404 1212 1478 quia
1234 1404 1328 1460 Latina
1349 1404 1440 1475 lingua
1465 1413 1492 1460 et

197 1490 311 1547 uerbum
335 1499 363 1547 et
385 1507 476 1547 sermo
498 1500 525 1547 et
549 1489 666 1564 loquella
689 1489 799 1560 dicitur,
822 1488 894 1546 sicut
916 1497 1059 1545 sanctus
1083 1489 1307 1546 llieronimus
1330 1489 1411 1544 dixit:
1449 1489 1490 1544 Er

194 1574 303 1632 norbo
327 1576 516 1633 Graeceio
541 1573 879 1646 uerbumbatinum,
907 1590 945 1631 ex
973 1589 1130 1631 sermone
1153 1573 1281 1630 Graeco
1303 1575 1337 1630 ln
1360 1589 1491 1630 sermo·

194 1676 266 1716 nem
289 1659 465 1732 latinum,
489 1669 517 1717 et
540 1669 571 1717 ut
592 1656 706 1716 dicitur:
744 1658 941 1716 ‘barbarismus
964 1658 1055 1714 estin
1079 1667 1174 1715 nostra
1196 1656 1327 1732 loquella’
1352 1654 1491 1732 (loquelal.

194 1745 241 1801 Vel
264 1743 374 1818 ‘partes
396 1745 547 1802 orationis'
572 1745 699 1801 idoneum
722 1743 909 1800 testimonium
934 1741 1059 1821 (idoneus
1081 1740 1244 1817 testimonii)
1272 1744 1299 1798 in
1326 1759 1382 1816 quo
1405 1744 1492 1799 conti·

194 1838 295 1885 nentur
310 1823 321 1907 ΙΙ
339 1829 357 1884 l.
373 1828 430 1887 99·
447 1824 458 1906 ΙΙ
475 1845 569 1886 omnes
592 1838 684 1904 partes
707 1829 856 1900 orationis,
879 1838 924 1885 ut:
947 1827 1124 1884 ‘Fesceuuius
1140 1824 1252 1904 (cuius)
1271 1828 1315 1885 ille
1335 1827 1402 1884 dixit
1424 1826 1491 1883 hila·

195 1915 262 1971 riter
286 1906 503 1988 (hel-lloqueus
525 1915 548 1970 si
572 1914 604 1970 ad
627 1931 677 1969 nos
701 1913 789 1969 euar'.

281 1998 354 2067 Quot
376 2007 455 2069 sunt,
485 2016 554 2072 quae
582 1999 626 2055 bic
643 1999 847 2076 ,grammaticus
869 1997 1040 2070 interrogat?
1083 1997 1154 2054 ldest
1177 2014 1207 2054 se
1229 1998 1317 2071 ipsnrn
1340 1998 1493 2069 interrogat

196 2083 344 2140 seeundum
360 2085 555 2156 Augustini
577 2099 746 2140 sermonem:
770 2082 839 2157 Ego
862 2091 895 2139 et
917 2083 1006 2138 ratio
1030 2083 1129 2155 quasi
1153 2082 1217 2139 duo
1240 2096 1409 2150 essemus,
1426 2099 1491 2154 ego

195 2170 399 2240 interrogo,
422 2169 514 2225 ratio
537 2169 620 2224 mibi
644 2168 834 2241 respondet
856 2167 916 2240 (it,
939 2166 979 2238 cf.
1002 2160 1075 2239 Amy.
1098 2166 1227 2224 Retraet.
1250 2166 1356 2239 Ieap.
1373 2171 1408 2222 4.·
1436 2165 1493 2222 ‘mc

195 2255 369 2326 interrogans
394 2253 513 2327 mihique
536 2252 706 2327 respondens
729 2261 865 2328 tamqnam
881 2252 934 2308 duo
950 2267 1081 2322 essemus,
1098 2254 1167 2307 ratio
1190 2261 1218 2307 et
1239 2269 1309 2324 ego,
1331 2268 1391 2308 euru
1415 2249 1492 2307 solus

195 2335 316 2407 essem’).
355 2335 448 2404 Qualis
465 2346 562 2412 tropus
578 2331 714 2410 (trophos)
732 2339 872 2395 inuenitur
894 2338 922 2393 in
944 2337 987 2392 bis
1010 2344 1073 2392 octo
1096 2336 1220 2410 partibus
1249 2337 1401 2394 orationis?
1434 2334 1491 2393 lloe

196 2429 238 2478 est
260 2421 382 2496 dialyton
405 2422 548 2496 (dyaliton)
571 2422 614 2479 uel
633 2423 818 2495 asyntheton,
848 2423 918 2478 idest
945 2421 1027 2478 riictio
1050 2437 1144 2477 carens
1166 2420 1421 2492 coniunctionibus,
1445 2429 1489 2477 ut:

399 2508 449 2563 lte
472 2506 564 2564 iertc
587 2510 659 2564 cite
683 2507 853 2578 flammas,
875 2507 951 2564 date
974 2506 1066 2576 uela,
1088 2506 1255 2580 inpellitc
1278 2523 1399 2562 remos.

199 2591 248 2663 (ite
271 2592 316 2648 citi
332 2592 453 2648 llammas
469 2591 539 2648 lerte
553 2592 615 2649 date
632 2592 683 2649 tela
700 2591 823 2666 inpellite
839 2609 940 2664 remos,
963 2592 1045 2664 Verp.
1062 2592 1130 2647 Aen.
1147 2589 1219 2647 IIII
1232 2585 1312 2663 593),
1339 2590 1490 2660 †Neutrali

195 2676 258 2732 milri
275 2693 355 2732 unam
372 2685 477 2751 partem
493 2677 649 2746 indicatiui,
672 2694 733 2734 nam
757 2667 909 2734 seminalem
932 2686 1016 2733 totam
1041 2677 1137 2733 trinam
1159 2677 1343 2733 continentem
1359 2675 1489 2732 Latinam.

196 2760 255 2816 ‘lic’
280 2777 349 2836 quae
370 2778 434 2835 pars
457 2761 590 2818 orationis
613 2762 674 2817 esti
718 2762 901 2835 l'raepositio¹
919 2770 970 2818 est.
1015 2759 1087 2827 Quot
1109 2761 1172 2818 buic
1195 2760 1392 2834 praepositioni
1415 2766 1490 2817 occi-

195 2846 268 2901 dunt
279 2844 365 2916 (om).
386 2845 564 2919 Componitur
578 2846 649 2917 (com
665 2845 740 2918 om),
755 2855 785 2902 ut
800 2846 904 2903 deduco
920 2844 991 2916 (di-l,
1006 2855 1034 2902 et
1049 2853 1192 2919 separatur
1206 2844 1283 2917 (us),
1298 2846 1406 2919 quando
1422 2847 1491 2903 casi-

195 2928 246 2985 bus
269 2931 373 2999 seruit,
396 2932 468 2985 sicut
490 2930 690 3003 supradiximus
713 2929 757 2986 ‘de
779 2931 872 2988 domo'
896 2929 940 2986 uel
964 2929 1008 2985 ‘de
1031 2930 1177 2987 domibus’.
1227 2928 1369 2997 Quomodo
1391 2930 1491 2987 dicitur

195 3016 221 3070 io
245 3012 332 3069 tribus
355 3013 475 3087 linguis?
505 3014 544 3070 lla
568 3017 595 3071 in
618 3013 739 3071 llebraeo
761 3015 874 3072 dicitur:
898 3015 1027 3072 ‘madian’
1052 3015 1084 3072 de
1106 3015 1223 3081 iudicio;
1245 3006 1304 3070 ἆπό
1326 3016 1353 3071 in
1377 3015 1491 3088 Graeco,

195 3106 225 3154 ιιι
247 3097 347 3155 dicitur
369 3098 556 3173 apocalypsis,
579 3099 631 3156 hoc
653 3108 694 3155 est
717 3099 848 3157 reuelatio
871 3099 1036 3172 (releuatio).

243 3217 244 3220 =
278 3178 331 3241 ‘lle
353 3183 490 3239 nomine’.
534 3184 595 3241 Seru
623 3184 649 3240 in
678 3183 815 3257 llebraeo,
843 3185 915 3241 idest
942 3202 1057 3255 nornen,
1087 3185 1130 3242 uel
1159 3187 1317 3242 nominatur
1344 3178 1440 3259 torpe
1463 3186 1490 3242 ln

194 3269 311 3340 Graeco,
335 3275 367 3324 ut
389 3267 488 3325 dicitur
511 3262 544 3325 ἐν
565 3261 688 3344 ὀνόματι
709 3265 826 3346 Κυρίου
849 3267 911 3342 (eno
933 3265 1142 3344 nomalclryri),
1166 3270 1237 3328 idest
1260 3269 1307 3345 (id)
1330 3270 1490 3326 innomine

194 3354 304 3423 domini.
350 3352 469 3409 ‘Nomen
499 3362 540 3410 est
569 3372 632 3428 pars
660 3356 793 3411 orationis
822 3373 882 3412 cum
905 3354 993 3412 casu’
1039 3354 1127 3422 Quare
1155 3372 1209 3411 uon
1242 3355 1309 3410 dixit
1330 3346 1457 3433 ssi99¹³
1475 3348 1488 3430 Η

194 3437 266 3495 ‘cum
291 3437 433 3512 qualitate’
457 3447 503 3494 aut
525 3438 648 3511 ‘genere’
672 3440 715 3496 uel
740 3439 887 3496 ‘numero'
913 3456 961 3496 seu
984 3438 1113 3512 ‘figura’i
1156 3439 1313 3513 Propterea,
1338 3442 1401 3513 qula
1424 3440 1491 3496 baec

195 3525 284 3579 omnia
307 3522 421 3578 uerbum
444 3522 526 3579 babet
548 3522 638 3594 (ent).
667 3521 756 3590 Quare
778 3542 832 3580 non
856 3525 922 3580 dirit
945 3524 1017 3581 ‘euru
1039 3523 1256 3599 conparatione',
1279 3523 1353 3599 quod
1375 3523 1489 3581 uerbum

194 3625 249 3664 non
272 3606 370 3663 habeti
406 3607 570 3681 Propterea,
594 3608 657 3681 quia
680 3626 733 3665 non
756 3609 846 3666 omnia
869 3611 978 3665 nomina
1001 3617 1193 3683 conparantur.
1224 3608 1341 3684 ‘Corpus
1355 3617 1403 3666 aut
1418 3607 1488 3666 rem’

194 3701 221 3748 et
244 3692 358 3766 reliqua.
402 3690 471 3759 Quid
494 3692 610 3749 interest
631 3694 704 3751 iuter
725 3711 827 3769 corpus
849 3702 877 3753 et
900 3695 975 3751 remi
1002 3694 1089 3752 Omne
1110 3712 1212 3769 corpus
1234 3702 1327 3769 potest
1349 3710 1394 3751 res
1416 3711 1489 3766 esse,

193 3802 224 3848 ut
246 3792 346 3849 dlcitur
366 3793 469 3851 caelum
498 3803 569 3852 terra
591 3794 668 3867 (am)
690 3810 777 3864 mare;
811 3812 880 3869 quae
906 3796 1036 3853 uidentur
1057 3803 1104 3851 aut
1131 3796 1279 3853 audiuntur
1300 3779 1414 3869 (datur)
1442 3806 1490 3852 aut

195 3885 345 3952 tanguntur
367 3888 414 3936 aut
436 3888 592 3954 gustantur,
616 3880 769 3955 corporalia
791 3889 871 3953 sunt,
899 3882 946 3938 sed
969 3897 1024 3937 uon
1048 3881 1137 3938 omnis
1161 3876 1224 3958 (es)
1247 3898 1291 3938 res
1313 3898 1412 3956 corpus
1435 3891 1489 3954 est,

196 4047 421 4055 .-—-—--—

261 4160 289 4225 *l
309 4163 708 4227 Cfieod.Einaidl.172raec.
728 4164 755 4214 X
774 4166 872 4230 popina
893 4166 993 4216 ultbna:
1028 4164 1082 4215 Hoc
1108 4166 1179 4228 quod
1205 4167 1230 4217 in
1257 4166 1342 4232 capite
1367 4165 1489 4216 librorum

193 4232 324 4297 scribitur,
343 4232 454 4283 diuersis
473 4234 619 4283 nominibus
638 4249 653 4282 a
671 4233 859 4282 doctoribus
878 4233 1028 4299 appellatur.
1057 4232 1154 4283 Dicitur
1166 4235 1232 4284 enim
1245 4234 1385 4300 capitulus,
1399 4235 1491 4284 dicitur

192 4300 290 4358 titulus,
308 4300 401 4350 dicitur
419 4299 530 4364 elenous,
549 4301 641 4351 dieitur
659 4300 798 4366 prologus,
818 4301 910 4351 dicitur
928 4301 1055 4367 presencie,
1073 4303 1166 4352 dicitur
1184 4313 1377 4368 argumentum,
1396 4302 1490 4352 dicitnr

192 4368 353 4484 prooemium
375 4369 543 4434 (proemium)
566 4369 657 4418 dicitur
679 4369 768 4418 clauis.
804 4367 935 4434 capitulus
958 4368 1052 4419 dicitnr
1075 4384 1106 4421 eo
1129 4371 1199 4433 quod
1221 4371 1247 4419 in
1270 4370 1353 4435 capite
1375 4371 1490 4436 ponitur.

216 4435 293 4484 itnlus
311 4449 327 4483 a
344 4437 434 4486 Titane
451 4437 477 4485 ·i·
495 4451 510 4485 a
528 4436 592 4502 sole,
610 4437 672 4500 quie
689 4437 756 4487 sicut
773 4436 811 4486 sol
831 4438 915 4486 oriens
934 4452 982 4488 sua
1000 4440 1128 4502 presentia
1145 4438 1269 4487 mundum
1286 4438 1435 4498 inluminat,
1453 4438 1488 4487 ita

192 4515 217 4553 et
234 4503 322 4553 titulus
340 4505 473 4565 sequeutia
490 4504 612 4554 librorum
630 4504 788 4561 manifestam
808 4520 866 4554 nana
884 4506 906 4555 si
919 4505 1019 4554 titulum
1031 4506 1175 4567 abstuleris,
1188 4507 1301 4569 quodam
1311 4506 1389 4556 modo
1402 4516 1489 4556 mutus

193 4583 232 4621 est
256 4571 326 4624 liber.
361 4571 423 4621 lnde
449 4573 577 4635 quidem
605 4573 635 4622 in
663 4572 807 4638 epistola
833 4588 881 4624 sua
907 4573 940 4622 ad
961 4572 1111 4625 familiarem
1135 4589 1209 4624 sunm
1236 4574 1314 4625 dixit:
1349 4573 1489 4623 'lirnium

192 4638 310 4690 frontis
329 4639 423 4689 erede
440 4640 536 4698 hune,
555 4652 639 4690 mute
656 4642 695 4691 lit
713 4642 840 4707 pagina.
878 4640 1002 4693 lleleucus
1025 4643 1102 4693 etiam
1123 4643 1249 4692 dicituro
1267 4657 1344 4708 greco
1362 4643 1432 4706 quod
1450 4653 1490 4693 est

193 4706 256 4755 elios
275 4709 298 4755 ·i·
318 4706 356 4757 sol
372 4745 485 4761 ......
510 4708 603 4760 Cetera
619 4711 669 4759 iam
686 4711 737 4775 legi
753 4716 884 4776 nequeunt.
922 4708 1070 4770 Quibuscum
1085 4713 1148 4761 mire
1167 4713 1339 4774 consentium,
1366 4726 1431 4777 puae
1453 4727 1489 4761 ex

193 4774 298 4837 Remigii
322 4779 499 4826 commentario
525 4779 552 4826 in
579 4778 675 4828 Donati
700 4784 781 4829 artem
808 4779 926 4827 minorem
951 4780 1046 4842 publici
1066 4781 1128 4829 iuris
1144 4777 1208 4841 fecit
1227 4780 1263 4833 H.
1282 4779 1381 4829 Keilius
1397 4795 1487 4843 progr.

194 4840 299 4906 Ertoag.
319 4846 386 4894 18⁶8
401 4860 429 4908 p.
448 4848 493 4900 24.
