3382 5476
610 361 691 413 COD.
715 363 819 413 BERN.
840 365 890 412 111
910 372 937 413 εί
957 364 977 413 A
998 366 1040 419 uz,
1058 366 1099 415 31.
1446 382 1507 427 Llll

194 577 276 632 ergo
301 559 431 632 primitus
454 560 580 612 inuentae
603 566 668 611 sunt
685 556 792 611 litterae
807 556 985 612 Latinorum?
1021 555 1065 611 tt·
1081 566 1109 612 et
1125 567 1220 630 postca
1236 566 1369 631 quattuor
1383 558 1511 630 addit(a]e

194 653 271 700 sunt
296 643 333 698 ab
355 642 429 698 Orbo
451 652 479 697 et
501 639 593 712 ali(a‚'e
616 650 746 714 quattuor
769 660 784 695 a
807 642 941 697 Diomede.
982 641 1053 714 Ergo
1077 640 1216 715 quantiale
1238 653 1303 697 sunt
1325 642 1509 700 Hebraeorum

193 728 340 799 litterssafe
364 727 548 797 Grja2econ1m
572 728 632 781 siue
655 725 813 781 Latinorum
835 726 1030 782 Chaldaeorum
1053 727 1229 798 (caldeorum)
1253 735 1299 781 aut
1315 727 1439 783 Sirorum
1462 738 1509 785 aut

195 815 228 870 in
262 830 322 887 quo
350 813 454 869 similes
476 820 524 867 aut
546 814 574 866 in
597 828 652 885 quo
675 810 839 867 dissimiles?
883 811 1065 866 Hebraeorum
1089 829 1207 885 namque
1229 813 1337 867 litterae
1360 813 1425 867 titt
1448 831 1509 869 esse

197 907 372 955 noswntm.
420 897 553 953 Similiter
584 894 780 951 Chaldaeorum
816 896 991 968 (caldeorum)
1025 907 1053 952 ει
1085 897 1208 952 Sirorum
1245 900 1272 951 in
1306 898 1509 954 characteribus

197 982 413 1055 (caracteribus).
437 992 464 1038 et
485 980 609 1055 apicibus
630 981 703 1036 idest
720 980 758 1050 (id
773 980 847 1052 cod.)-
865 982 953 1036 titulis
975 981 1137 1037 diuiduntur
1159 991 1186 1036 et
1209 984 1235 1037 in
1258 981 1383 1037 omnibus
1407 984 1510 1039 similes

197 1085 267 1124 esse
300 1068 441 1123 uideatur.
491 1066 656 1121 Graecorum
687 1064 855 1137 (gregorum)
885 1066 1014 1137 littersafe
1048 1069 1176 1141 primitus
1204 1066 1269 1122 xxti
1299 1067 1428 1136 luerunt,
1461 1068 1509 1124 sed

199 1162 304 1227 postea
329 1151 364 1206 ab
385 1151 598 1207 biliomensibus
632 1150 816 1219 athenienses)
839 1151 945 1205 additae
968 1160 1032 1205 suut
1054 1152 1122 1207 duae
1139 1151 1257 1209 litterae.
1281 1152 1352 1206 idest
1367 1162 1410 1207 eta
1426 1152 1508 1223 (etha)

197 1238 288 1310 longa
311 1247 340 1292 et
363 1258 380 1292 o
402 1238 496 1308 longa,
522 1253 577 1291 non
600 1245 630 1290 ut
653 1246 845 1306 augmentum,
869 1246 900 1291 ut
922 1237 1060 1309 quidam
1083 1245 1195 1310 putant,
1223 1237 1323 1291 iaciant
1345 1236 1509 1309 litterarum,

199 1323 254 1378 sed
276 1331 395 1395 propter
417 1323 616 1393 longitudinem
638 1329 786 1375 metrorum
808 1321 937 1392 addit(a)e
959 1331 1041 1391 sunt,
1069 1322 1133 1394 quia
1157 1320 1237 1377 habet
1259 1322 1313 1390 †et
1336 1321 1389 1376 aba
1411 1340 1426 1377 e
1449 1324 1510 1378 bre·

199 1425 268 1463 amm
295 1414 324 1461 et
352 1429 369 1460 u
392 1409 520 1477 breuem,
550 1422 621 1479 quae
649 1422 760 1460 uersum
788 1405 899 1462 breuem
922 1405 1107 1474 †terminum.
1152 1405 1205 1461 Sed
1228 1408 1409 1462 Athenienses
1430 1408 1510 1463 Colo·

200 1507 303 1548 sensas
324 1490 510 1565 ’spoctiensas
532 1491 781 1546 lacedemonenses
803 1490 877 1545 oculi
893 1490 1088 1561 Grjajecorum.
1125 1490 1259 1562 Latin(a)e
1281 1488 1412 1561 littera}e
1432 1492 1510 1547 txttt

199 1579 278 1649 [cod.
301 1575 365 1647 1111}
395 1586 475 1631 snut.
506 1576 554 1631 sed
583 1594 600 1648 y
628 1584 655 1629 et
684 1594 698 1628 a
727 1585 841 1648 propter
868 1575 992 1646 Grsajeca
1020 1579 1128 1631 nomina
1156 1577 1183 1630 in
1211 1592 1326 1631 numero
1355 1575 1509 1632 litterarum
1588 1580 1596 1589 '

200 1663 366 1718 latinorum
385 1662 442 1715 ssic'
469 1660 598 1730 addit(a]e
620 1669 694 1716 sunt.
733 1660 761 1714 ln
783 1678 838 1732 quo
861 1661 965 1715 similes
987 1669 1034 1714 aut
1057 1663 1084 1715 iu
1108 1678 1163 1733 quo
1185 1661 1349 1715 dissimiles?
1386 1661 1510 1734 inpote-

200 1746 325 1803 statibus
344 1755 420 1814 sunt.
443 1748 507 1818 quia
530 1761 599 1819 quae
621 1744 738 1818 explicat
760 1745 840 1818 aleph
863 1745 934 1817 apud
956 1744 1117 1815 liebr(a}eos
1139 1755 1166 1800 et
1188 1745 1260 1818 apud
1282 1743 1433 1817 Gr(a}ecos,
1457 1747 1509 1801 hoe

200 1831 323 1906 explicat
346 1849 361 1885 a
382 1831 455 1904 apud
477 1832 597 1886 latinos.
633 1828 765 1884 Similiter
787 1838 814 1884 et
836 1829 904 1884 aliae
927 1831 1037 1903 linguae
1059 1832 1190 1902 gentium.
1228 1829 1282 1884 Sed
1304 1829 1375 1903 apud
1398 1830 1509 1886 latinos

200 1933 293 1991 paene
323 1917 398 1986 (eod.
426 1915 524 1988 poene]¹
554 1914 652 1969 similis
678 1924 722 1969 est
749 1930 849 1969 nomen
879 1924 907 1969 et
938 1924 1063 1988 potestas
1095 1915 1212 1970 illatum.
1261 1915 1340 1988 Apud
1369 1913 1509 1984 Gr(a]ecos

201 2017 324 2074 nmque
353 2008 382 2055 et
408 1999 482 2073 apud
504 1999 642 2055 Hebraeos
672 1998 725 2054 tale
753 2009 794 2054 est
824 2015 922 2055 nomeu
946 2000 1113 2070 litterarum,
1142 2017 1223 2073 quam
1245 2008 1369 2072 potestas
1390 2000 1509 2055 illarum.

200 2086 233 2141 la
262 2103 321 2158 qno
348 2084 516 2140 dissimiles?
565 2085 593 2139 ln
622 2083 778 2140 nominihus
808 2083 847 2154 (in
875 2084 1001 2140 omnihus
1027 2085 1100 2152 cod.)
1129 2089 1188 2140 siue
1221 2086 1249 2140 in
1282 2101 1406 2143 numero.
1456 2084 1508 2140 Sed

202 2172 317 2226 litterae
332 2168 540 2240 liebria2eorum
562 2168 595 2224 de
619 2169 774 2225 nominihus
791 2186 881 2224 rerum
898 2170 984 2226 laetae
999 2180 1063 2224 sunt
1079 2164 1091 2246 Ι
1107 2170 1126 2224 1.
1146 2170 1221 2226 105·
1237 2163 1249 2246 Ι
1266 2177 1293 2225 et
1308 2169 1408 2224 babent
1425 2172 1509 2224 inter-

203 2257 391 2330 pretationem
419 2264 448 2309 et
476 2255 672 2310 connexionem
701 2254 781 2327 aleph
810 2264 838 2308 ει
867 2253 982 2326 reliqua.
1027 2254 1212 2324 Gr'affecorum
1238 2264 1330 2309 autem
1353 2255 1459 2309 litterae
1480 2263 1509 2309 εί

202 2340 365 2396 latinorum
394 2355 446 2395 nec
473 2340 728 2413 interpretationem
750 2356 800 2394 nee
822 2342 1017 2395 connexionem
1040 2340 1158 2407 habent,
1185 2340 1234 2393 sed
1255 2339 1289 2393 de
1311 2340 1372 2394 solo
1395 2357 1508 2394 numero

203 2424 316 2495 iactae
338 2433 404 2478 strat
426 2433 454 2479 et
476 2441 548 2479 noua
571 2425 681 2478 uomina
703 2425 743 2478 eis
765 2424 838 2494 (eod.
854 2424 925 2492 eius}
947 2427 1139 2497 inposuerunt,
1163 2426 1234 2479 sicut
1249 2434 1278 2479 ot
1293 2427 1405 2478 nostris.
1444 2424 1507 2479 ideo

204 2527 262 2565 nou
284 2510 425 2564 inuenitm
447 2510 473 2564 in
497 2510 536 2563 eis
559 2511 752 2581 interpretatio
775 2509 818 2564 uel
841 2511 988 2565 connexio.

289 2644 377 2700 Alter
404 2648 553 2701 tractatus
580 2645 611 2699 iu
636 2639 883 2715 srupmeutorum
903 2639 1012 2701 codice
1033 2639 1186 2701 Berneusi
1208 2645 1234 2700 ,1
1257 2648 1294 2698 a?
1317 2639 1393 2699 iucst
1411 2639 1506 2715 [ruq-

201 2753 307 2804 rreuto
327 2762 376 2802 nr.
399 2750 456 2811 31,
476 2762 508 2819 p.
535 2751 577 2801 11.
603 2750 638 2800 ιε
658 2759 738 2803 saec.
761 2743 925 2803 ,t'J-x'tl
943 2746 1058 2819 scripto
1080 2743 1141 2803 ita:

290 2882 331 2938 {ld
353 2880 486 2937 blTTeris
507 2880 727 2937 utrumuis,
771 2876 803 2938 A
826 2883 873 2939 bic
894 2883 960 2937 mihi
983 2885 1045 2956 quis
1066 2884 1172 2956 primus
1193 2891 1257 2936 ante
1279 2882 1411 2939 diluuium
1433 2881 1508 2938 litte·

202 3021 250 3059 ras
277 3002 412 3074 repperit.
455 2995 496 3075 l(
518 3000 617 3055 Enoch.
664 3000 737 3055 l'ndc
759 3009 786 3056 et
810 3001 836 3056 in
865 3001 980 3074 epistola
1010 3018 1080 3074 quae
1106 3003 1236 3057 canonica
1260 2975 1372 3074 (ciiica)
1395 3002 1506 3074 dicitur,

204 3089 340 3161 seriptum
362 3094 419 3139 eat:
443 3087 617 3159 prophetauit
639 3096 729 3141 autem
744 3086 778 3140 de
793 3086 836 3140 bis
851 3088 985 3160 septimus
999 3079 1014 3162 {l
1029 3105 1055 3158 p.
1074 3086 1112 3141 12
1127 3078 1142 3164 [Ι
1156 3087 1238 3141 Adam
1255 3087 1346 3144 Enoch
1362 3097 1388 3141 et
1403 3097 1505 3155 cetera,

203 3189 277 3246 quae
304 3171 343 3226 ibi
372 3170 537 3226 scribuntur.
582 3165 614 3226 Δ
639 3170 705 3238 Quis
734 3180 796 3244 post
822 3170 978 3227 diluuium?
1021 3166 1060 3245 b(
1090 3171 1154 3226 l'ost
1181 3171 1314 3226 diluuium
1343 3174 1405 3227 &m
1433 3172 1505 3228 lilius

199 3257 259 3313 Sue
282 3256 392 3311 litteras
419 3255 524 3310 inuenit
546 3254 639 3326 bitti,
668 3257 738 3310 sieut
765 3255 979 3329 Apollonius
1006 3254 1144 3311 describit
1189 3250 1221 3312 A
1243 3256 1353 3312 latinas
1381 3258 1505 3312 litteras?

199 3339 272 3417 ,Ηζ
289 3341 440 3395 Carmentis
455 3340 565 3414 nimpba
580 3340 733 3395 Nicostrata
749 3350 836 3395 mater
849 3340 967 3396 Euandri
988 3343 1106 3414 primum
1122 3340 1196 3396 italis
1211 3341 1332 3396 tradidit.
1368 3338 1400 3399 Δ
1415 3341 1505 3409 Quare

198 3429 303 3483 dieitur
317 3426 485 3479 lhrmentis‘!
522 3420 563 3498 )·(
584 3424 651 3492 uuo
674 3424 840 3480 carminibus
863 3426 921 3480 suis
943 3425 1035 3481 lutura
1057 3425 1181 3494 canebat,
1204 3426 1251 3481 sed
1273 3428 1384 3500 proprie
1407 3437 1504 3482 uocata

198 3521 246 3568 est
267 3510 432 3566 Sieostrata
475 3503 507 3565 A
531 3509 583 3564 lam
612 3512 675 3582 quia
703 3512 863 3566 inuentores
892 3509 1044 3565 litterarum
1072 3510 1242 3583 deposuisti,
1272 3510 1305 3566 da
1327 3512 1409 3581 mibi,
1438 3513 1503 3584 quid

198 3605 246 3654 est
268 3595 371 3650 littera.
412 3589 455 3669 H
475 3595 579 3650 littera
601 3604 644 3650 est
666 3612 731 3667 pars
752 3597 860 3650 minima
883 3598 960 3651 uocis
982 3594 1163 3666 articulat(a]e
1186 3595 1229 3651 uel
1252 3612 1305 3651 uox
1328 3613 1397 3669 quae
1419 3595 1502 3652 scribi

199 3723 297 3789 potest
317 3686 429 3785 (pitestj.
453 3713 601 3768 indiuidua.
647 3713 746 3768 Aliter:
769 3713 860 3769 littera
883 3722 926 3768 est
947 3714 1150 3770 lundamntum
1173 3717 1333 3788 sapientiae.
1376 3708 1408 3770 A
1430 3712 1503 3780 Quo-

199 3816 303 3872 modo?
349 3818 388 3866 tu
412 3813 478 3870 Sam
499 3817 570 3870 sieut
592 3832 608 3871 e
630 3816 766 3871 radicibus
787 3813 922 3871 elementa
944 3814 1096 3890 corporalia
1118 3827 1259 3877 crescuut.
1287 3817 1327 3871 sic
1349 3832 1381 3871 ex
1403 3816 1503 3871 litteris

198 3903 340 3957 humanus
356 3900 464 3954 animus
478 3899 510 3953 ad
527 3899 676 3974 perlectum
692 3918 806 3974 surgere
821 3899 1025 3974 comprobatur.
1056 3895 1088 3957 A
1104 3900 1136 3956 Et
1151 3903 1174 3955 si
1190 3901 1281 3956 littera
1296 3901 1501 3956 iundmentuur

197 3987 353 4060 sapientiae
368 3993 425 4053 est.
447 4002 496 4039 eur
510 3986 577 4039 dixit
600 3986 788 4060 apostolus
810 3986 936 4040 Paulus
954 3985 1180 4056 'lCor.3,11).
1202 3985 1275 4058 quod
1296 3984 1499 4041 tundamentum

196 4070 277 4126 alind
299 4085 381 4124 nemo
404 4079 497 4141 potest
519 4088 621 4143 ponere
643 4080 752 4144 praeter
773 4069 815 4130 id.
845 4072 918 4143 quod
940 4076 1060 4144 positum
1083 4079 1142 4140 est,
1165 4071 1239 4144 quot
1261 4070 1386 4126 Christus
1408 4070 1501 4124 lesus?

195 4152 240 4231 )-(
261 4154 332 4209 lllud
355 4154 568 4215 tundamentum,
591 4156 624 4209 de
647 4173 702 4229 quo
719 4154 817 4209 Paulus
840 4155 918 4223 dixit,
941 4156 1003 4211 fidei
1026 4172 1108 4213 uerae
1129 4150 1199 4228 ῇιῖεῖ
1223 4155 1360 4210 stabilitas
1377 4164 1429 4213 est.
1452 4155 1500 4208 sed

196 4242 301 4297 artium
323 4237 478 4294 liberalium
500 4240 703 4295 luodanrentum
726 4239 817 4295 littera
840 4250 898 4306 est,
927 4243 987 4295 sine
1009 4243 1108 4316 quibus
1130 4257 1173 4294 ars
1196 4249 1323 4295 constare
1345 4240 1500 4295 nullatenus

196 4334 304 4400 potest.
348 4318 382 4380 A
403 4321 457 4379 lam
480 4327 543 4398 quia
565 4325 598 4378 de
621 4324 712 4381 littera
734 4325 912 4396 singulariter
934 4328 1090 4399 protulisti.
1114 4341 1185 4380 nunc
1207 4335 1282 4398 peto,
1306 4334 1335 4378 ut
1358 4323 1500 4398 pluraliter

195 4412 289 4473 «teas.
318 4408 385 4483 qnid
412 4411 469 4464 siat
493 4411 609 4465 litterae.
654 4409 687 4465 11.
711 4409 830 4465 litterae
851 4419 942 4464 autem
965 4423 1028 4466 sunt
1052 4410 1153 4466 imbre<
1176 4426 1266 4463 rerum
1289 4418 1316 4462 et
1339 4411 1416 4480 sigua
1439 4425 1498 4460 oer-

196 4496 311 4551 Manna
354 4488 388 4550 Δ
411 4492 503 4561 θείω
526 4497 582 4548 uim
609 4495 670 4564 [om.
691 4494 764 4563 cut?
787 4494 886 4550 habent
914 4493 1039 4551 litterae?
1081 4490 1122 4568 )·(
1149 4494 1233 4548 Tanta
1263 4495 1304 4547 uis
1331 4493 1445 4546 babetur
1471 4496 1497 4545 in

194 4581 264 4649 illis,
288 4588 321 4634 ut
343 4577 425 4633 nobis
446 4579 517 4636 dieta
542 4580 653 4650 dicum)
669 4580 812 4635 absentum
835 4582 893 4635 sine
916 4596 985 4636 uoce
1007 4582 1164 4654 loquantur.
1201 4573 1233 4634 A
1256 4578 1325 4632 l'sus
1348 4578 1498 4631 litterarum

192 4684 247 4724 carr
268 4672 402 4737 repertus
423 4665 484 4719 est?
527 4659 566 4737 b(
588 4664 702 4737 l’ropter
730 4667 887 4719 memoriam
915 4683 1023 4735 rerum,
1053 4666 1180 4740 quoniam
1208 4664 1235 4716 in
1264 4670 1336 4715 tauta
1365 4662 1497 4714 uarietate

192 4767 345 4808 cansarum
374 4767 424 4804 aee
451 4747 519 4804 disci
548 4749 682 4804 audiendo
710 4758 835 4822 poterant
864 4753 953 4805 omnia
982 4769 1030 4806 nec
1060 4751 1189 4804 memoria
1217 4747 1338 4799 retineri.
1382 4744 1498 4817 ideoque

191 4858 229 4897 ae
244 4836 395 4892 obliuione
410 4835 526 4906 hagiam,
549 4835 648 4890 litteris
663 4833 818 4907 alligantur.
855 4831 887 4892 A
909 4835 964 4894 lam
985 4839 1049 4909 quia
1070 4834 1172 4901 dixisti,
1195 4829 1259 4903 quid
1281 4830 1337 4885 sint
1356 4829 1496 4900 litterae.
