3382 5476
773 364 983 416 aennensis.
1485 362 1527 425 89

232 554 338 621 ritur,
371 552 457 632 quid
488 551 539 612 sit
565 553 666 613 inter
694 550 988 613 indeclinabilia
1016 560 1053 612 et
1082 558 1207 630 aptota
1237 559 1272 611 et
1300 560 1525 631 monoptota.

234 655 278 714 Et
298 655 488 715 sciendum
516 662 571 714 est
599 657 697 729 quod
718 662 752 714 ct
778 660 912 730 aptota
934 661 969 714 ct
990 662 1206 730 monoptota
1233 652 1525 714 indeclinabilia

232 764 330 824 sunt,
354 753 533 815 similiter
557 757 651 816 enim
675 774 746 817 non
769 757 918 816 uariant
940 756 1259 826 terminationem,
1283 756 1344 816 sed
1367 753 1525 816 inmobi-

232 854 300 916 lem
330 876 406 918 eam
435 865 599 918 seruant.
643 859 776 936 Aptota
800 866 919 919 tamen
949 863 1039 918 suni
1067 858 1219 936 proprie
1241 857 1411 926 dicenda,
1435 876 1526 937 quae

205 960 504 1019 scommaticum
534 958 651 1019 solum
676 958 824 1027 babent,
855 961 917 1037 qui
945 958 1165 1038 plerumque
1189 967 1225 1020 et
1248 960 1447 1019 uocatiuns
1469 961 1527 1018 in·

231 1061 381 1120 uenitur
405 1067 439 1119 et
462 1078 530 1120 non
554 1062 741 1140 accipitur
764 1062 876 1121 etiam
909 1079 974 1140 pro
1007 1058 1174 1138 obliquis
1207 1060 1369 1135 casibus,
1401 1068 1438 1121 ut
1465 1060 1527 1120 bic

231 1160 400 1240 luppiter
423 1170 458 1221 et
480 1181 498 1221 o
522 1163 710 1241 luppiter,
734 1161 791 1221 bic
814 1161 1003 1241 Diespiter
1026 1161 1307 1240 etolliespiter.
1346 1161 1527 1223 Neutrum

232 1281 335 1332 uero,
360 1263 388 1322 si
411 1265 460 1323 sit
482 1269 671 1343 aptotnm,
695 1265 915 1325 necessario
939 1265 1048 1324 etiam
1070 1281 1136 1341 pro
1159 1265 1381 1324 accusation
1403 1272 1440 1324 et
1462 1283 1524 1324 no·

232 1362 1525 1443 catinoaccipituruuiusnominattuus,quongeneraleostomntom

192 1475 461 1535 roneutrorum,
486 1474 524 1527 ut
546 1467 613 1527 boc
635 1467 689 1527 las
712 1465 779 1527 boo
802 1467 907 1527 nolas
929 1467 998 1527 boc
1021 1466 1077 1527 las
1098 1464 1166 1526 boc
1188 1468 1294 1529 nelos
1316 1486 1334 1526 o
1357 1467 1411 1529 las
1432 1485 1450 1528 o
1469 1485 1524 1528 ne·

226 1568 301 1642 sas.
333 1568 547 1647 Monoptota
571 1587 660 1628 uero
682 1575 782 1638 sunt,
800 1585 889 1645 (puae
913 1587 977 1648 pro
1001 1569 1099 1629 omni
1122 1585 1209 1628 casu
1231 1586 1300 1628 una
1324 1568 1525 1645 eademqne

231 1672 502 1731 terminatione
536 1670 759 1748 [tinguntum
791 1669 916 1750 qualia
949 1678 1035 1730 sunt
1067 1671 1213 1730 nomina
1246 1668 1460 1730 litterarum
1488 1677 1524 1730 et

230 1789 466 1833 numerorum
490 1788 505 1830 a
529 1779 706 1850 quattuor
730 1771 909 1853 usquead
933 1781 1096 1840 centum:
1126 1770 1229 1832 mille
1251 1789 1397 1851 quoqne
1418 1771 1525 1833 inde·

231 1872 412 1934 olinabile
439 1880 495 1934 est
522 1881 556 1934 et
576 1876 684 1947 siqua
706 1875 959 1935 inueniuntur
980 1876 1142 1952 similia,
1170 1880 1208 1933 ut
1230 1871 1298 1932 boc
1320 1891 1336 1933 a
1359 1872 1470 1934 buius
1492 1893 1524 1950 a,

191 1974 298 2035 roboc
321 1975 391 2036 alla
414 1976 524 2036 buius
547 1974 636 2042 alla,
671 1975 707 2034 bi
731 1983 914 2052 quattuor
936 1974 1068 2036 borum
1091 1982 1285 2054 quattuor,
1320 1974 1356 2035 bi
1379 1985 1468 2056 quot
1490 1984 1527 2037 ot

231 2075 357 2136 borum
381 2072 483 2157 q'not,
507 2077 543 2137 bi
567 2084 621 2138 tot
643 2077 772 2137 borum
795 2085 865 2147 tot,
894 2086 929 2138 et
951 2079 982 2137 si
1005 2094 1072 2155 qna
1095 2077 1348 2138 inueniuntur
1369 2078 1524 2148 similia,

231 2189 270 2238 ut
297 2179 364 2240 boc
386 2182 521 2256 gummi
552 2179 661 2240 buius
683 2181 833 2256 gummi,
864 2178 931 2239 boo
959 2180 1082 2258 sinapi
1110 2180 1221 2240 buius
1249 2182 1391 2256 sinapi.
1435 2180 1525 2241 ltem

231 2279 288 2340 lric
311 2291 347 2340 et
370 2280 461 2341 baec
483 2289 518 2340 et
532 2279 599 2342 boc
615 2299 778 2360 nequam.
809 2280 884 2341 Sunt
898 2298 969 2359 ergo
983 2280 1096 2341 lurmae
1110 2280 1243 2342 casuales
1254 2300 1322 2343 ser:
1345 2291 1525 2361 monoptota,

231 2399 305 2459 quae
337 2401 393 2442 uua
425 2384 634 2443 terminatione
662 2400 717 2462 per
745 2401 848 2444 omnes
881 2400 967 2443 casus
995 2381 1167 2460 iunguntur,
1197 2390 1230 2442 ut
1257 2401 1384 2462 nequam
1412 2387 1525 2462 gummi

191 2481 317 2562 toalpba
335 2482 401 2543 beta
418 2501 511 2544 cornu
536 2491 675 2560 quattuor
697 2501 763 2553 sex,
787 2483 913 2544 ethaeo
936 2485 1054 2544 uomina
1078 2485 1207 2554 numeri,
1232 2503 1307 2564 quae
1330 2493 1400 2545 sunt
1421 2504 1525 2546 mono-

230 2592 309 2665 ptota
330 2585 378 2646 uel
400 2584 634 2656 indeclinabilia,
658 2588 825 2646 communia
841 2594 910 2646 sunt
933 2588 1022 2646 trium
1046 2603 1200 2663 generum,
1223 2594 1256 2646 ut
1278 2585 1326 2647 bic
1349 2586 1475 2648 ethaeo
1497 2596 1527 2649 et

230 2688 287 2748 boc
309 2695 457 2766 quattuor:
481 2688 523 2747 sic
546 2684 675 2766 quinque
698 2706 748 2747 sex
772 2697 801 2748 et
824 2687 964 2766 deinceps
986 2687 1131 2766 usquead
1148 2696 1281 2756 centum:
1304 2687 1385 2750 mille
1408 2708 1527 2769 qnoque

231 2807 386 2851 commune
403 2799 446 2849 cst
461 2790 550 2850 trium
566 2808 719 2868 generum.
764 2789 818 2850 His
840 2788 985 2869 quidam
1009 2789 1120 2850 addunt
1141 2788 1190 2851 illa
1212 2791 1343 2862 uomina,
1367 2809 1444 2869 quac
1465 2801 1525 2853 tam

232 2909 321 2971 uoce,
351 2910 437 2971 quam
466 2893 680 2970 significatione
710 2909 802 2953 unum
831 2908 931 2952 casum
960 2891 1084 2961 babent,
1114 2900 1147 2952 nt
1168 2892 1344 2960 huiusmodi
1359 2893 1526 2955 istiusmodi

190 3003 262 3055 met
284 2993 498 3055 huiuscemodi.
544 2994 615 3053 ltem
639 2993 684 3054 ias
712 2992 795 3054 nolas
821 3011 914 3072 nugas
941 3003 1047 3074 sponte
1078 2992 1147 3055 tabo
1179 3004 1250 3056 natu
1283 2994 1396 3056 ditione
1425 3006 1525 3076 caepe.

231 3096 348 3175 [liptota
376 3104 458 3165 sunt,
487 3098 516 3155 in
541 3082 647 3171 quibus
670 3096 728 3156 duo
752 3114 839 3157 casus
859 3104 929 3156 sunt
950 3104 1077 3169 tantum,
1108 3104 1140 3156 nt
1161 3096 1223 3156 lors
1245 3097 1336 3166 lorte,
1365 3096 1425 3158 tabi
1448 3097 1526 3168 tabo,

232 3199 327 3259 uicem
350 3199 424 3258 uice.
463 3197 525 3258 ttta
550 3199 685 3277 triptota,
709 3199 738 3257 in
762 3197 870 3274 quibus
893 3204 952 3258 tres
974 3215 1061 3259 casus
1083 3197 1287 3266 inueniuntur,
1311 3207 1343 3259 ut
1364 3200 1442 3277 irugi
1464 3200 1527 3260 lru·

231 3318 297 3378 gem
320 3302 413 3378 lruge.
460 3300 654 3359 Vetustissimi
684 3305 782 3358 umen
806 3307 836 3359 et
857 3299 925 3360 trux
953 3300 1054 3377 iruges
1083 3301 1298 3360 nominatiuum
1326 3300 1526 3380 protulerunt.

232 3401 264 3462 ln
287 3420 343 3481 qna
366 3403 462 3462 lorma
485 3409 552 3461 sunt
574 3402 673 3461 omnia
696 3409 801 3461 neutra
830 3401 949 3460 numina
972 3401 1121 3461 secundae
1144 3399 1351 3462 declinationis
1373 3403 1404 3462 in
1426 3403 1526 3481 singu-

192 3515 219 3554 ³⁰
232 3502 287 3563 lari
303 3522 428 3563 numero
450 3504 480 3564 in
497 3521 546 3563 um
570 3499 617 3562 nel
639 3504 669 3562 in
693 3504 753 3563 ium
778 3510 807 3562 et
828 3503 860 3562 in
876 3520 942 3562 eum
966 3502 1143 3578 desinentia,
1166 3511 1198 3561 ut
1219 3501 1362 3580 templum
1385 3503 1526 3581 gaudium

232 3606 371 3683 ligneum.
416 3604 496 3665 llaec
518 3605 596 3665 enim
620 3613 681 3664 tres
703 3605 813 3665 lormas
841 3601 965 3672 babent,
995 3603 1052 3664 boc
1081 3611 1127 3664 cst
1147 3604 1178 3663 in
1201 3622 1264 3672 nm,
1289 3604 1320 3664 in
1342 3605 1362 3680 i,
1386 3605 1416 3665 in
1440 3624 1472 3676 o,
1497 3614 1527 3667 et

233 3708 331 3768 omnia
352 3709 470 3767 nomina
492 3715 598 3767 neutra
621 3707 727 3767 tertiae
743 3704 947 3767 declinationis
969 3707 1001 3766 iu
1017 3725 1033 3766 e
1048 3704 1224 3775 desinentia.
1249 3725 1324 3786 qnae
1340 3715 1402 3768 tres
1417 3707 1528 3768 iormas

232 3808 349 3878 babent,
373 3809 430 3868 hoc
453 3816 498 3869 est
520 3809 584 3868 ine
608 3810 637 3868 in
660 3810 686 3868 is
708 3810 738 3868 iu
755 3808 773 3876 i,
799 3815 831 3868 ut
846 3806 979 3868 mirabile
1002 3806 1149 3870 mirabilis
1171 3807 1306 3879 mirabili,
1331 3817 1360 3869 et
1374 3811 1406 3870 in
1421 3809 1527 3888 plurali

232 3918 291 3971 tam
314 3913 345 3971 in
368 3909 506 3978 secunda,
529 3907 540 3990 11
557 3909 576 3969 1.
594 3906 653 3971 93·
669 3907 680 3990 11
705 3929 793 3989 qnam
815 3911 846 3971 in
868 3911 955 3971 tertia
978 3916 1007 3971 et
1028 3911 1059 3970 in
1081 3918 1185 3991 quarta
1209 3910 1408 3972 declinatione
1430 3912 1526 3972 omnia

191 4026 219 4065 ³⁵
232 4020 336 4073 rteutra
359 4011 483 4091 pluralia
506 4013 626 4091 triptota
642 4020 730 4082 sunt,
745 4021 777 4073 ut
792 4011 900 4093 templa
915 4011 1093 4091 templorum
1116 4012 1249 4091 templis,
1273 4013 1316 4072 sic
1331 4011 1430 4071 sidera
1450 4011 1528 4072 side·

232 4132 298 4174 rum
315 4112 463 4174 sideribus
480 4116 509 4173 in
527 4116 612 4174 tertia
636 4112 848 4182 declinatione,
872 4116 955 4175 etita
978 4131 1088 4174 cornua
1105 4131 1249 4173 cornuum
1265 4112 1416 4173 cornibus.
1453 4114 1525 4174 Nam

232 4218 262 4276 iu
284 4218 385 4292 quitata
408 4214 605 4276 declinatione
627 4223 733 4277 neutra
754 4234 814 4276 non
834 4215 993 4276 habentur.
1035 4215 1071 4275 Et
1090 4215 1120 4274 in
1141 4213 1198 4274 bae
1219 4216 1315 4275 torma
1335 4223 1407 4276 suut
1429 4217 1526 4276 omnia

302 4435 492 4485 ldecliuabilia
572 4437 638 4486 tEt
655 4436 787 4486 sciendum
805 4462 836 4472 -
856 4446 1005 4502 monoptota
1022 4451 1070 4487 om.
1140 4434 1236 4486 estmt
1304 4436 1321 4484 t
1338 4434 1444 4499 propria
1512 4437 1528 4485 b

233 4504 377 4552 nooatiunm
430 4504 556 4555 oobttuis
609 4504 1330 4571 iiupiter,biodiospiteretodiospater,corn-piter
1384 4501 1528 4553 lilonelns

234 4574 264 4621 11
284 4583 405 4620 uersum
458 4575 489 4623 1³
507 4574 627 4634 quartuor
679 4574 712 4621 14
729 4583 753 4622 et
765 4574 840 4634 siqua
853 4572 1015 4622 inueniuntur
1027 4571 1179 4626 similiaom.
1235 4574 1267 4623 lb
1279 4571 1314 4620 bii
1327 4582 1446 4634 quattuor
1498 4572 1554 4629 lt,

232 4639 309 4688 liuius
327 4640 411 4703 sinapi
429 4656 476 4690 om.
531 4643 561 4691 18
579 4640 660 4689 lorme
677 4640 807 4690 eassnaleo
879 4643 910 4691 te
929 4655 984 4689 oms
1002 4655 1097 4691 cossus
1161 4642 1195 4691 20
1212 4640 1260 4690 bec
1312 4639 1351 4688 uel
1369 4637 1528 4688 declinabilio

232 4707 419 4756 ‘ileummonia
471 4709 614 4770 23quidom
668 4722 799 4768 neceque
849 4710 882 4758 24
899 4723 1001 4758 cassum
1053 4709 1086 4758 25
1098 4719 1192 4773 sponte
1203 4705 1274 4773 tabo]
1293 4708 1328 4769 os.
1341 4706 1491 4757 Cbaacatim
1501 4722 1528 4770 p,
1593 4710 1599 4722 '

234 4777 338 4835 ³57,1o
372 4772 537 4841 caepe]cape
582 4777 715 4825 26oassns
759 4778 891 4826 creasses
942 4777 975 4825 28
986 4777 1158 4826 uetustissimo
1192 4774 1322 4841 protuller.
1374 4777 1407 4825 29
1417 4775 1529 4824 secunde

233 4841 411 4892 30desiuensa
462 4847 494 4894 31
507 4841 570 4893 habi
613 4846 645 4894 32
659 4844 730 4893 tertie
781 4847 814 4896 33
826 4844 852 4892 iu
865 4843 906 4892 bis
956 4845 989 4895 36
1001 4855 1027 4894 et
1038 4841 1084 4911 ita]
1100 4845 1157 4897 An:
1175 4855 1200 4894 et
1211 4845 1237 4893 io
1250 4843 1358 4906 quarta?
1393 4842 1529 4895 dibabent
