3382 5476
190 365 264 414 CXX
578 350 627 400 DE
646 348 891 401 Dissouauulu
909 347 1101 399 SERMONIS.

191 543 235 601 ad
254 548 387 600 nostram
410 546 539 598 aetatem
563 555 671 598 111111
692 545 721 597 11
740 554 945 616 synonyma
966 544 995 597 et
1016 535 1296 613 differentiae,
1326 536 1385 612 da,
1415 556 1482 599 eum

192 638 348 704 Ciceronis
369 638 490 701 nomiae
512 637 663 717 inscripto
684 657 914 718 synonymorum
937 640 1076 702 collectio
1096 639 1364 714 circumferretur,
1394 639 1483 717 diffe-

191 742 360 805 rentiarum
383 758 501 818 quoque
521 758 588 801 eum
611 740 713 815 faisse
740 748 894 802 auctorem
921 740 1069 804 librarius
1097 741 1198 803 nescio
1226 739 1294 817 qun
1314 741 1484 818 auspicatus

190 855 243 919 est,
254 841 286 926 *)
314 842 489 904 simillimae
515 849 584 903 suut
609 841 689 918 illis,
719 860 796 919 quas
824 842 1017 904 Dubreuitius
1049 862 1130 906 anno
1160 851 1234 904 1101
1260 842 1340 904 iuter
1367 842 1485 905 Isidori

192 963 301 1025 apae,
333 944 537 1019 Gotbofredus
570 961 650 1005 anno
679 954 749 1021 post
784 943 818 1005 in
849 943 974 1020 liupuae
1005 945 1137 1008 Latinae
1168 954 1327 1020 auctorum
1355 963 1485 1022 corpore

192 1051 323 1127 append.
347 1066 381 1124 p.
407 1053 553 1105 19-116
575 1045 776 1121 (popinarum
802 1045 922 1108 numeri
946 1066 1006 1107 nou
1034 1057 1116 1110 reete
1141 1047 1236 1125 positi
1256 1057 1342 1122 aunt,
1372 1047 1486 1125 quippe

192 1170 259 1212 cum
281 1168 301 1209 a
322 1166 447 1211 numero
463 1147 587 1208 LXXX
605 1146 707 1208 statim
722 1150 935 1210 adnumerum
956 1151 1128 1212 LXXXXI
1149 1156 1338 1227 transeatur)
1361 1151 1393 1210 S.
1411 1152 1484 1211 Ger-

193 1251 285 1327 ieasii,
311 1253 354 1311 ad
361 1259 547 1328 postremum
564 1250 713 1310 Areualus
727 1248 760 1310 in
776 1249 891 1311 Isidori
905 1268 1029 1327 operum
1044 1261 1123 1313 tomo
1146 1253 1209 1312 VII
1220 1254 1352 1328 append.
1368 1253 1488 1313 XXIII

187 1376 223 1434 p.
251 1360 417 1415 126-112
443 1350 623 1421 ediderunt;
652 1369 832 1428 quamquam
858 1371 953 1429 neqtte
980 1353 1088 1414 ordine
1116 1372 1212 1429 neque
1239 1371 1364 1415 numero
1393 1372 1488 1429 neque

192 1457 384 1534 sinpularum
412 1472 514 1515 rerum
535 1452 743 1531 explicatione
762 1457 856 1531 plane
877 1454 956 1515 inter
975 1474 1006 1516 se
1025 1455 1225 1517 consentiunt.
1266 1457 1394 1528 (luorum
1409 1455 1486 1515 Bre-

193 1558 294 1633 nilius,
318 1555 406 1618 euius
427 1554 588 1616 editionem
605 1559 755 1617 Areualus
768 1565 899 1618 secutum
913 1575 977 1618 sese
990 1575 1054 1618 esse
1068 1556 1133 1636 ipse
1152 1561 1313 1619 testatori.
1328 1559 1349 1618 1.
1361 1576 1396 1634 p.
1414 1564 1485 1631 121,

192 1679 259 1722 eam
281 1656 486 1720 collectionem
508 1659 547 1718 ab
568 1656 637 1734 ipso
658 1659 779 1719 Isidoro
800 1658 947 1736 scriptam
969 1678 1032 1720 esse
1054 1668 1148 1729 ratus,
1172 1669 1274 1737 utpote
1295 1677 1385 1736 quam
1405 1657 1488 1719 inter

193 1762 311 1825 Isidori
332 1778 427 1837 opera
450 1777 471 1819 a
494 1758 678 1836 Marpariuo
699 1763 738 1821 de
758 1764 790 1821 la
806 1760 906 1838 Ilipne
926 1769 1103 1823 11111581
1123 1760 1208 1822 edita
1222 1769 1329 1822 extare
1350 1759 1485 1834 uidisset,

193 1883 271 1939 cum,
297 1869 458 1938 antequam
481 1879 555 1938 optes
577 1863 620 1919 ad
637 1864 726 1935 finem
750 1872 899 1940 serperet,
921 1862 1048 1939 penuiui
1068 1861 1171 1940 operis
1186 1861 1489 1924 Isidorianiuescius

192 1965 319 2041 ficisset,
347 1981 427 2040 poue
453 1961 607 2038 oripinam
633 1962 728 2025 libros
750 1972 945 2042 1281111.
975 1975 1120 2042 tanquam
1142 1964 1307 2041 primum
1335 1963 1490 2027 Isidori

194 2063 438 2143 Hispalensis
466 2063 652 2141 Episcopi
679 2068 723 2126 de
750 2065 1003 2140 differentiis
1028 2065 1111 2127 siue
1134 2071 1382 2143 proprietate
1403 2085 1488 2127 uer-

195 2173 324 2231 borum
352 2166 494 2228 librum
520 2165 633 2241 edidit,
668 2173 722 2229 eui
745 2167 968 2245 spiritales,
998 2186 1076 2245 qeeae
1104 2170 1261 2241 dicuntur,
1291 2167 1488 2241 differen-

194 2277 268 2333 tias
290 2268 381 2347 quasi
402 2271 531 2329 alterum
552 2267 686 2330 subiecit.
733 2271 938 2344 Gotbofredus
965 2288 1039 2330 uero
1062 2269 1193 2331 Breuilii
1214 2269 1371 2344 editionis,
1397 2287 1489 2347 quam

195 2383 248 2436 aul
268 2372 426 2448 ipnoraait
452 2379 507 2430 aut
534 2370 681 2446 ipnorare
708 2391 740 2432 se
761 2371 931 2453 simulauit,
959 2375 1041 2433 nullo
1068 2374 1168 2433 babilo
1196 2359 1335 2449 respecti
1356 2374 1405 2432 ‘ab
1428 2389 1488 2432 am-

190 2475 329 2554 plissimo
358 2471 428 2534 uiro
455 2474 569 2534 Iacobo
597 2457 771 2548 Bonparsio
797 2477 899 2550 tepoto
925 2473 1023 2551 repio’
1047 2477 1124 2536 baec
1144 2491 1243 2535 secam
1265 2473 1490 2536 communicata

195 2596 258 2639 esse
274 2578 381 2653 palum
401 2575 560 2651 professus
581 2584 634 2635 est.
680 2576 743 2635 Sed
762 2576 965 2652 ipnorabatur
986 2595 1079 2653 usque
1100 2579 1144 2637 ad
1157 2579 1238 2637 bunc
1258 2575 1339 2637 diem
1362 2583 1391 2637 et
1405 2583 1491 2635 aetas

195 2678 270 2740 libri
295 2675 503 2752 Bouporsiani
524 2685 614 2754 atque
635 2676 702 2754 ipse
728 2678 782 2754 qai
809 2697 845 2738 ea
872 2681 1044 2740 continebat
1072 2681 1171 2740 codex
1198 2681 1250 2739 ubi
1270 2686 1354 2738 esset.
1401 2678 1490 2749 (luem

196 2799 263 2843 eum
286 2779 341 2841 diu
360 2779 483 2852 frustra
505 2778 719 2854 quaesivissem
742 2780 951 2841 bibliothecam
968 2782 1150 2842 Beruensem
1167 2782 1399 2858 perscrutando,
1424 2790 1490 2840 tan-

198 2888 264 2945 dem
293 2878 409 2941 inueni.
457 2880 511 2944 Est
536 2883 636 2942 codex
666 2889 723 2941 221
750 2886 872 2943 saeculo
900 2882 1018 2944 decimo
1039 2881 1220 2944 nitidissime
1240 2881 1373 2959 scriptus
1394 2881 1490 2942 e'outi-

198 3003 270 3045 nens
293 2980 409 3044 Isidori
431 2981 584 3057 oripinum
605 2982 699 3044 libros
722 2986 799 3057 XX,
829 2985 867 3044 de
894 2987 1004 3045 mimda
1028 2984 1153 3059 librum,
1183 2983 1378 3063 differentias
1398 2982 1490 3060 spiri-

197 3089 281 3158 tales,
299 3083 433 3144 eiusdem
449 3082 565 3144 Isidori
579 3081 631 3167 **)
645 3087 683 3145 111
697 3085 764 3146 uita
785 3095 813 3145 et
836 3087 919 3147 obitu
935 3095 1060 3164 patrum
1087 3086 1210 3162 aliaque
1230 3085 1349 3163 scripta
1371 3085 1492 3146 minora

198 3184 380 3260 tbeolopico,
407 3185 553 3246 Eitcberii
572 3190 699 3261 plossos,
725 3187 879 3250 Ciceronis
899 3207 1076 3267 synonyma,
1101 3187 1230 3266 denique
1246 3186 1400 3265 plossario
1421 3207 1491 3249 eon·

193 3287 311 3366 piterio,
329 3304 456 3361 quorum
472 3287 944 3363 1111111111111111111111111
959 3300 1011 3364 est,
1034 3290 1164 3352 omnium
1179 3289 1345 3351 monimum
1360 3291 1425 3350 XX
1431 3293 1458 3350 V
1457 3291 1496 3351 II

195 3388 277 3465 folia
307 3388 402 3464 inplet
423 3389 594 3464 praemisso
621 3391 839 3454 INCIPIIINT
865 3392 1022 3453 GLOSAE
1052 3392 1098 3466 (f.
1132 3391 1199 3452 tbil
1226 3396 1282 3456 col.
1311 3394 1367 3468 II)
1396 3390 1492 3452 tilido.

199 3488 401 3568 Differentiae
424 3490 510 3567 ipsae
533 3492 562 3563 f.
589 3497 740 3555 181111.
764 3496 783 3554 I
806 3527 841 3538 -
863 3495 892 3568 f.
919 3503 995 3556 186⁰
1015 3499 1073 3556 eol.
1097 3496 1134 3556 II
1161 3498 1321 3570 tepuntur:
1354 3491 1492 3554 INCIPIT

201 3593 248 3654 DE
271 3588 541 3667 PROIPRIETATE
564 3590 780 3676 sEuuoluvu
797 3629 804 3642 ·
822 3596 893 3657 VEL
916 3578 1134 3678 11111111
1158 3594 1299 3674 pollicere
1316 3603 1346 3655 et
1367 3596 1491 3674 promit·

200 3707 263 3757 tere
286 3694 342 3753 hoc
364 3694 488 3754 interest
513 3729 556 3739 —
584 3695 665 3756 Inter
693 3698 827 3759 homines
849 3707 879 3758 ct
902 3697 1011 3762 beslius
1034 3699 1090 3759 hoe
1111 3699 1249 3766 interest,
1278 3695 1358 3777 quod
1380 3695 1493 3758 bestiae

200 3815 298 3874 uentri
327 3786 447 3876 suisium
477 3817 508 3894 (c
530 3818 602 3874 add.
626 3834 664 3877 m.
689 3818 740 3896 II)
770 3817 904 3880 homines
933 3820 1048 3879 ratione
1077 3817 1174 3896 (corr.
1204 3818 1311 3877 rationi
1338 3834 1378 3877 m.
1407 3817 1458 3894 Il)
1487 3817 1490 3896 l

200 3915 371 3978 exsucti
390 3913 396 3996 Ι
414 3913 646 3998 seulement.

269 4150 303 4218 *J
322 4150 480 4215 Quamquam
499 4155 524 4202 id
543 4170 645 4218 quoqne
663 4157 769 4221 cogitari
789 4167 888 4222 potest,
907 4157 1052 4206 Ciceronem
1071 4158 1147 4205 istum
1166 4157 1260 4206 Veterii
1278 4157 1387 4205 amicum
1407 4172 1494 4207 reuera

200 4221 399 4271 differentiarum
419 4221 591 4271 collectionem
610 4225 765 4282 instituisse,
790 4238 816 4274 ut
833 4226 947 4275 isidorus
965 4239 1017 4274 non
1037 4240 1180 4288 systonymu
1198 4236 1294 4274 tautum
1313 4225 1383 4285 eius,
1406 4241 1494 4274 uerum

200 4291 277 4338 etism
301 4289 456 4340 differentias
480 4291 591 4340 imitatus
615 4309 673 4342 esse
696 4293 820 4347 uidentur.
857 4292 921 4342 Nam
944 4307 1087 4356 synonyma
1110 4305 1179 4343 certe
1197 4292 1325 4343 Ciceronis
1344 4293 1376 4342 ab
1395 4293 1494 4343 Isidoro

201 4373 324 4422 expressa
343 4357 424 4409 luisse
441 4359 498 4424 ipse
516 4369 622 4408 testatus
642 4371 681 4409 est
697 4375 833 4425 synonym.
851 4361 894 4411 tiu.
913 4362 922 4410 I
941 4360 1021 4426 prael.
1042 4360 1114 4421 (isid.
1129 4375 1190 4427 opp.
1209 4362 1249 4414 ed.
1263 4361 1365 4409 Aretinl.
1385 4371 1446 4411 tom.
1460 4361 1494 4409 VI

202 4441 227 4490 p.
246 4424 308 4489 473)
327 4425 366 4474 Ius
386 4428 483 4476 ueritis:
519 4427 612 4476 ‘Venit
631 4443 711 4493 uuper
733 4430 766 4477 ud
790 4445 880 4479 manus
898 4445 968 4478 meas
987 4429 1112 4490 quaedam
1130 4429 1251 4478 schedula
1269 4428 1399 4478 Ciceronis
1416 4444 1493 4491 1111

202 4507 344 4557 synonyma
363 4493 464 4552 dicunt,
487 4495 560 4542 cuins
579 4494 688 4544 1111111
706 4499 833 4561 persuasit
850 4499 936 4546 auimo
955 4496 1084 4560 quoddam
1102 4497 1237 4547 Ianiculum
1256 4497 1317 4546 mihi
1337 4495 1376 4544 uel
1394 4497 1495 4546 miseris

202 4561 331 4610 cocidere)
351 4559 437 4622 Neque
455 4563 520 4610 euim
540 4575 606 4611 recte
625 4563 815 4614 Mai·iuua·0lim
835 4563 1007 4630 (patrologiae
1024 4575 1086 4614 tant.
1105 4567 1138 4617 83
1155 4581 1181 4631 p.
1195 4565 1245 4615 827
1263 4564 1304 4614 ed.
1317 4564 1414 4629 Migne)
1432 4565 1495 4614 illud

202 4628 355 4678 ‘Ciceronis’
374 4632 488 4695 expungi
508 4630 590 4691 iussit,
610 4633 684 4693 quusi
702 4650 717 4680 n
735 4633 865 4699 plerisque
882 4633 953 4682 libris
972 4634 1152 4698 manuscriptis
1175 4632 1295 4685 alienam.
1330 4633 1411 4682 Adest
1428 4633 1494 4681 enim

204 4711 252 4744 uou
273 4697 355 4745 solum
375 4697 401 4745 in
421 4697 491 4746 libris
509 4698 675 4764 (isiadulnpeo
694 4713 719 4749 et
736 4701 894 4766 Hispalensi,
914 4702 1006 4764 quibus
1026 4701 1137 4750 Mariana
1156 4716 1219 4751 usus
1238 4712 1290 4765 est,
1310 4699 1449 4750 sedetiam
1469 4702 1494 4749 in

204 4763 356 4813 Einsidieusi
376 4780 414 4814 nr.
435 4767 482 4815 172
501 4781 566 4814 suec.
585 4766 681 4815 1Χ-Χ
700 4767 718 4817 I.
738 4767 779 4822 1¹³.
1567 4763 1573 4774 ’

272 4828 316 4895 **)
337 4833 399 4881 Hinc
416 4832 558 4898 explicatur
576 4835 646 4895 illud,
666 4852 710 4883 em·
728 4838 793 4886 iuter
811 4837 901 4886 Isidori
921 4852 998 4902 opera
1016 4837 1238 4902 haediiiereutiuc
1256 4847 1372 4901 receptae
1391 4835 1494 4886 luerint.
