3382 5476
210 363 273 428 222
604 364 840 415 COMMENTVM
860 362 1102 415 ellatfflnnnnsn

214 552 361 621 dicuntur,
385 569 462 630 carrae
484 558 512 611 et
535 552 679 612 maxinme
702 558 772 612 sunt
793 558 823 610 et
844 551 876 610 iu
897 551 989 611 initiis
1011 549 1156 614 librorum
1178 550 1364 617 scnbuntur.
1411 552 1514 619 [lictae

211 663 310 714 antem
334 653 479 723 unciales,
504 673 540 713 co
562 652 640 732 qnod
664 650 734 711 olim
758 653 843 713 onmia
867 654 930 712 anri
947 671 962 713 a
979 652 1122 714 diuitibus
1143 653 1399 735 appenderentur.
1437 658 1514 719 Sunt

211 764 238 815 et
262 755 337 815 aliae
360 753 527 831 longeriae,
550 771 626 831 qnae
649 761 679 813 ct
700 752 806 831 longae
829 771 934 815 manns
956 756 1104 835 scriptura
1125 754 1274 827 dicuntur,
1298 756 1417 819 Graece
1437 776 1511 820 uero

209 852 373 936 σύρματα.
409 855 483 915 Sunt
507 863 536 915 ct
557 862 674 923 tonsae,
698 872 771 933 quas
793 855 889 917 Scotti
912 858 943 916 in
966 875 1022 918 usn
1045 854 1166 917 habent.
1205 856 1282 918 Sunt
1303 858 1395 919 wara
1417 858 1511 937 celrgi-

208 958 265 1019 liae
288 976 304 1018 a
327 959 421 1035 uirgis
443 957 548 1017 dictae.
1519 979 1533 1019 a

127 1082 200 1127 ocae
301 1059 446 1119 Littera
469 1065 632 1138 estpars
655 1058 814 1118 nairrima.
860 1057 1028 1119 Notandum
1050 1066 1164 1128 antem,
1187 1058 1410 1123 laicaliouato
1431 1060 1510 1123 litte·

212 1180 276 1222 ram
304 1180 359 1240 pro
387 1158 534 1221 elemento
563 1177 628 1220 esse
656 1157 764 1219 ‹lictam
794 1176 878 1219 more
905 1162 1106 1239 antiquorum.
1151 1161 1270 1239 Antiqui
1292 1162 1374 1223 enirn
1396 1160 1510 1225 litteras

212 1271 398 1322 riacanecnnt
421 1261 578 1328 elementa,
602 1279 637 1321 eo
660 1260 737 1339 quod
761 1260 797 1320 ad
820 1259 1047 1322 similitudinem
1069 1260 1173 1322 mnndi
1194 1260 1423 1339 clementorum,
1446 1264 1511 1345 qui·

212 1365 267 1424 leus
289 1382 415 1441 corpora
441 1365 620 1429 corasistunt,
645 1360 801 1422 litteralem
826 1363 938 1423 iaciunt
960 1381 1074 1423 noccrn.
1119 1362 1204 1424 aliud
1228 1371 1274 1425 cat
1295 1365 1377 1426 enim
1399 1364 1509 1437 littera.

210 1485 285 1547 «perae
310 1465 438 1531 uidetur,
462 1474 492 1524 ct
514 1463 592 1522 alind
615 1462 694 1540 qnod
718 1462 857 1542 peream
882 1463 1031 1542 colligitur
1046 1464 1125 1525 idest
1140 1463 1330 1525 elementum.
1364 1466 1509 1529 Videlicet
1521 1490 1542 1531 n

211 1587 268 1627 tren
297 1584 372 1643 cenae
400 1584 453 1645 per
481 1565 610 1626 litteram
640 1564 812 1642 designatur
840 1565 913 1626 idest
944 1564 1097 1626 indiuidua
1120 1575 1248 1645 potestas
1270 1576 1300 1628 ct
1322 1568 1370 1628 uis
1391 1568 1509 1629 litterae

210 1672 274 1748 ipsa
298 1669 501 1747 pronuntiatio
524 1674 657 1727 uocatur.
703 1665 765 1725 lloc
787 1675 900 1733 antem.
924 1667 1003 1746 qnod
1028 1666 1158 1743 uidetur,
1181 1665 1278 1729 littera
1302 1675 1349 1729 eat
1370 1670 1509 1747 etllgura

210 1779 297 1848 atque
331 1776 399 1828 nota
430 1769 477 1828 uel
505 1767 662 1827 character
689 1776 739 1827 aut
768 1768 874 1827 domus
903 1768 1052 1829 elementi.
1098 1768 1189 1847 lgitur
1210 1771 1236 1829 si
1260 1768 1442 1831 clementum
1464 1780 1510 1831 est

212 1890 280 1949 pars
304 1871 424 1929 trtiraima
454 1871 535 1928 nocis
564 1867 752 1937 articulatae,
783 1869 870 1937 illud,
901 1870 979 1947 qnod
1014 1879 1157 1941 remanet,
1187 1878 1256 1930 nota
1283 1878 1331 1930 cst
1357 1869 1507 1934 clementi.

211 1972 374 2039 Minima,
404 1972 471 2048 mm
495 1971 578 2047 qnasi
602 1978 717 2029 atomus
740 1980 793 2029 est.
838 1975 959 2032 atomus
981 1982 1080 2032 antem
1103 1972 1211 2031 (licitur
1233 1972 1376 2051 quicquid
1398 1972 1543 2035 ladini-u

211 2073 378 2133 sibilecst.
427 2066 518 2151 Τομή
547 2074 625 2131 enim
654 2089 760 2148 graece
789 2073 903 2132 incisio.
957 2071 1044 2132 Verbi
1072 2074 1164 2150 gralia
1193 2070 1271 2133 lllter
1303 2072 1452 2136 diuiditur
1479 2077 1508 2135 in

211 2178 386 2243 sententiaa,
417 2176 582 2234 secatentiae
611 2154 641 2233 in
670 2183 783 2252 partes,
813 2182 914 2252 partes
943 2177 971 2234 lu
1000 2173 1141 2253 syllabas,
1172 2172 1301 2254 syllabae
1329 2176 1360 2235 in
1384 2175 1507 2245 litteras,

212 2277 328 2337 litterae
357 2295 429 2336 croco
461 2275 657 2336 inclinisilliles
685 2284 814 2335 manent.
860 2274 969 2336 Vocis
996 2274 1228 2337 articulatae.
1274 2274 1339 2337 Non
1368 2278 1442 2339 dicit
1463 2280 1508 2337 in·

211 2379 397 2443 articulatae,
421 2378 473 2437 secl
497 2377 589 2445 illius,
623 2395 697 2455 qliae
722 2375 827 2437 litteris
856 2377 1067 2456 comprehendi
1096 2386 1202 2457 potest.
1245 2375 1424 2448 Quaeritur,
1454 2394 1507 2439 cur

212 2481 342 2542 llonatns
371 2478 584 2559 strperlalinnm
613 2479 738 2555 gradum
766 2481 906 2554 genetiuo
935 2480 1077 2556 stragulam
1105 2479 1240 2539 adiunxit
1267 2480 1297 2539 in
1326 2478 1383 2539 hoc
1406 2480 1542 2541 dicensn

211 2585 293 2661 ‘pars
318 2585 437 2641 rninima
462 2582 567 2648 crocis',
591 2599 656 2640 crum
681 2582 816 2659 superins
839 2580 920 2639 illum
943 2584 1083 2658 genetiuo
1105 2580 1212 2659 plurali
1236 2580 1420 2656 iungendum
1443 2600 1508 2643 ease

212 2685 328 2742 «licerit.
375 2683 432 2741 Secl
458 2685 496 2742 ila
521 2681 746 2758 intelligendum
770 2692 828 2751 est,
855 2692 885 2742 nt
913 2683 1042 2742 dicatur:
1083 2682 1191 2743 Littera
1221 2692 1266 2742 est
1292 2700 1362 2761 pars
1385 2683 1507 2744 minima

210 2784 322 2843 scillcet.
351 2786 478 2861 partiunt
510 2785 590 2842 croceis
618 2782 800 2843 articulatae.
847 2783 1071 2843 Litterarum
1101 2784 1197 2843 aliae
1225 2792 1312 2844 sunt
1341 2783 1507 2846 uocales,

213 2886 289 2944 llaec
318 2885 424 2944 clictlsio
453 2886 546 2962 pclcua
571 2893 600 2943 ct
622 2883 795 2962 principalis
823 2893 877 2944 est.
922 2886 1021 2945 Princo
1054 2887 1134 2945 enlm
1165 2885 1339 2946 diuiduntur
1371 2888 1403 2946 in
1435 2886 1508 2948 dtlas

210 2995 309 3064 partes
338 2986 415 3044 idest
442 2988 471 3044 in
502 2984 620 3045 eternales
648 2994 677 3044 et
706 2995 912 3045 colemanno.
958 2989 1098 3065 Seqtritnr
1126 3005 1200 3048 uero
1229 2987 1358 3047 secunda
1388 2987 1543 3059 diuisinae

112 3102 156 3145 aa,
175 3104 197 3139 m
211 3104 286 3163 qliae
310 3096 339 3145 ct
361 3086 525 3145 arrlnlinisio
549 3097 671 3145 recreatur
694 3085 743 3146 nbi
765 3088 819 3145 alt:
854 3090 1147 3149 llormonantinm
1172 3088 1266 3149 allae
1288 3096 1387 3150 sunt.
1432 3090 1508 3152 Sunt

210 3205 281 3267 ergo
304 3189 466 3249 cllnisioncs
489 3188 563 3247 clerae
588 3187 752 3248 litterarum
777 3199 806 3248 et
828 3197 889 3249 tres
918 3200 1031 3267 partes,
1059 3190 1136 3251 illest
1165 3190 1283 3251 uocales
1311 3190 1508 3253 eerniuocalcs

210 3300 239 3351 cl
262 3299 367 3351 menae.
413 3290 534 3351 l'ocalcs
556 3300 654 3351 antem
678 3309 693 3349 a
717 3291 850 3351 trocanclo
873 3290 1011 3352 dicuntur
1033 3292 1080 3352 nel
1097 3312 1112 3352 a
1129 3310 1218 3359 noce,
1242 3310 1278 3352 co
1293 3291 1373 3370 qnorl
1395 3310 1451 3371 per
1474 3312 1507 3354 se

210 3394 342 3474 prolatae
365 3392 482 3472 plenam
505 3396 615 3454 iaciant
638 3411 753 3454 uocem.
792 3393 996 3454 Cotisonautes
1020 3412 1092 3454 nero
1116 3392 1265 3462 dicuntur,
1289 3413 1324 3453 eo
1340 3394 1420 3472 qnod
1436 3412 1505 3455 oum

209 3495 360 3557 uocalibns
383 3498 497 3575 positae
519 3494 605 3556 simul
627 3503 743 3556 socrant.
788 3494 987 3556 Seminooales
1009 3514 1142 3575 qnoque,
1167 3514 1225 3557 non
1247 3495 1325 3576 quod
1349 3495 1543 3559 dimidiumao

208 3617 313 3658 sarman
348 3596 489 3668 habeant,
523 3598 574 3658 scd
603 3601 669 3679 cpuia
700 3616 752 3677 per
780 3618 812 3658 se
841 3600 905 3657 sinc
934 3597 1088 3658 uocallbus
1115 3598 1281 3677 perlectum
1309 3615 1416 3659 sonum
1444 3616 1506 3659 non

208 3697 332 3768 nollent,
362 3700 440 3759 sicut
467 3699 595 3760 dicimos
623 3698 769 3761 semideos
792 3710 821 3760 et
843 3699 1013 3768 seminiroS,
1044 3717 1103 3760 ncrn
1132 3698 1210 3778 qnod
1233 3699 1346 3759 dimidii
1369 3698 1411 3759 dii
1434 3701 1503 3765 sint.

208 3800 260 3859 secl
277 3801 344 3879 qclia
360 3799 486 3879 perlecti
504 3818 563 3859 raon
579 3810 657 3861 staret.
689 3801 908 3863 ‘Seminocalls’
926 3810 1024 3861 alutem
1047 3801 1243 3880 compositum
1260 3809 1305 3860 est
1319 3819 1355 3861 ex
1372 3803 1505 3870 nominc,

206 3901 284 3983 quod
315 3912 359 3963 est
388 3903 479 3963 semis
506 3904 650 3972 scrrrlssis,
685 3911 715 3963 ct
742 3904 861 3963 uocalis.
905 3903 1002 3963 Semis
1030 3921 1103 3963 aleco
1131 3911 1177 3963 est
1198 3901 1321 3962 alicuius
1344 3920 1504 3965 rnensnrac

207 4004 383 4065 dimidietas.
415 4003 511 4064 lllntae
535 4006 622 4066 etiarn
647 4003 794 4073 dicuntur,
820 4023 877 4064 non
902 4004 981 4081 cptiod
998 4006 1115 4084 peintus
1138 4013 1260 4065 careant
1282 4023 1366 4073 noce,
1389 4005 1443 4067 aed
1466 4005 1540 4066 adae

207 4109 458 4186 comparationem
483 4107 627 4168 uocalinm
652 4116 750 4167 mcttae
773 4116 851 4175 sucat,
874 4107 949 4166 sicut
973 4115 1086 4167 mertum
1111 4106 1259 4167 hominem
1282 4105 1419 4177 dicimus,
1443 4126 1504 4168 non

206 4208 286 4288 qnod
309 4207 459 4270 locutione
482 4228 603 4288 prorsus
625 4218 739 4277 carcat,
768 4206 820 4269 aed
843 4208 878 4267 ad
902 4211 1157 4289 comparationem
1179 4207 1352 4288 eloquentis.
1398 4208 1502 4270 Deler-

208 4329 284 4371 mem
308 4330 425 4391 quoqne
449 4310 574 4372 dicimus
598 4310 610 4393 ll
630 4308 690 4372 145
711 4370 722 4391 ,
747 4310 911 4380 mulierem,
941 4330 1000 4371 non
1023 4311 1101 4389 qnod
1124 4313 1188 4372 sine
1211 4312 1303 4371 lorma
1327 4317 1421 4383 esset,
1449 4311 1503 4373 sed

206 4411 283 4472 male
314 4413 438 4473 formata
472 4422 517 4473 est
544 4415 574 4472 in
604 4415 827 4492 comparatione
860 4412 996 4474 rarulieris
1029 4414 1104 4475 berae
1139 4415 1292 4475 formatae.
1337 4412 1500 4475 Sciendum

205 4582 433 4591 -——-——-——-

272 4704 288 4752 3
307 4717 381 4766 grece
449 4702 466 4748 4
484 4698 587 4767 tonsae]
607 4712 696 4752 trtcrsae
784 4706 815 4754 13
832 4715 943 4753 caracter
1030 4708 1062 4756 15
1079 4705 1198 4755 ntlromua
1267 4702 1387 4754 uthomna
1470 4702 1500 4753 tt

205 4768 292 4817 thome
360 4770 456 4820 dinituc
523 4771 554 4818 21
574 4767 704 4835 superine]
724 4789 751 4836 p.
770 4773 831 4832 355,
851 4776 885 4823 13
904 4773 929 4821 K
999 4775 1032 4824 26
1049 4774 1099 4823 alia
1117 4785 1155 4824 est
1232 4774 1265 4824 29
1282 4773 1402 4823 dicantur
1418 4788 1500 4838 repra

205 4837 295 4887 teneam
363 4840 396 4889 82
414 4839 450 4888 dii
466 4853 548 4904 repro
564 4837 654 4888 dacaru
