3382 5476
536 383 586 434 DI}
604 381 849 438 Dlssonstt‘rm
867 384 1059 438 seuuemo.
1308 402 1446 452 CXXXIII

280 572 482 635 Terentius
504 572 547 634 de
571 571 686 633 uerho
709 580 876 634 tractans
898 574 991 634 hanc
1013 574 1278 638 differentiam
1299 575 1401 639 dinit.

239 675 373 736 ‘Inuoco'
396 678 426 736 in
449 676 638 749 adlutorium,
660 677 817 755 ‘prouoco’
833 674 868 736 ad
884 675 1090 747 lracundlam’,
1114 680 1214 739 ‘uoco'
1230 678 1266 739 ad
1289 678 1443 750 honorem,

152 777 273 839 ‘euoeo’
296 777 331 838 ad
355 779 492 847 officium.
515 778 650 839 ‘reuoeo’
676 787 835 854 errantem,
860 782 1018 838 ‘conticeo’
1042 779 1139 840 simul.

239 880 359 959 ‘Surge’
384 899 399 941 e
421 879 502 949 sede.
526 883 663 957 ‘exurge’
688 898 705 940 e
728 878 813 949 lecto,
837 883 985 959 ‘resurgo'
1007 900 1022 940 a
1046 889 1155 951 morte,
1181 884 1353 960 ‘consurgo’
1376 901 1442 944 cum

124 981 233 1052 saliis,
258 983 405 1060 ‘insurgo'
429 983 458 1042 in
482 981 566 1046 alios.

236 1085 414 1163 ‘Cognosce’
435 1085 569 1162 ignorata
592 1094 621 1145 et
642 1086 753 1152 inuisa,
777 1087 943 1160 ‘agnosco’‚
967 1101 1044 1161 quae
1066 1105 1081 1145 a
1105 1102 1152 1145 me
1175 1087 1359 1164 exciderunt.

237 1187 367 1249 ‘Ilioneo’
390 1188 571 1266 praesentia,
595 1185 765 1246 ‘admoneo’
787 1187 896 1255 lutura,
922 1187 1120 1247 ‘commoneo’
1144 1191 1321 1266 praeterita,
1345 1190 1442 1268 ‘prae-

151 1292 271 1349 mouco’
295 1288 407 1369 aliquid
431 1288 679 1367 praecauendum.

236 1390 369 1451 ‘Precor'
393 1408 546 1470 prospera,
570 1391 744 1470 ‘lmpreeor’
767 1389 900 1458 aduersa,
925 1390 1093 1469 ‘deprecor’
1117 1409 1173 1470 pro
1196 1390 1323 1452 delictis.

109 1504 136 1544 1⁰
236 1492 440 1570 ‘Contingunt’
466 1491 551 1562 hona,
575 1492 739 1552 ‘accidunt’
762 1490 851 1562 mala,
875 1494 1040 1553 ‘eueniunt'
1064 1500 1198 1572 utraque.
1326 1556 1330 1567 ,

235 1593 365 1655 ‘Testor’
381 1593 502 1675 aliquid,
519 1595 697 1655 confirmans
711 1596 905 1660 seutentiam,
929 1594 1102 1655 ‘contestor’
1118 1613 1184 1654 cum
1205 1595 1330 1674 quadam
1346 1605 1444 1657 aucto

149 1699 240 1758 ritate
262 1696 426 1765 affirmans,
451 1697 636 1775 ‘protestor'
659 1697 813 1757 manifeste
837 1694 967 1756 cauenda
991 1695 1181 1765 denuntians.
1211 1694 1367 1758 ‘obtestor'
1390 1700 1443 1760 ali·

149 1817 239 1879 quem
270 1801 369 1858 iurare
399 1796 594 1877 compellens,
624 1798 783 1859 ‘attestor’
807 1797 934 1876 aliquem
959 1796 993 1857 ad
1017 1800 1219 1860 testimomum
1243 1817 1367 1869 uocans.
1392 1803 1443 1878 qui

148 1903 189 1962 sit
204 1899 350 1978 dignitate
364 1900 412 1960 uel
428 1903 604 1962 auctoritate
619 1904 764 1968 eminens,
777 1899 934 1961 ‘detestor'
947 1898 1056 1978 aliquid
1073 1899 1271 1961 execrandum
1288 1918 1442 1981 respuens.

109 2009 136 2050 1⁶
234 2001 291 2062 ‘Do
313 2001 378 2062 das‘
401 2001 513 2080 aliquid
536 2004 658 2080 largiter
680 2001 794 2066 datum.
817 2004 860 2061 sic
882 2001 974 2062 ‘dedi'
997 2001 1188 2063 scribendum
1212 2010 1274 2072 est;
1302 2011 1332 2063 at
1354 2002 1443 2065 ‘dedo

148 2102 247 2165 dedis’
271 2103 382 2183 ahquid
406 2115 560 2173 uexatum,
585 2107 628 2165 sie
651 2103 788 2165 ‘dedidi'.

234 2207 382 2286 ‘Accipio'
405 2206 442 2266 ah
464 2205 536 2277 alio,
561 2207 714 2284 ‘suscipio’
737 2214 859 2285 sponte,
882 2207 1031 2286 ‘recipio'
1054 2206 1183 2284 aliquam
1205 2226 1269 2268 rom
1293 2209 1441 2273 amissam.

233 2309 379 2386 ‘heprio'
402 2308 562 2388 paralium
577 2311 813 2376 ministrantem,
837 2309 991 2388 ‘suscipio’
1008 2308 1117 2387 aliquid
1142 2308 1247 2369 durum
1270 2309 1443 2372 aduersum·

147 2427 222 2488 que,
246 2411 382 2490 ‘incipio'
405 2429 463 2470 uon
487 2419 545 2471 tam
569 2413 829 2491 compositionem,
852 2428 939 2490 quam
962 2410 1105 2470 initialem
1128 2418 1243 2490 partem
1266 2412 1420 2488 siguificat.

107 2502 135 2563 ω’
234 2510 380 2591 ‘Incipit’t
403 2512 472 2591 quid
495 2511 678 2583 subauditur,
696 2515 752 2573 nisi
767 2512 838 2573 hoc:
861 2513 980 2592 ‘incipit
993 2511 1070 2572 liber
1084 2509 1151 2588 legi,
1175 2510 1276 2580 scribi,
1293 2516 1442 2574 narrari’l

233 2613 343 2675 ‘Dico'
366 2613 548 2693 simpliciter,
572 2614 723 2693 ‘praedico
746 2619 806 2675 cas’
831 2613 867 2674 ad
890 2613 1024 2691 plebem,
1048 2612 1180 2673 ‘indico’
1203 2611 1290 2674 alleui
1313 2616 1441 2675 iuterro-

147 2717 247 2794 ganti‚
271 2714 380 2776 ‘edico’
403 2717 503 2793 regiae
527 2714 652 2776 dicionis
675 2726 729 2776 est.

193 2870 201 2882 .
233 2817 337 2878 ‘lluoo’
363 2816 397 2877 ad
422 2818 580 2886 honorem,
604 2817 741 2878 ‘deduco'
765 2837 780 2879 a
802 2818 849 2879 uia
864 2828 962 2888 recta,
985 2818 1104 2879 ‘educo’
1122 2837 1138 2878 e
1155 2834 1285 2888 earcere,
1308 2817 1441 2880 ‘induco'

146 2921 177 2980 in
200 2920 420 2998 captiuitatem,
450 2918 600 2981 ‘adduco'
630 2920 665 2980 ad
688 2938 752 2980 rem
782 2919 981 2987 inhonestam,
1011 2919 1168 2981 ‘traduco'
1197 2927 1278 2980 trans
1305 2919 1439 2991 lluuium,

105 3020 282 3082 ¹⁵‘seduco'
304 3023 334 3080 in
357 3039 509 3090 errorem,
532 3039 664 3082 seorsum
688 3020 779 3089 duco,
803 3021 946 3082 ‘diduco'
970 3022 1102 3083 distraho
1126 3021 1162 3082 de
1184 3038 1237 3081 suo
1260 3029 1353 3090 statu,
1377 3022 1440 3083 ‘ah-

145 3122 233 3183 duco’
258 3141 312 3202 per
335 3125 396 3183 uim
418 3122 557 3201 precum,
581 3124 717 3185 ‘reduco'
740 3142 844 3185 rursus
865 3126 897 3184 ln
918 3142 1004 3184 suum
1028 3131 1147 3187 statum.

215 3377 417 3428 ldih'erenciem
503 3380 630 3428 2etuoco
714 3382 861 3445 dagrrosco
880 3382 996 3447 ignorata
1014 3389 1038 3426 et
1056 3379 1139 3427 innisa
1158 3392 1287 3444 cognosco
1307 3389 1353 3434 etc.
1424 3383 1439 3431 'I

144 3461 296 3496 commoneo
315 3456 428 3512 preterea
446 3460 583 3511 premoueo
653 3449 685 3498 10
702 3449 833 3497 etueniunt
897 3451 933 3498 13
952 3462 1039 3496 curare
1057 3446 1214 3511 compellans
1260 3447 1371 3509 aliquem
1389 3464 1437 3498 one.

143 3517 207 3566 odd.
228 3515 304 3565 Beda
372 3516 405 3565 14
421 3514 531 3577 aliquem
548 3513 624 3566 Beda
675 3517 829 3565 execrudum
897 3518 929 3566 19
947 3515 1164 3581 composicionem
1210 3514 1335 3564 inicinlem
1405 3519 1439 3568 20

144 3585 238 3648 scripsi
323 3584 355 3632 21
373 3583 457 3633 indico
476 3582 549 3632 aluus
635 3583 841 3634 assumerem
894 3584 919 3631 in
938 3584 980 3632 uin
1031 3593 1056 3632 et
1072 3597 1157 3631 srcere
1225 3584 1258 3632 24
1276 3582 1309 3632 ad
1328 3598 1354 3631 re
1406 3584 1438 3633 de

143 3665 194 3701 suo
212 3662 315 3715 smper
334 3651 384 3699 uim
436 3648 547 3716 obduco]
565 3653 693 3716 supplesti,
712 3652 747 3714 cs.
769 3652 848 3716 Verp.
868 3650 924 3701 Ecl.
943 3650 977 3701 11
996 3653 1045 3703 ts:
1070 3650 1206 3700 ‘abducere
1223 3649 1352 3714 Thestylis
1371 3655 1436 3701 orat'

142 3722 178 3770 26
197 3717 300 3783 precum
352 3716 452 3768 rursum
473 3730 584 3768 statuum

213 4005 393 4042 ussuruouu.
461 3993 477 4041 2
497 3991 571 4042 Beda
588 4009 613 4056 p.
632 3994 703 4042 2328
722 3993 759 4041 Ρ.·
784 3991 955 4041 ‘Adnocntur’
974 3993 1079 4040 daturus
1098 3994 1276 4056 patrocinium,
1295 3996 1437 4043 ‘coronetur'

142 4060 306 4127 praebiturus
325 4059 486 4120 obsequium,
500 4061 655 4110 ‘inuocetur’
675 4072 848 4125 praestaturus
867 4061 990 4110 auxilium
1009 4080 1043 4103 =
1061 4059 1201 4124 Apronius
1217 4079 1244 4126 p.
1257 4063 1325 4110 2271
1338 4063 1369 4111 Ρ.
1422 4064 1438 4112 6

140 4129 233 4193 Caper
247 4144 276 4192 p.
295 4129 364 4177 2242
383 4129 420 4177 Ρ.·
450 4127 669 4193 ‘cognoscimus’
688 4129 805 4193 ignorem
822 4140 847 4177 ot
864 4130 962 4190 inuisa,
986 4128 1173 4193 ‘agnoscimus'
1192 4145 1257 4193 quae
1275 4129 1350 4178 nobis
1369 4132 1438 4179 exci-

141 4197 244 4246 derant.
324 4197 339 4245 'I
359 4196 496 4258 Aproelius
512 4212 539 4260 p.
559 4198 640 4245 2271.-
671 4195 891 4247 ‘Commouemus’
911 4199 1055 4262 praeterito,
1075 4196 1265 4247 ‘admonemus’
1283 4200 1436 4261 praeseutia,

140 4267 365 4331 ‘praemonemus’
384 4262 477 4316 lutura.
548 4263 662 4328 llCaper
676 4281 705 4329 p.
720 4269 806 4317 2243:
824 4265 938 4314 ‘Precor’
959 4277 1092 4331 prospers,
1106 4264 1254 4331 ‘imprecor'
1272 4275 1343 4319 tetra.
1362 4266 1437 4316 Beda

138 4327 325 4450 '’21²³l‘l?
342 4334 433 4448 ‘'wil‘'
449 4333 741 4451 3¹5„·31‘'‘⁰⁹;·2t’,·.²33⁵
753 4335 802 4449 sl?
825 4334 1122 4451 ‘ltssh⁸‘'¹1.‘tt.ft.⁸⁸‘?2
1141 4333 1437 4451 “¹²¹’f0tht‘t³¹.t''²

140 4414 300 4532 pdeppoeagri,
317 4415 449 4516 excussere?
459 4477 484 4516 et
501 4417 611 4532 purgare
629 4437 672 4520 se,¹
726 4418 952 4534 rpdapqptmgmpp
969 4418 1308 4535 Eodernenpllsspjzgedum
1318 4418 1345 4534 pe.
1359 4419 1436 4523 pnes,

138 4537 232 4600 Caper
247 4552 273 4599 p.
294 4537 377 4585 2242·
396 4536 542 4585 ‘hecidere'
561 4536 663 4585 aduersi
681 4539 776 4601 aliquid
794 4539 885 4589 dicito,
913 4539 1090 4603 ‘contingere'
1113 4539 1208 4600 aliquid
1232 4537 1365 4603 pulchrum
1388 4549 1434 4590 est.

141 4608 174 4654 11
195 4600 298 4668 Testor]
317 4603 415 4653 Eodem
432 4605 503 4668 apud
519 4602 618 4652 Batiam
634 4621 661 4668 p.
679 4607 751 4657 2347
770 4604 814 4670 (=
831 4608 920 4655 insert.
939 4608 971 4655 de
989 4607 1054 4657 ortt.
1071 4623 1099 4671 p.
1118 4605 1206 4672 2802).
1285 4608 1316 4656 17
1335 4607 1436 4669 Apros-

138 4676 194 4723 tr'ns
204 4688 233 4735 p.
243 4673 329 4720 2272:
349 4671 518 4736 ‘Recipimus'
529 4671 625 4733 aliquid
643 4672 809 4724 deferendum
827 4674 920 4738 rogati,
940 4675 1118 4740 ‘suscipimus’
1137 4686 1226 4725 nostru
1243 4684 1343 4740 sponte.
1401 4676 1435 4724 23

139 4740 286 4805 Aproett'us
301 4756 328 4803 p,
348 4741 430 4788 2267:
452 4738 578 4788 ‘Dedere’
598 4739 630 4789 de
647 4743 728 4791 amico
747 4743 925 4808 producendo,
948 4742 1064 4793 ‘diduco'
1083 4753 1168 4792 eutem
1186 4744 1234 4792 hoc
1251 4750 1290 4790 est
1307 4739 1436 4800 utstrahm

138 4810 209 4860 idem
224 4823 253 4872 p,
272 4808 355 4856 2271:
374 4808 545 4857 ‘Abducitur'
565 4808 623 4870 quis
641 4811 674 4858 ad
693 4826 743 4860 rem
763 4812 936 4870 inhonestam,
956 4812 1134 4877 ‘perducitur’
1153 4812 1186 4862 nd
1204 4810 1300 4873 studia,
1320 4809 1436 4863 ‘deduci-

139 4879 195 4927 tur'
214 4874 248 4924 ad
265 4873 385 4924 honorem
392 4911 400 4937 ,
419 4877 453 4940 cs.
472 4875 557 4941 Caper
573 4892 601 4940 p.
621 4879 698 4929 2215.
