3382 5476
261 395 444 444 ccxxxvm
550 383 600 433 DE
619 382 771 433 IVLIANO
789 381 986 434 TOLETANO
1005 380 1246 434 GRAMMATICO

256 569 344 631 ltem:
369 569 490 630 ‘notit
512 571 680 630 excessit
702 570 827 630 euasit
851 571 1004 649 erupit'.
1049 571 1133 640 ltem,
1163 571 1298 647 quotiens
1327 570 1416 631 medii
1444 579 1474 630 et
1498 588 1550 649 po·

254 656 360 716 stremi
382 673 489 716 uersus
512 656 702 715 consonantia
726 662 780 723 est,
804 654 945 714 utillud:

423 737 576 800 Plaudit
598 748 632 800 et
655 738 852 818 adpositas
873 741 1015 818 spargit
1038 742 1073 799 in
1097 758 1160 801 ore
1182 758 1295 801 rosas.

341 873 516 955 Polyptoton
539 884 584 935 est
605 873 759 936 multitudo
782 892 903 937 casuum
924 876 1068 936 uarietate
1091 876 1237 944 distincta,
1261 883 1305 935 ut:

424 958 553 1020 Litora
577 959 760 1021 litoribus
782 963 992 1029 contraria,
1016 958 1199 1021 fluctibus
1221 959 1338 1020 undas
1563 981 1577 1021 o

423 1043 620 1124 inprecor,
643 1063 741 1105 arma
764 1046 892 1114 armis,
916 1054 1086 1123 pugnent
1108 1046 1254 1124 ipsique
1278 1051 1522 1125 nepotesque.

255 1128 342 1191 ltem:

423 1214 471 1274 nx
495 1213 617 1275 nihilo
640 1213 797 1275 nihilum
819 1216 860 1275 ad
883 1214 1039 1275 nihilum
1062 1234 1170 1295 posse
1191 1216 1348 1275 reuerti.

254 1299 328 1360 ltem
352 1299 518 1360 Persius:
750 1374 752 1378 Ι

423 1387 566 1446 llareus
587 1384 704 1445 Dama.
734 1384 866 1464 Papae!
898 1385 1022 1445 Marco
1045 1383 1254 1463 spondente
1276 1400 1431 1445 recuses
1452 1417 1495 1428 -
1563 1407 1588 1445 ιο

423 1467 570 1530 llarcus
592 1468 701 1529 dixit:
725 1471 778 1529 ita
801 1476 871 1537 est;
894 1470 1064 1546 adsigna,
1087 1469 1223 1538 Marce,
1247 1466 1420 1530 tabellas.

254 1570 344 1631 ltem:
369 1571 454 1632 ‘llic
476 1579 564 1631 tuus
587 1571 712 1650 pater?
734 1580 876 1650 patrem
893 1570 991 1632 hunc
1007 1571 1196 1652 appellas?
1219 1589 1316 1632 nunc
1333 1569 1405 1631 tibi
1428 1572 1550 1650 patris

254 1673 385 1717 nomen
407 1657 511 1717 uenit
533 1658 571 1716 in
593 1657 790 1717 mentemi'

339 1838 495 1924 [1172111
515 1842 693 1921 Paradigma
720 1851 764 1904 cst
786 1844 948 1923 propositio
972 1842 1099 1923 exempli
1121 1843 1266 1905 hortantis
1288 1852 1338 1904 aut
1360 1842 1548 1904 deterrentis.

253 1926 415 1997 llortantis,
439 1937 486 1988 ut:
1560 1951 1585 1991 rs

421 2015 588 2073 Antenor
610 2015 735 2092 potuit
756 2011 890 2073 mediis
913 2012 1067 2093 elapsus
1089 2012 1240 2075 Achiuis

422 2097 602 2176 illyricos
623 2106 825 2177 penetrare
848 2100 955 2159 sinus

254 2191 284 2244 et
305 2191 413 2243 cetera.
453 2182 644 2252 deterrentis,
668 2194 717 2244 ut:

421 2270 464 2328 At
486 2287 555 2329 non
578 2269 631 2330 sic
654 2268 840 2348 Phrygius
862 2276 1039 2348 penetrat
1061 2268 1337 2332 Lacedaemona
1359 2277 1491 2348 pastor

422 2350 685 2434 Ledaeamque
707 2351 881 2415 Helenam
904 2355 1087 2416 Troianas
1111 2357 1212 2415 uexit
1234 2353 1276 2414 ad
1299 2352 1424 2414 urbes.
1560 2377 1586 2416 so

252 2454 428 2533 Paradigma
452 2454 563 2516 dictum
587 2456 753 2535 exemplum
777 2456 847 2517 dicti
876 2433 925 2517 ucl
952 2458 1023 2519 iacti
1050 2454 1173 2517 alicuius
1198 2463 1250 2517 aut
1271 2474 1307 2515 ex
1329 2453 1418 2515 simili
1439 2461 1489 2515 aut
1511 2472 1547 2514 ex

253 2538 386 2602 dissimili
408 2557 519 2619 genere
541 2542 723 2603 conueniens
746 2544 783 2612 ei,
807 2559 895 2620 quam
918 2543 1064 2620 ponimus,
1088 2538 1149 2611 rei,
1174 2549 1206 2601 ut
1228 2550 1285 2601 est:
1310 2540 1409 2600 ‘Tam
1432 2537 1546 2601 lorti·

253 2634 311 2687 ter
332 2627 413 2687 ruit
434 2635 522 2706 aput
544 2625 749 2707 llipponem
773 2627 912 2706 Scipio,
936 2645 1042 2706 quam
1065 2626 1192 2687 Vticae
1214 2626 1330 2688 Cato’.

253 2861 477 2898 tmmnvmnns.

338 2918 513 2976 4‘Iulr'cnus
537 2938 567 2992 p.
592 2924 644 2976 37:
688 2918 854 2995 Polyptoton
877 2950 918 2960 -
940 2929 1063 2995 nepotes.
1109 2920 1188 2977 ltem:
1218 2916 1285 2976 ‘llic
1312 2929 1376 2975 tuus
1404 2926 1483 2992 pater
1504 2946 1547 2958 -

256 3007 283 3060 in
306 3005 445 3061 mentem!

319 3090 357 3146 14
380 3089 514 3148 Iulianus
533 3108 564 3163 p.
589 3094 643 3146 48:
688 3090 844 3164 Paradigma
866 3120 907 3130 -
930 3091 1003 3147 Cato.

257 3321 370 3358 conscie
389 3321 541 3358 numnam
560 3309 609 3358 207
628 3322 775 3359 venisses.

322 3371 490 3443 lebscesslt]
511 3376 562 3426 Cic.
581 3378 606 3425 in
624 3376 699 3431 Catil.
718 3376 753 3426 ΙΙ
770 3379 863 3441 cap!
916 3374 1018 3424 mcdnet
1035 3374 1156 3440 postremi
1233 3372 1411 3423 lPolibtoton
1462 3373 1547 3423 unric-

253 3455 329 3494 tutem
399 3446 414 3494 ὁ
433 3439 532 3510 Litora]
556 3443 634 3509 Vcrp.
653 3447 715 3495 Aen.
734 3445 750 3494 1
756 3445 782 3494 V
798 3447 862 3502 m,-
880 3445 915 3506 σί.
933 3444 999 3496 Don.
1017 3461 1044 3508 p.
1064 3445 1125 3505 398,
1144 3445 1178 3493 28
1258 3441 1332 3493 stix
1350 3438 1441 3507 nihilo]
1462 3442 1549 3492 Persii

252 3511 787 3574 Set.I!I84,cs.1st'd.or.135,17
854 3508 1003 3576 9Persius]
1025 3510 1081 3562 Sat.
1105 3511 1133 3559 V
1147 3514 1187 3560 ⁷9.
1206 3512 1239 3560 81
1310 3513 1341 3560 10
1358 3509 1512 3559 mercidnma

252 3594 354 3630 rccasns
425 3583 454 3628 ll
475 3581 594 3644 insigna
665 3582 695 3630 12
713 3591 772 3629 tuus
791 3592 860 3646 putet
912 3579 960 3629 lmc
978 3580 1023 3629 tihi
1093 3581 1123 3628 14
1142 3578 1300 3644 praepositio
1371 3579 1403 3628 16
1420 3580 1535 3626 Antenor

257 3648 336 3713 Verp.
354 3649 422 3698 Aen.
442 3648 539 3704 1242,
557 3649 592 3710 cs.
611 3650 677 3700 Dcn.
694 3666 722 3712 p.
741 3650 801 3708 402,
821 3652 855 3699 30
923 3648 1005 3697 acinis
1024 3647 1128 3696 illiricus
1216 3648 1247 3697 ts
1265 3645 1312 3694 ltec
1330 3659 1381 3695 non
1400 3646 1423 3695 si
1441 3645 1533 3709 frigius

256 3716 334 3781 Verp.
355 3718 419 3766 Aen.
442 3714 499 3764 VII
519 3718 573 3766 363
642 3719 675 3767 ‘20
693 3716 789 3766 clencm
862 3719 893 3766 21
912 3717 980 3767 dicta
998 3715 1143 3781 exemplum
1212 3730 1244 3764 ex
1262 3712 1384 3764 similium
1401 3725 1445 3762 aut
1512 3712 1545 3762 22

251 3819 406 3898 conueniens
424 3818 479 3896 eius
497 3791 673 3884 chponimus
691 3819 727 3867 rei
796 3821 829 3870 13
847 3819 922 3884 periit
938 3817 1055 3869 Iulianus
1073 3824 1097 3867 et
1115 3815 1233 3867 Isidorus
1251 3815 1322 3867 or.1
1341 3817 1432 3878 36,34
1483 3825 1546 3879 aput

252 3900 370 3952 ipponem
424 3898 511 3948 utique

337 4247 503 4308 Praeterea
532 4250 595 4308 toci
621 4264 682 4307 non
704 4244 803 4322 pauci
830 4244 951 4306 Iuliani
976 4263 995 4304 a
1017 4245 1180 4305 cardinale
1204 4243 1242 4302 de
1269 4243 1451 4303 Lorcnzana
1471 4238 1547 4302 editi

251 4349 367 4413 cocleis
390 4351 553 4411 Beruenses
574 4347 693 4409 auxilio
715 4346 826 4425 optime
847 4354 1013 4425 sanantur,
1036 4354 1082 4416 ut,
1106 4344 1134 4407 si
1155 4347 1310 4406 Iulianum
1331 4347 1439 4405 itcrwn
1455 4347 1547 4423 prelo

251 4452 389 4516 subicere
409 4452 476 4528 quis
497 4458 629 4526 statuat,
653 4449 732 4511 artes
755 4447 920 4510 Beruenses
947 4452 973 4510 is
999 4448 1149 4510 rationem
1172 4450 1281 4509 iubeat
1302 4463 1393 4525 quam
1413 4444 1548 4508 mamete

250 4561 289 4619 sit
310 4553 564 4632 prememorati).

320 4812 347 4876 *)
366 4812 406 4861 Ex
424 4811 515 4862 Iuliani
532 4820 586 4860 arte
604 4808 682 4859 multa
699 4810 726 4858 iu
744 4822 865 4874 magnum
882 4807 974 4857 librum
992 4807 1139 4873 glossarum
1156 4818 1258 4872 recepte
1274 4805 1357 4857 luisse
1374 4819 1454 4871 supra
1470 4805 1548 4856 docui

251 4895 279 4949 p.
299 4879 390 4931 XLIV.
409 4880 454 4941 Ll,
478 4892 506 4930 ut
527 4879 603 4931 huius
622 4893 725 4942 quoque
742 4876 872 4927 codicibus
890 4877 922 4927 ad
942 4876 1066 4927 lulianum
1085 4876 1272 4926 emendandum
1291 4875 1412 4926 utendum
1429 4875 1472 4926 sit.
