3382 5476
716 401 926 456 nunuuuffis.
1408 401 1468 466 113

548 589 781 652 Percurrens
803 591 956 669 pectine
979 587 1084 650 telas.

171 688 204 749 ln
228 708 264 749 en
288 690 461 772 productam
483 694 650 752 masmine
671 691 790 760 Latina,
818 700 851 750 ut
872 690 931 752 lieu
953 693 1018 752 rien
1041 692 1090 752 ucl
1112 710 1167 752 ren
1188 700 1219 753 et
1239 691 1323 772 splen
1346 689 1467 772 splenis,

172 801 201 852 et
224 793 376 864 feminino
400 795 534 861 Graeca,
563 803 596 852 ut
616 792 689 854 baec
712 793 808 853 Siren.
855 792 929 852 ltern
957 792 1300 872 conposita'masculina
1328 794 1360 853 in
1388 810 1426 852 en
1453 812 1469 852 a

171 891 266 953 uerbo
295 910 370 952 cano
394 896 402 953 i
426 893 638 981 paenultimam
668 901 835 973 correptam
865 893 1002 955 babentia
1031 902 1100 954 ante
1122 913 1193 964 cen,
1223 903 1256 954 ut
1276 895 1325 956 bic
1348 894 1469 955 tubicen

144 1002 201 1053 cet
229 993 302 1054 baec
331 994 478 1065 tubicine,
507 995 557 1055 bic
584 993 690 1055 lidicen
718 994 792 1056 baec
814 994 946 1063 fidicina,
976 996 1024 1056 bic
1046 998 1188 1056 cornicen
1210 995 1284 1056 baec
1307 977 1476 1056 cornicinaf

170 1095 324 1175 Excipitur
358 1114 449 1157 unum
484 1115 593 1157 nomen
622 1095 748 1166 tibicen,
783 1097 863 1176 quod
891 1099 900 1156 i
929 1094 1103 1176 productam
1132 1096 1222 1157 babet
1248 1096 1469 1176 paenultimam,

171 1196 274 1258 debuit
297 1199 376 1257 enim
398 1198 542 1275 geminari
564 1201 587 1271 i,
617 1217 633 1257 a
656 1200 686 1258 in
709 1200 720 1257 i
742 1216 904 1268 conuersa,
928 1205 961 1257 ut
983 1196 1052 1258 tuba
1076 1198 1209 1259 tubicen:
1239 1200 1282 1259 sic
1304 1216 1377 1277 ergo
1398 1197 1470 1259 tibia

171 1297 290 1359 tibiicen
320 1296 424 1359 debuit
451 1300 559 1359 iacere.
603 1298 665 1359 Nec
690 1299 833 1368 solumi,
862 1298 913 1359 sed
938 1298 1012 1359 aliae
1035 1315 1153 1379 quoque
1176 1298 1296 1361 uocales
1317 1301 1348 1360 in
1370 1298 1471 1360 multis

171 1399 350 1461 dictionibus
364 1401 406 1460 sic
422 1399 518 1461 solent
533 1419 568 1461 ex
584 1398 700 1462 duabus
714 1399 836 1479 syllabis
851 1401 882 1459 in
899 1416 987 1460 unam
1004 1398 1121 1478 longam
1133 1402 1270 1470 transire,
1284 1408 1317 1460 ut
1328 1402 1374 1462 bis
1385 1402 1470 1479 iugae

133 1513 159 1554 10
171 1500 272 1580 bigae,
294 1504 499 1578 quadriiupae
513 1500 689 1580 quadrigae,
712 1500 757 1561 bis
771 1502 822 1561 uni
838 1501 915 1570 bini,
932 1509 963 1562 et
977 1521 994 1561 e
1010 1504 1159 1562 contrario
1176 1520 1233 1563 una
1249 1500 1336 1580 longa
1352 1503 1382 1562 in
1398 1501 1471 1563 duas
1549 1542 1552 1547 -

172 1603 281 1664 breues
295 1621 385 1682 saepe
401 1602 477 1663 solet
491 1603 593 1672 diuidi,
608 1610 641 1663 ut
655 1602 804 1663 admittier
819 1622 874 1683 pro
890 1602 1013 1677 admitti,
1031 1604 1097 1663 lieri
1112 1622 1166 1683 pro
1182 1605 1229 1665 llri
1244 1603 1292 1663 uel
1307 1605 1370 1674 lire,
1387 1604 1467 1684 quod

172 1707 265 1783 magis
279 1703 436 1782 analogum
452 1711 507 1765 est.
545 1707 567 1765 Α
583 1704 729 1783 pectendo
745 1722 818 1782 ergo
833 1703 945 1765 dicitur
962 1703 1010 1765 bic
1032 1712 1137 1784 pecten
1160 1705 1325 1767 masculino
1347 1723 1468 1785 genere.

171 1806 245 1868 ltem
261 1826 277 1866 a
293 1806 341 1867 iilo
358 1805 489 1875 lilamen,
511 1806 590 1884 quod
609 1824 664 1885 per
677 1823 839 1885 syncopam
854 1807 864 1866 i
879 1806 985 1867 damen
1001 1806 1138 1867 dicimus
1168 1807 1274 1869 Omnia
1292 1804 1304 1887 Η
1321 1806 1342 1867 1.
1361 1803 1437 1867 104·
1453 1804 1465 1888 ll

171 1910 290 1969 nomina
317 1915 422 1968 neutra
445 1910 475 1967 in
500 1925 567 1968 men
590 1906 731 1986 syllabam
753 1906 917 1968 desinentia
940 1910 971 1968 in
993 1907 1137 1983 singulari
1159 1926 1285 1970 numero
1308 1916 1467 1988 tetraptota

134 2019 160 2060 1⁶
173 2018 256 2079 sunt,
281 2009 337 2070 hoc
359 2017 405 2069 est
427 2028 465 2069 en
487 2011 544 2069 inis
566 2009 608 2069 ini
631 2011 693 2083 ine,
719 2016 749 2069 et
769 2011 800 2069 iu
823 2008 930 2089 plurali
953 2028 1078 2084 numero
1101 2012 1221 2090 triptota
1243 2019 1321 2080 sunt,
1344 2009 1402 2071 boc
1423 2019 1469 2071 est

171 2113 220 2171 ina
247 2113 329 2172 inum
359 2109 473 2179 inibus,
503 2120 533 2170 et
554 2110 629 2169 baec
651 2111 771 2171 nomina
794 2113 823 2170 in
847 2129 916 2172 men
938 2111 1102 2174 desinentia
1124 2115 1150 2173 si
1172 2131 1188 2172 a
1211 2113 1306 2191 prima
1328 2113 1469 2190 coniuga-
1579 2144 1582 2151 ·

172 2214 252 2273 tione
275 2213 350 2280 sint,
379 2230 395 2271 a
418 2210 536 2290 longam
560 2211 671 2272 babent
692 2211 920 2292 paenultimam,
944 2221 978 2273 ut
999 2212 1080 2273 solor
1101 2211 1207 2274 solaris
1227 2213 1373 2282 solamen,
1392 2213 1469 2286 soro

171 2314 250 2375 ioras
273 2316 422 2383 toramen,
451 2329 543 2373 curuo
566 2332 599 2374 as
622 2332 797 2388 curnamcn,
822 2313 939 2375 oblecto
961 2332 995 2374 as
1018 2312 1218 2394 oblectamen,
1241 2331 1337 2394 purgo
1358 2331 1469 2393 purgas
1503 2302 1508 2315 '

171 2433 350 2496 purgamen,
373 2416 464 2475 inrito
487 2432 519 2474 as
541 2415 713 2489 inritamen,
737 2415 797 2493 ligo
820 2414 893 2493 ligas
916 2414 1058 2492 ligamen,
1082 2422 1111 2475 et
1133 2434 1152 2475 u
1175 2414 1366 2494 productam,
1389 2417 1415 2475 si
1436 2416 1468 2476 in

130 2527 158 2567 ω
172 2535 210 2576 ιιο
233 2514 343 2577 desinit
365 2514 501 2582 uerbum,
524 2525 558 2575 ut
578 2535 652 2576 acuo
676 2534 811 2585 acumen,
832 2521 897 2591 tino
918 2518 1037 2584 llumcn,
1062 2534 1121 2577 nun
1144 2533 1264 2586 numen,
1287 2516 1337 2577 luo
1356 2515 1467 2587 lumen,

170 2603 231 2695 quo
260 2619 356 2679 omnia
385 2614 559 2687 abluuntur,
591 2616 668 2677 idest
695 2626 862 2697 purgantur
889 2636 905 2678 a
934 2616 1075 2679 tenebris.
1126 2614 1210 2688 Quae
1236 2625 1335 2678 autem
1362 2619 1373 2678 i
1400 2629 1469 2679 ante

170 2738 240 2781 men
262 2719 382 2788 habent,
400 2717 579 2795 paenultima
603 2721 814 2798 corripiuntur,
838 2727 870 2780 ut
892 2720 1026 2797 regimen
1048 2728 1116 2797 tego
1139 2720 1215 2798 tegis
1238 2721 1377 2798 tegimen,
1400 2737 1469 2799 spe·

170 2824 232 2883 cies
252 2823 419 2902 specimen,
444 2840 459 2880 a
482 2819 584 2881 uerbis
607 2838 680 2880 uero
703 2829 824 2900 quartae
847 2821 1063 2898 coniugationis
1085 2821 1237 2881 uenientia
1259 2820 1270 2880 i
1292 2820 1467 2900 productam

172 2921 293 2992 babent,
317 2931 349 2982 ut
371 2923 473 2983 munio
488 2922 514 2982 is
530 2923 691 2991 munimen,
715 2920 794 2982 lenio
811 2921 887 2983 lenis
901 2921 1041 2991 lenimen,
1064 2922 1172 2982 molior
1186 2921 1301 2982 moliris
1315 2920 1466 2983 molimen.

128 3034 157 3073 2⁵
217 3078 223 3084 .
255 3024 289 3084 ln
317 3042 356 3083 nn
384 3021 442 3083 dua
470 3021 632 3083 masculina
660 3031 773 3084 tanturn
797 3024 916 3084 nomina
941 3025 1151 3093 terminantur,
1180 3034 1214 3084 ut
1234 3023 1372 3086 blemncn
1394 3027 1469 3100 lga-

170 3143 310 3187 memnon
333 3124 443 3187 Cbiron
466 3123 580 3184 Amfion
602 3124 702 3185 Zenon
723 3123 843 3186 Platon:
873 3125 947 3185 baec
973 3127 1097 3205 propria
1124 3126 1244 3185 nomina
1272 3134 1367 3187 sunt:
1395 3125 1468 3186 ltem

170 3226 362 3308 appellatiua,
386 3234 419 3287 ut
439 3225 489 3285 bic
503 3243 598 3288 canon
616 3225 637 3303 †
653 3225 758 3303 elagon
780 3225 910 3304 gedeon,
934 3234 964 3285 et
985 3224 1220 3294 indeclinabilia,
1245 3236 1277 3287 ut
1300 3225 1349 3287 bic
1371 3230 1468 3288 Aaron

170 3340 202 3388 ct
229 3328 310 3389 Sion.
355 3327 389 3387 ln
418 3345 452 3387 ar
481 3336 650 3405 correptam
677 3328 733 3387 tria
760 3345 870 3405 genera
899 3324 1124 3397 inueniuntur,‘
1139 3326 1300 3388 masculina
1328 3328 1469 3388 feminina

170 3431 355 3496 communia:
383 3427 554 3497 masculina,
579 3436 612 3488 ut
633 3427 681 3487 bic
704 3426 770 3498 Lar,
794 3428 872 3490 idest
893 3431 981 3508 ignis,
1003 3427 1053 3488 bic
1075 3429 1191 3497 Caesar,
1214 3427 1264 3488 bic
1284 3430 1370 3504 Arar,
1392 3428 1471 3489 idest

130 3531 291 3592 nunnius.
350 3530 427 3591 llinc
464 3529 587 3607 legitur:
626 3527 916 3609 ltbodanumque
952 3538 1155 3590 morantem
1192 3531 1471 3608 praecipitauit

170 3635 269 3694 Arar.
315 3631 435 3706 Neutra,
458 3639 491 3691 nt
512 3630 568 3690 boc
590 3631 635 3690 lar
658 3630 761 3691 larris:
784 3648 879 3709 genus
901 3638 947 3692 est
968 3633 1062 3710 panis,
1085 3639 1116 3692 et
1137 3631 1193 3691 boc
1208 3628 1325 3710 †inuar
1346 3632 1468 3700 inuaris,

174 3735 230 3795 boc
253 3731 411 3811 exemplar,
434 3730 521 3812 †boc
542 3731 630 3792 iniar.
677 3730 849 3794 Communia
873 3733 961 3794 trium
983 3749 1144 3810 generum,
1168 3738 1201 3794 ut
1222 3731 1270 3792 bic
1293 3741 1324 3793 et
1345 3731 1418 3793 baec
1440 3741 1470 3793 et

171 3836 228 3898 boc
249 3852 317 3915 par,
348 3833 437 3894 buius
460 3834 538 3912 paris
561 3834 629 3893 buic
653 3835 733 3912 pari,
761 3834 842 3896 bunc
864 3842 895 3896 et
916 3835 993 3896 banc
1016 3853 1118 3914 parem
1142 3841 1171 3893 et
1193 3833 1250 3893 boc
1271 3850 1341 3913 par,
1364 3852 1383 3894 n
1405 3852 1468 3914 par,

170 3935 209 3998 ab
235 3937 293 3997 boc
321 3944 351 3995 et
378 3934 414 3996 ab
442 3936 497 3995 bac
527 3942 556 3995 et
583 3935 621 3995 ab
649 3936 706 3996 boc
734 3938 816 4015 pari,
845 3944 874 3997 et
902 3935 1009 4017 plurali
1037 3935 1068 3996 bi
1097 3944 1127 3997 et
1155 3934 1211 3995 bae
1233 3951 1321 4014 pares
1343 3941 1373 3994 et
1394 3934 1469 3995 baec

130 4046 158 4088 ³⁶
172 4039 269 4119 paria,
298 4037 405 4098 borum
429 4044 458 4097 et
479 4036 583 4097 barum
608 4034 765 4098 ethorum
789 4039 920 4117 parium,
948 4039 994 4099 bis
1016 4037 1151 4118 paribus,
1179 4036 1234 4096 bos
1256 4043 1286 4096 et
1307 4034 1361 4096 bas
1382 4053 1470 4116 pares

240 4262 254 4308 l
273 4259 398 4324 percurrit
414 4270 519 4323 pectene
536 4256 599 4323 telos
668 4259 684 4307 1
702 4257 843 4308 masculina
861 4258 952 4309 addidi
1014 4260 1030 4306 3
1047 4255 1171 4306 feminina
1187 4255 1284 4305 Graece
1303 4264 1330 4304 nt
1345 4255 1437 4307 addidi

170 4327 257 4390 syrien
324 4330 503 4391 lcorreptnm
572 4325 721 4376 btubicena
773 4324 881 4376 ildicenn
931 4325 1065 4374 cornicenn
1133 4323 1291 4388 'lgeminnri
1308 4337 1324 4371 ιι
1341 4323 1393 4372 ini
1446 4323 1469 4372 si

170 4408 233 4459 ergo
251 4394 321 4443 tubis
338 4394 439 4442 tubicen
490 4392 569 4443 8sed
588 4392 637 4442 alia
705 4393 799 4460 biuge
816 4392 874 4459 loge
892 4393 1016 4457 quadrige
1085 4388 1199 4456 tobim]
1218 4390 1294 4440 binii
1358 4391 1387 4440 11
1407 4405 1469 4456 sepe

172 4463 204 4512 11
256 4471 315 4511 nten
370 4461 470 4525 generis
551 4457 916 4525 teau101forr.autando
968 4460 1056 4509 sinnco
1077 4473 1118 4508 nm
1137 4460 1161 4507 ·i·
1231 4459 1264 4509 14
1280 4459 1307 4508 in
1325 4454 1395 4523 men]
1417 4458 1468 4509 biri}

172 4529 205 4580 ld
240 4530 419 4578 ocestinen
489 4528 521 4576 16
539 4527 623 4577 inbus
675 4529 760 4577 inme
828 4525 1005 4578 linteolum
1057 4475 1225 4578 bornaddidl
1293 4526 1325 4576 18
1342 4539 1468 4576 circueas

240 4595 336 4646 oblecta
423 4598 454 4648 19
472 4595 544 4644 irritu
612 4606 637 4645 et
653 4591 683 4658 u]
702 4604 743 4644 ten
813 4595 964 4660 productum
1041 4596 1075 4647 10
1092 4595 1200 4646 uerbum
1218 4608 1282 4644 ncnc
1351 4592 1403 4643 lino
1421 4608 1469 4648 on.

169 4665 204 4714 11
222 4674 284 4729 tego
336 4665 422 4728 specie
479 4665 512 4713 13
530 4662 734 4729 coniugationes,
752 4678 821 4713 cerr.
841 4663 880 4711 nis
932 4662 966 4711 st
982 4661 1059 4712 motis
1127 4664 1160 4714 2⁶
1177 4663 1203 4712 in
1222 4663 1247 4711 in
1298 4660 1350 4709 dne
1367 4674 1468 4712 mascu-

169 4729 405 4798 lina]1.e.dnec
422 4733 611 4782 nmeultnormn
628 4731 750 4780 nerninem
766 4733 865 4794 species
949 4730 983 4779 tt
1000 4730 1086 4779 cireon
1138 4728 1224 4779 nullon
1310 4728 1343 4778 17
1361 4726 1466 4796 elegen]

171 4802 215 4853 An
232 4803 309 4850 latet:
331 4801 417 4865 agon?
486 4799 520 4849 18
539 4809 575 4849 tre
594 4801 659 4864 gen?
726 4800 759 4848 19
777 4812 849 4847 cesar
916 4793 1435 4863 eotegttnr1cucan.1³tm.t¹ttt5

169 4882 356 4930 romanumque
373 4878 511 4917 merentem
530 4868 691 4934 precipitabit
742 4866 778 4917 31
792 4866 938 4915 commonia
990 4868 1022 4916 34
1040 4864 1076 4914 bii
1094 4868 1121 4914 et
1139 4862 1171 4912 lte
1233 4864 1265 4912 35
1284 4876 1374 4927 parum
1421 4864 1468 4913 lnis

195 4950 293 4994 (lun.
304 4961 358 4995 nar.
371 4952 454 4994 suren
1247 4950 1264 5000 8
