3382 5476
193 377 235 447 73
710 380 780 434 uns
798 381 975 435 nuonunn

193 570 470 652 Cooparatiuus
497 573 643 651 *gradus
671 571 853 649 3ablatiuo
887 572 997 633 casui
1033 571 1254 652 adiungitur
1280 569 1492 653 {utriusque

193 675 347 736 numeri.
391 674 522 736 Dicimus
544 674 637 735 enim:
667 674 793 734 ‘Hector
816 675 922 735 tortior
949 672 1093 735 Diomede
1120 673 1167 735 uel
1189 673 1330 736 audacior
1355 673 1492 736 Troianis

192 774 269 837 luit'.
315 776 436 847 Quoties
458 774 586 853 aliquem
609 774 705 837 alieno
727 776 832 853 generi
854 794 1060 855 conparamns,
1084 783 1154 836 tuuc
1176 776 1390 855 conparatione
1408 774 1491 839 abla-

192 879 254 939 tiuo
270 876 415 956 singulari
430 879 572 955 iungitur,
590 885 621 937 ut
635 876 758 937 ‘ilector
774 877 878 937 lortior
894 877 1058 939 Diomede’.
1095 877 1219 949 Quando
1241 884 1340 939 autem
1362 874 1491 959 aliquem

191 997 246 1040 suo
278 979 381 1057 generi
413 996 626 1058 coeperamus,
664 987 734 1039 tunc
767 981 978 1058 conparatinus
1010 977 1140 1042 ablatiuo
1172 978 1279 1059 plurali
1312 980 1423 1049 seruit,
1459 988 1515 1041 uts

192 1080 316 1141 ‘Hector
338 1081 477 1142 audacior
499 1080 636 1141 Troianis
659 1080 735 1140 lnit'.
781 1079 946 1160 Aliquando
970 1083 1183 1159 conparatinns
1204 1082 1302 1142 minus
1324 1099 1341 1141 a
1363 1080 1490 1161 positim

194 1180 355 1261 siguificat,
379 1183 515 1263 quamuis
537 1182 662 1260 recipiat
683 1183 942 1261 conparationem,
967 1191 1000 1243 ut
1021 1186 1114 1244 ‘mare
1131 1183 1285 1245 Ponticum
1307 1181 1425 1244 dulcius
1445 1192 1490 1245 est

193 1302 281 1362 quam
305 1294 403 1345 cetera
427 1286 543 1346 maria’.
578 1284 675 1345 Minus
697 1285 776 1344 euim
799 1285 946 1362 significat
966 1285 1177 1364 conparatiuus
1199 1281 1342 1346 neutralis
1363 1282 1489 1355 dulcius,

193 1404 282 1466 quam
304 1388 330 1446 si
352 1386 474 1447 dixisset
495 1387 623 1464 positiuo
645 1385 742 1447 dulce.
787 1384 858 1446 lude
880 1385 1097 1447 Priscianus
1124 1386 1211 1447 dicit:
1256 1387 1319 1447 Est
1340 1384 1489 1465 quaudo

193 1489 464 1567 conparatiuus
486 1497 712 1566 conparatur
728 1489 902 1548 etminus
924 1487 1136 1568 significat,
1155 1498 1205 1549 ut:
1229 1486 1526 1550 ‹maceronti-o

194 1607 272 1650 cum
289 1588 508 1651 dulciusest
530 1607 637 1669 quam
660 1591 812 1650 cetera’.
834 1589 899 1650 Hic
915 1607 984 1650 non
1002 1590 1042 1650 ad
1059 1589 1198 1661 «inicia,
1215 1591 1278 1653 sed
1301 1588 1344 1650 ad
1367 1606 1490 1651 amara

192 1691 291 1751 iacta
326 1693 596 1770 conparatione
630 1691 670 1750 ad
708 1692 902 1752 contraria
941 1691 1122 1762 ostendit,
1160 1711 1260 1752 marc
1295 1691 1489 1752 Ponticum

193 1810 346 1871 paruum
375 1792 517 1871 aliquid
547 1791 778 1860 dulcedinis,
807 1811 914 1871 quam
944 1801 1068 1853 cetera
1097 1792 1248 1854 babere.
1298 1792 1372 1854 item
1402 1793 1489 1863 scias,

193 1895 418 1972 conparatiuum
442 1912 499 1954 una
523 1891 634 1971 syllaba
658 1895 779 1953 uincere
795 1895 965 1970 genetiuum
981 1895 1116 1974 positiui,
1140 1913 1230 1972 aquo
1247 1897 1329 1956 uenit
1346 1891 1388 1976 ]]l.
1399 1888 1489 1975 87⁶1]

194 1997 251 2056 nisi
274 1997 333 2055 sint
355 1992 504 2062 anomala;
528 1996 552 2053 si
576 2012 647 2072 ergo
670 1993 802 2055 dicamus
817 1995 918 2072 ‘piior’
942 1998 1114 2074 ‘egregior',
1138 1995 1251 2058 lriatum
1273 1993 1489 2057 intolerabilem
1503 2007 1527 2048 n

195 2095 290 2158 tribus
311 2094 465 2157 uocalibus
487 2097 615 2156 iecisset.
660 2095 732 2157 lude
755 2097 972 2158 Priscianus
994 2099 1079 2158 dicit:
1103 2095 1177 2158 illud
1194 2114 1313 2175 quoque
1328 2096 1490 2159 noandum

195 2208 255 2268 est,
285 2198 362 2278 quod
385 2199 485 2259 omnia
507 2199 696 2277 conparatiua
719 2200 863 2276 positiuos
885 2217 943 2259 aina
966 2197 1076 2277 syllaba
1099 2201 1247 2261 excedunt
1269 2209 1299 2261 et
1319 2197 1492 2280 superlatiui

194 2302 403 2381 conparatiuos
425 2319 484 2360 uua
506 2297 617 2378 syllaba
640 2309 797 2379 superant,
827 2308 860 2361 ut
883 2301 951 2361 ditis
974 2301 1063 2362 ditior
1086 2301 1263 2373 ditissimus,
1286 2302 1359 2363 clari
1381 2300 1491 2363 elaritn

195 2401 388 2471 clarissimus,
417 2404 495 2481 nigri
518 2398 634 2480 nigrior
656 2404 850 2478 nigerrimus,
880 2401 985 2464 similis
1007 2402 1132 2464 similior
1155 2401 1335 2474 simillimus,
1360 2404 1491 2483 exceptis

194 2505 277 2585 prior
298 2505 415 2584 primus
439 2515 468 2565 et
490 2503 638 2566 ariomalis
660 2505 758 2564 ntirtor
781 2505 874 2565 maior
898 2503 972 2584 plus.
1017 2505 1069 2566 Est
1096 2505 1292 2586 quandoper
1314 2511 1527 2585 eucarpo-2⁰

195 2609 307 2669 ratiuus
334 2605 530 2686 superlatiuo,
561 2614 593 2667 nt
620 2606 726 2685 agilior
753 2605 914 2685 agillimus,
944 2606 1058 2667 lacilior
1087 2606 1252 2669 facillimus.
1298 2607 1351 2669 Est
1372 2605 1490 2688 quaudo

196 2710 324 2770 uincitur
352 2709 551 2788 superlatiuus
580 2727 635 2769 uua
667 2706 793 2788 syllaba,
823 2716 856 2767 ut
885 2708 1010 2767 inl'erior
1039 2709 1172 2778 lulianus,
1208 2708 1333 2770 ulterior
1359 2708 1491 2779 ultimus,

195 2812 325 2872 exterior
341 2824 492 2872 eruentus
506 2811 555 2871 uel
571 2812 708 2870 extimus.
738 2811 934 2891 l'lonparatiua
957 2817 1054 2869 autem
1079 2813 1187 2882 omnia,
1211 2819 1243 2871 ut
1265 2813 1306 2872 ait
1326 2809 1489 2873 Priscia-

194 2931 277 2983 nus,
302 2915 311 2971 i
335 2912 457 2973 breuem
481 2909 614 2972 uocalem
638 2910 749 2973 liabent
772 2920 840 2971 ante
863 2929 907 2979 or,
931 2920 963 2970 ut
985 2911 1100 2973 doctior
1115 2913 1257 2992 grandior
1272 2911 1379 2975 melior
1393 2914 1490 2974 minor

194 3015 303 3081 iunior,
326 3031 381 3092 pro
403 3014 547 3082 iuuenior,
578 3014 646 3088 quia
669 3014 698 3073 in
723 3011 802 3072 nullo
829 3014 1021 3090 conparatiuo
1044 3016 1052 3073 i
1075 3024 1143 3077 ante
1166 3034 1201 3076 or
1222 3013 1348 3095 produci
1376 3020 1527 3094 potest;t²⁶

196 3114 340 3193 quaedam
363 3116 373 3174 i
395 3112 461 3174 loco
484 3116 674 3175 consonantis
696 3113 815 3182 liabent,
840 3121 874 3174 ut
895 3117 990 3176 maior
1012 3118 1106 3194 peior.
1153 3116 1313 3178 Sciendum
1336 3124 1390 3187 est,
1413 3114 1492 3197 quod

196 3217 294 3277 omnia
317 3218 508 3296 conparatiua
529 3218 560 3275 in
580 3234 613 3275 or
629 3215 796 3275 desinentia
820 3219 987 3277 communis
1009 3228 1079 3279 sunt
1100 3220 1227 3297 generis,
1243 3218 1321 3280 idest
1335 3216 1492 3279 masculini

195 3318 397 3389 etlemiuini,
433 3327 466 3379 ut
493 3318 540 3379 liic
569 3326 599 3378 ot
627 3317 699 3378 baec
728 3318 856 3388 doctior,
886 3319 933 3379 inc
957 3329 985 3379 et
1008 3319 1081 3380 liaeo
1110 3322 1288 3401 sapientior;
1321 3322 1364 3381 sic
1392 3319 1493 3381 hicet

196 3421 269 3482 baec
297 3422 395 3481 acrior
424 3419 528 3480 melior
557 3421 650 3481 maior
672 3421 756 3499 peior
779 3421 903 3481 inertior
924 3423 1083 3500 pauperior
1105 3422 1246 3483 audacior
1269 3429 1299 3483 et
1319 3430 1434 3492 cetera,
1463 3428 1493 3482 et

196 3531 308 3584 mutata
330 3541 364 3583 or
387 3525 418 3584 in
441 3541 476 3584 us
498 3525 611 3584 iaciunt
632 3525 858 3602 conparatiuum
882 3525 981 3584 neutri
1002 3525 1121 3601 generis
1144 3532 1173 3584 et
1195 3522 1345 3593 aducrbii,
1375 3531 1409 3585 ut
1434 3521 1528 3583 noos

195 3627 314 3703 sapiens
342 3626 505 3705 sapientius
528 3632 557 3685 et
577 3626 728 3704 sapienter
757 3626 930 3705 sapientius,
960 3634 990 3685 et
1018 3626 1074 3686 boc
1101 3625 1196 3686 audax
1224 3625 1366 3688 audacius
1389 3633 1419 3686 et
1439 3643 1491 3686 au·

195 3724 297 3788 dacter
325 3724 372 3786 uel
401 3725 554 3793 audaciter
581 3726 729 3787 audacius.
780 3725 853 3786 ltem
879 3727 937 3788 boc
966 3746 1034 3788 acre
1061 3729 1160 3788 acrius
1188 3737 1218 3788 et
1245 3728 1355 3788 acriter
1382 3728 1491 3789 acrius.

195 3827 268 3887 item
291 3826 347 3888 noc
375 3827 509 3906 prudeus
536 3827 715 3906 prudentius
738 3836 767 3887 et
788 3828 953 3906 prudenter
981 3828 1174 3907 prudentius,
1198 3828 1255 3890 hoc
1278 3827 1410 3890 clemens
1431 3828 1491 3890 olc-

195 3931 323 3990 mentius
347 3939 376 3990 et
398 3929 560 3990 elementer
588 3928 764 3990 clementius
791 3931 874 3997 lacit;
906 3937 934 3990 et
961 3933 1037 3991 sicut
1070 3933 1255 4011 conparatiui
1278 3950 1382 3992 omnes
1403 3932 1435 3991 iu
1457 3949 1492 3992 or

262 4186 374 4237 Piretor
425 4187 543 4237 audatior
611 4185 771 4236 3ablatiuos
840 4185 953 4234 elector
1021 4187 1207 4252 bcoupatious
1277 4187 1389 4237 diector
1440 4198 1493 4237 tro·

194 4254 268 4304 iaanus
337 4256 536 4321 aeonporattos
605 4253 768 4318 tipossitino
819 4249 977 4316 Priscianus]
998 4253 1113 4318 Ip.92,
1132 4256 1220 4307 1111.
1290 4258 1323 4306 10
1339 4269 1494 4320 cooperator

194 4333 219 4371 et
236 4324 324 4372 minon
377 4334 416 4372 est
432 4324 536 4386 quando
554 4322 587 4370 od
604 4322 733 4371 contraria
751 4331 906 4385 conparatur
924 4331 949 4369 ot
966 4321 1049 4370 utilius
1069 4323 1183 4388 positiuo
1202 4323 1332 4389 siguificat
1342 4324 1494 4374 Priscianus

195 4395 225 4440 ll
244 4388 349 4441 'ddultia
418 4392 451 4439 ad
469 4405 546 4451 mare,
565 4405 633 4440 corr.
653 4405 724 4438 niara
811 4390 842 4438 13
860 4388 996 4437 dulcidinis
1077 4392 1109 4440 14
1126 4406 1142 4439 a
1159 4406 1189 4440 co
1260 4394 1292 4443 lb
1309 4391 1493 4442 intolerabilem

196 4462 227 4509 19
244 4455 404 4524 Priscianus]
424 4458 442 4507 Ι
456 4475 485 4522 p.
504 4460 567 4520 100,
587 4463 615 4506 1:
651 4458 715 4507 illud
738 4471 841 4519 quoque
863 4455 1009 4520 sciendum,
1032 4458 1101 4520 quod
1125 4461 1211 4509 omma
1228 4469 1254 4508 et
1270 4461 1446 4525 comparatiua
1468 4468 1494 4509 et

194 4526 351 4592 superlatiua
369 4528 476 4574 duarum
494 4525 622 4575 excedunt
639 4540 772 4575 numerum
791 4524 945 4589 syllabarum
964 4527 1080 4591 exceptis
1098 4529 1170 4592 prior
1181 4538 1209 4577 et
1220 4528 1318 4593 primus
1331 4537 1356 4577 et
1368 4527 1494 4577 anomalis

194 4595 248 4648 nis:
272 4594 495 4643 minoretmaior
513 4603 540 4642 et
556 4594 674 4658 peieret
690 4593 758 4659 plus.
830 4595 860 4643 17
884 4593 1013 4658 positiuus
1081 4596 1114 4645 20
1132 4596 1223 4661 primis
1292 4606 1331 4646 est
1349 4592 1439 4662 quiam]
1457 4596 1493 4660 cf.

195 4663 469 4726 Priso.l.i.p.100‚
491 4663 521 4709 11
591 4663 623 4710 21
642 4661 688 4710 Est
705 4657 820 4726 quando]
841 4661 875 4724 es.
895 4662 977 4711 Prisc.
995 4665 1012 4712 l.
1030 4664 1047 4712 1.
1066 4666 1099 4712 12
1167 4665 1200 4713 22
1219 4664 1329 4712 uincitur
1396 4666 1430 4716 23
1448 4678 1493 4713 ex-

195 4731 306 4778 timimus
375 4729 522 4795 conparatio
540 4738 624 4777 autem
694 4726 851 4794 Priscianus]
872 4731 906 4792 ef.
924 4730 940 4779 1
958 4747 984 4794 p.
1004 4735 1051 4794 91,
1072 4733 1117 4787 ld,·
1140 4749 1167 4796 p.
1187 4733 1267 4790 89,1
1354 4732 1387 4782 28
1405 4732 1494 4782 semini

194 4797 227 4845 29
244 4796 352 4847 inercior
419 4797 559 4863 pauperios
577 4797 695 4846 arrdatior
775 4800 809 4848 eo
827 4799 945 4847 intricatior
963 4799 987 4847 in
1008 4815 1038 4848 us
1106 4802 1140 4849 30
1158 4800 1292 4866 aridatins,
1311 4800 1349 4849 bis
1418 4803 1449 4851 31
1470 4813 1494 4849 et

193 4864 284 4913 acriter·
301 4867 384 4914 acrius
403 4880 427 4916 et
443 4864 533 4914 acriter
551 4867 634 4913 nerins
1134 4894 1137 4899 ·
