3382 5476
207 350 271 415 252
610 353 847 404 eonnennvn
864 353 1109 405 mnsmnnnsn

206 541 356 620 perlectus
378 549 438 602 est:
463 539 552 601 habet
575 542 652 602 enim
675 541 771 602 omnia
788 548 923 620 tempora
938 551 967 601 et
982 558 1087 601 omnes
1106 558 1261 621 personas.
1304 540 1509 623 Imperatiuns

205 651 307 722 postea
331 643 461 722 ponitur,
485 645 552 720 quia
576 644 779 724 imperfectior
801 652 861 703 est:
891 660 949 702 non
979 640 1069 703 habet
1090 644 1170 704 enirn
1191 644 1319 723 primam
1344 662 1507 724 personam

203 745 234 806 in
265 742 483 821 singularitate,
513 747 581 821 qnia
610 744 708 807 nullus
736 750 834 822 potest
860 743 917 804 sibi
945 745 1002 823 ipsi
1030 745 1194 823 imperare,
1222 752 1252 806 et
1279 747 1311 807 in
1341 747 1508 827 praeterito

204 846 316 907 delicit:
345 863 406 905 nou
436 845 526 906 habet
553 848 610 908 nisi
640 863 783 926 praesens
810 853 839 905 et
861 846 1006 905 loturum.
1050 844 1163 907 Deinde
1190 848 1342 926 optatione
1370 848 1505 927 ponitur,

159 933 163 942 ’
203 948 286 1026 quia,
311 948 381 1008 licet
402 966 507 1008 omnes
529 947 637 1009 lrabeat
658 965 801 1027 personas
824 952 853 1005 et
874 962 927 1007 sua
950 952 1083 1025 tempora
1106 948 1276 1019 coniuncta,
1291 956 1396 1010 tamen
1411 949 1529 1009 maiore

203 1057 263 1118 est,
287 1051 337 1128 qui
359 1050 501 1127 imperat,
525 1068 615 1129 qnam
638 1050 688 1126 qui
711 1056 803 1129 optat.
847 1047 1003 1126 Optatiana
1026 1066 1099 1109 uero
1122 1048 1265 1111 adunabit)
1280 1050 1423 1111 ‘utinam’
1439 1059 1507 1129 eget

204 1157 233 1210 et
255 1152 319 1210 sine
342 1168 377 1210 eo
401 1169 460 1210 non
484 1159 582 1228 potest
603 1169 679 1212 esse.
723 1148 969 1229 ‘impersonalis’
993 1148 1111 1220 dicitur,
1134 1169 1170 1211 eo
1193 1150 1272 1228 quod
1296 1167 1432 1229 persona
1453 1151 1505 1213 de·

204 1252 280 1320 licit,
313 1271 372 1313 non
395 1252 501 1330 recipit
522 1251 580 1312 sibi
603 1250 842 1332 supplementum
866 1270 882 1311 a
906 1252 1041 1330 personis
1063 1252 1289 1330 pronominum.
1319 1259 1354 1313 ut
1375 1251 1505 1331 ‘legitur

203 1372 218 1412 a
243 1371 327 1413 mea
353 1362 381 1413 te
409 1353 446 1414 ab
474 1352 524 1414 illo
547 1372 562 1414 a
587 1353 674 1415 nobis
696 1371 712 1412 a
736 1351 824 1413 uobis
852 1350 890 1413 ab
912 1351 1003 1421 illis’;
1032 1354 1071 1413 ita
1099 1354 1195 1414 currit
1223 1371 1318 1435 usque
1345 1354 1378 1415 iu
1401 1352 1503 1415 linem.

105 1455 264 1519 seuseu
288 1455 434 1536 quidam
457 1463 685 1532 receperunt
708 1453 803 1514 lrnno
826 1453 969 1514 modum
992 1471 1059 1532 pro
1080 1471 1222 1530 genere
1243 1472 1283 1515 ac
1306 1454 1538 1533 significa-u

203 1560 304 1618 tione
328 1556 453 1625 uerbi,
477 1558 555 1617 siout
577 1558 706 1617 antinum
730 1553 779 1616 uel
801 1556 962 1634 passiuum,
986 1574 1022 1617 eo
1044 1556 1123 1635 qnod
1146 1575 1201 1636 per
1223 1574 1328 1618 omnes
1349 1556 1459 1619 modos
1473 1565 1503 1620 et

100 1676 190 1723 sermo
204 1669 338 1738 tempora
363 1660 423 1718 exit
445 1666 495 1717 ant
517 1660 546 1717 iu
571 1667 619 1718 tur
641 1666 693 1719 aut
713 1659 742 1717 in
767 1665 796 1717 et
819 1657 921 1718 autin
944 1658 978 1716 it.
1023 1656 1090 1717 Sed
1120 1674 1212 1737 quae
1240 1659 1278 1717 in
1306 1665 1370 1721 tur
1399 1666 1438 1721 et
1463 1660 1501 1721 in

203 1763 231 1820 it
254 1768 405 1827 exeunt,
430 1758 466 1819 ab
490 1759 650 1820 indication
673 1761 798 1820 ueniunt
821 1764 850 1819 et
871 1757 983 1819 habent
998 1777 1119 1820 sensum
1135 1761 1275 1829 antinum,
1294 1768 1327 1820 ut
1342 1759 1412 1839 lego
1428 1759 1501 1839 legis

208 1862 292 1939 legit,
316 1860 385 1921 iude
408 1859 528 1938 ‘legitur
550 1878 565 1920 a
590 1866 664 1928 me’;
688 1859 756 1937 quid
780 1869 825 1921 est
847 1858 968 1938 ‘legitur
983 1878 999 1921 a
1015 1862 1085 1931 me’‚
1110 1861 1165 1921 nisi
1181 1862 1249 1938 ‘ego
1265 1860 1359 1939 lego’l
1380 1861 1504 1941 ‘legitur

208 1982 223 2022 a
248 1967 294 2022 ιε’
318 1964 337 2020 i·
369 1965 417 2021 ‘tn
440 1961 529 2039 legis,
559 1961 687 2041 ‘legitur
714 1961 751 2021 ab
779 1960 847 2021 illo'
874 1963 893 2021 i·
917 1961 968 2022 ille
990 1960 1075 2039 legit;
1107 1962 1243 2023 ‘auditur
1266 1981 1282 2023 a
1304 1964 1372 2024 ure’
1401 1964 1422 2023 i·
1448 1978 1538 2043 egon

105 2082 155 2129 am.
171 2063 305 2124 arandio.
352 2064 546 2139 Contingit
569 2063 640 2123 mihi
663 2065 682 2122 i·
705 2065 815 2124 euenit.
860 2063 1030 2141 ‘contingo’
1046 2063 1164 2143 quando
1186 2065 1301 2142 integre
1324 2064 1502 2136 declinatur,

208 2168 354 2243 signifieat
377 2173 501 2225 tactnm:
532 2174 634 2243 tango,
663 2165 732 2226 inde
755 2165 910 2241 contingo,
935 2165 1018 2243 quasi
1040 2165 1128 2227 simul
1151 2171 1253 2244 tango:
1285 2164 1408 2245 quando
1431 2184 1502 2229 nero

206 2269 291 2328 tertia
315 2284 441 2345 persona
467 2267 608 2346 recipitur
631 2267 788 2343 ‘contingit
809 2264 895 2325 milri’
917 2268 937 2324 i·
954 2268 1068 2336 etrenit,
1091 2268 1237 2345 significat
1258 2268 1415 2329 fortuitam
1438 2286 1502 2331 rem

208 2374 226 2430 i·
244 2369 379 2430 subitam.
415 2368 513 2440 Quae
536 2370 571 2428 in
595 2376 632 2428 ct
655 2376 804 2436 exeunt,
828 2367 920 2428 duas
936 2368 1082 2445 lormas
1104 2366 1259 2438 halrent,
1282 2367 1355 2429 alie
1378 2368 1425 2431 ab
1447 2371 1501 2433 in·

206 2471 372 2532 dicatiuu
396 2472 564 2536 ueniunt.
588 2478 627 2530 ut
649 2471 833 2530 misereor
857 2473 1023 2538 miseret,
1047 2488 1095 2531 me
1116 2471 1137 2530 i·
1154 2469 1389 2532 misericordiam
1406 2470 1537 2533 habento

206 2581 235 2632 et
258 2574 399 2631 ‘miseret
421 2573 467 2631 te'
491 2574 510 2632 i·
536 2570 772 2632 misericordium
796 2569 897 2632 habes.
943 2573 1062 2650 Antiqui
1085 2570 1225 2633 dicebant
1246 2572 1389 2633 ‘misereo
1412 2574 1502 2635 mise·

107 2680 282 2743 as1,rsres'‚
311 2671 362 2733 sed
392 2675 449 2733 iam
474 2691 532 2733 nou
563 2681 607 2734 est
635 2672 711 2753 apud
741 2690 811 2732 nos:
841 2671 910 2732 inde
938 2674 1082 2734 remansit
1109 2674 1276 2735 ‘miseret’.
1321 2671 1403 2735 ntia
1425 2692 1442 2735 a
1465 2692 1501 2736 se

106 2778 400 2848 sn‚seoritrrrtnr,
428 2776 452 2833 i·
477 2793 552 2852 quiae
580 2776 644 2835 sine
672 2775 786 2851 origine
814 2782 882 2834 sunt
910 2774 1007 2836 uerbi:
1043 2774 1084 2834 Vt
1106 2774 1219 2852 pudet
1240 2792 1288 2834 me
1310 2776 1331 2834 i·
1355 2792 1502 2837 uerecun-

205 2877 282 2937 diam
311 2874 415 2935 irabeo.
465 2875 603 2936 Taedet
637 2896 683 2936 me
716 2878 735 2935 i·
769 2873 897 2936 taedium
926 2882 971 2936 est
999 2875 1081 2935 milri.
1132 2875 1190 2936 Sed
1220 2874 1276 2935 hoc
1304 2875 1394 2937 distat
1421 2878 1501 2939 iuter

206 2977 322 3056 ‘pudet'
340 2975 351 3056 ΙΙ
369 2973 428 3037 lii
446 2973 457 3057 ΙΙ
474 2986 502 3036 et
524 2974 661 3037 ‘taedet’:
687 2975 802 3055 ‘pudet'
826 2976 862 3037 de
886 2978 1048 3057 praeterito
1070 2978 1224 3056 accipitur,
1248 2984 1281 3037 ut
1302 2976 1409 3058 ‘pudet
1430 2992 1535 3058 pec-ro

204 3083 302 3138 easse’
327 3086 357 3137 et
379 3077 455 3138 siout
483 3080 519 3137 in
548 3076 647 3138 libro
670 3078 822 3156 Regum:
852 3078 968 3157 pudet
996 3096 1049 3139 me
1080 3079 1327 3140 constituisse
1350 3076 1500 3141 Saulem

206 3198 330 3258 regem
354 3196 466 3257 super
490 3178 643 3239 israhel.
689 3178 824 3240 ‘Taedet'
841 3189 938 3240 autem
955 3179 991 3241 de
1007 3184 1156 3259 praesenti
1171 3182 1327 3261 accipitur,
1344 3188 1375 3241 nt
1390 3179 1503 3243 ‘taedet

206 3300 252 3341 me
281 3280 396 3341 lacere’
426 3281 450 3338 i·
473 3279 589 3358 pondus
614 3288 660 3342 est
686 3282 795 3341 iacere.
845 3279 953 3341 inter
980 3281 1116 3342 similiter
1144 3299 1203 3343 non
1232 3280 1322 3343 habet
1353 3284 1499 3363 originem

205 3382 304 3444 uerbi:
329 3380 414 3442 ‘libet
437 3380 509 3441 mihi
533 3380 586 3442 tibi
609 3381 666 3452 illi,
690 3380 763 3442 libet
778 3381 863 3442 nobis
878 3382 965 3443 uobis
980 3382 1063 3444 illis'.
1100 3383 1275 3444 Poenitet
1296 3400 1345 3443 me
1361 3392 1391 3445 te
1407 3384 1490 3446 illum

203 3484 271 3545 inde
288 3485 498 3564 ‘poenitentia'
514 3483 632 3553 dicitnr,
657 3486 741 3561 qnasi
757 3485 963 3562 ‘punitentia';
987 3484 1036 3546 iile
1054 3486 1149 3554 enim,
1173 3486 1223 3565 qni
1240 3486 1392 3564 poenitet,
1415 3486 1534 3566 pnnitn

100 3588 222 3659 umi-
246 3586 379 3655 daumat,
408 3604 484 3665 qnae
514 3585 592 3646 iacit.
638 3584 808 3656 Qualitas
835 3585 945 3646 uerbi
974 3587 1082 3647 ctiam
1111 3586 1148 3646 in
1177 3586 1308 3647 lormis
1331 3596 1389 3648 est
1411 3604 1498 3650 con-

202 3689 352 3755 stilum,
377 3705 434 3746 non
458 3686 555 3746 solnm
577 3689 608 3746 in
632 3686 743 3754 nrodis3
773 3704 862 3764 qnas
891 3687 1031 3748 lormas
1053 3687 1117 3748 alii
1145 3686 1354 3765 generibus
1376 3689 1497 3767 signi·

204 3787 531 3865 linctionibusqno
566 3787 763 3848 uerborum
796 3789 1041 3867 permiscent,
1077 3789 1099 3849 i·
1129 3788 1271 3867 copulant
1303 3790 1497 3868 coniungunt

203 3892 304 3952 Genus
327 3899 356 3949 et
378 3890 552 3965 significatio
575 3889 654 3950 idem
678 3898 723 3949 est
744 3891 774 3950 iu
799 3888 908 3951 uerbo:
932 3888 1018 3950 acerbi
1041 3892 1134 3968 gratia
1156 3889 1247 3968 ‘lego’
1271 3889 1357 3951 onius
1377 3892 1499 3968 generis

100 3992 266 4066 ernest?
304 3993 410 4058 actiui;
445 3992 528 4052 cuins
555 3993 797 4069 significationis?
834 3993 957 4052 actiuae.
1008 3991 1170 4057 Formae
1192 3991 1311 4069 igitur
1342 3990 1534 4053 Latinaen

202 4101 381 4173 quattuor
404 4102 499 4153 sunt.
545 4094 625 4154 Bene
648 4093 721 4153 dixit
737 4093 871 4161 Latinae,
895 4094 963 4172 qnia
987 4092 1064 4172 apnd
1080 4094 1212 4155 Graecos
1234 4110 1292 4154 nna
1315 4092 1412 4155 lorma
1435 4104 1496 4163 est:

99 4223 148 4271 εει,
163 4223 187 4261 ec
202 4195 301 4257 definit
323 4197 402 4256 euim
424 4197 535 4256 Graeca
559 4196 656 4273 lingua
680 4197 709 4255 in
733 4196 836 4255 lormis
857 4197 878 4255 i·
896 4213 984 4255 nnam
1007 4193 1132 4254 locutam
1156 4194 1276 4255 habent.
1322 4193 1414 4257 Peri
1418 4205 1497 4258 ecte

202 4300 295 4359 lorma
319 4297 435 4365 dicitur,
459 4297 536 4375 quod
560 4297 720 4377 perfectam
744 4314 807 4355 rem
830 4297 1027 4363 demonstrat.
1065 4302 1099 4356 nl
1127 4295 1213 4374 ‘quid
1237 4296 1348 4358 lacisl’
1382 4297 1497 4375 ‘lego'.

201 4398 422 4459 lieditatiua
446 4399 539 4458 lorrna
563 4398 684 4466 dicitur,
716 4397 793 4477 quod
819 4397 1040 4458 meditationem
1064 4400 1085 4458 i·
1109 4399 1318 4477 cogitationem
1342 4398 1498 4477 significat,

271 4687 301 4734 ‘21
322 4687 429 4735 misereo
447 4700 488 4734 res
556 4687 590 4734 24
608 4686 674 4734 tedet
692 4700 732 4733 me
750 4686 774 4731 ·i·
792 4683 886 4733 tedium
961 4685 994 4734 26
1012 4685 1036 4732 iu
1056 4684 1119 4733 libro
1137 4681 1249 4748 Regum]
1268 4683 1286 4733 1
1302 4683 1373 4738 Sum.
1392 4684 1452 4736 XV
1465 4686 1497 4735 11

203 4755 237 4803 35
255 4751 371 4818 Latinae]
396 4754 454 4803 Non
476 4759 550 4802 extat
572 4756 645 4818 rrnlpo
667 4753 714 4803 doe
735 4752 837 4803 uerdmn
858 4752 930 4814 opud
952 4752 1090 4816 Donatum,
1112 4754 1161 4803 red
1180 4752 1216 4815 es.
1234 4752 1316 4801 Keilii
1330 4754 1421 4804 aanor.
1439 4755 1496 4805 erit.

201 4838 229 4886 p.
251 4824 310 4883 381,
329 4826 362 4872 28
381 4822 582 4872 cadomensium
598 4838 625 4887 p.
646 4825 705 4882 375,
726 4823 761 4870 30
778 4819 824 4877 lt„
844 4834 915 4885 quem
933 4826 957 4869 et
975 4822 1055 4885 ipsum
1072 4822 1135 4871 talin
1151 4821 1243 4886 deplere
1259 4821 1342 4871 uides.
