3382 5476
716 371 927 426 BERNENSIS.
1121 448 1124 454 .
1409 371 1468 434 121

192 602 197 612 .
262 558 292 619 Ιιι
316 557 361 619 alx
385 574 503 635 quoque
525 578 617 621 unum
641 578 749 620 nomen
773 561 933 630 inuenitur,
957 569 990 620 ut
1011 559 1076 620 calx
1099 559 1197 630 caleis,
1221 560 1300 640 quod
1322 561 1469 640 posterio-

176 678 241 721 rem
265 669 378 737 partem
403 660 485 740 pedis
508 661 660 739 signifieat
1145 641 1156 661 ⁶

262 762 293 823 ln
318 781 370 822 ans
393 769 465 838 quot
487 781 596 840 genera
619 763 829 825 inueniuntur?
865 763 945 825 ldest
962 768 1032 833 trin,
1056 763 1218 825 masculina
1233 765 1374 825 feminina
1390 781 1471 823 eom·

178 866 292 932 mnuia;
316 863 493 932 masculina,
517 872 549 923 ut
571 863 618 924 bic
641 864 782 926 adamans
803 864 891 927 buius
915 864 1092 934 adamantis,
1117 885 1226 926 nomen
1249 865 1354 946 lapidis
1375 865 1471 925 duris·

151 967 253 1027 ssimi.
299 965 371 1026 ltem
399 966 448 1025 bie
476 967 580 1045 gigans
608 965 696 1028 buius
724 968 860 1044 gigantis.
909 967 1079 1037 Feminina,
1113 975 1146 1028 ut
1173 966 1246 1028 baec
1274 966 1358 1045 glans
1384 966 1472 1026 huius

176 1066 293 1146 glandis
316 1075 345 1128 et
366 1066 440 1127 haee
462 1067 592 1130 dodrans
614 1067 701 1128 buius
723 1066 892 1147 dodrantis,
922 1067 977 1130 boe
1002 1076 1046 1130 est
1068 1086 1176 1130 nomen
1199 1069 1340 1147 ponderis
1363 1087 1471 1129 nouem

177 1171 278 1231 uncias
301 1167 445 1229 babentis.
479 1169 650 1230 Communia
675 1171 762 1229 trium
785 1186 928 1248 generum
951 1171 982 1231 in
1004 1186 1067 1240 ans,
1091 1179 1124 1230 ut
1144 1171 1245 1232 bloet
1268 1171 1341 1231 baec
1363 1178 1393 1230 et
1415 1169 1472 1229 boe

179 1289 281 1333 amans
309 1270 397 1331 buius
427 1272 566 1338 amantis:
595 1273 637 1332 sie
659 1279 740 1332 stans
762 1279 792 1331 et
814 1269 982 1340 ambulans;
1014 1281 1043 1332 et
1065 1274 1164 1332 omnia
1188 1272 1343 1352 partieipia
1365 1273 1396 1331 in
1419 1288 1473 1330 ans

177 1372 355 1442 desinentia,
388 1388 463 1449 quae
491 1390 609 1453 semper
637 1393 653 1434 a
683 1376 779 1452 primu
808 1374 1015 1452 coniugatione
1043 1375 1182 1444 ueniunt,
1212 1375 1300 1434 trium
1328 1390 1472 1451 generum

140 1486 166 1526 1⁰
179 1474 348 1534 communia
371 1482 449 1535 sunt.

262 1575 294 1635 ln
318 1594 367 1637 ars
388 1575 446 1637 dua
468 1594 578 1654 genera
599 1577 801 1647 inueniuntur,
824 1576 1035 1646 masculinum,
1060 1586 1092 1638 ut
1115 1577 1162 1637 bie
1185 1577 1263 1638 blars
1285 1576 1374 1636 buius
1396 1575 1472 1635 blar-

178 1678 230 1747 tis;
259 1676 308 1738 bic
336 1686 434 1738 autem
456 1677 535 1740 llars
564 1686 648 1757 puter
669 1677 787 1738 Romuli
814 1676 910 1740 dietus
932 1690 991 1748 est,
1021 1687 1108 1756 quem
1132 1678 1256 1738 Romani
1280 1677 1362 1756 quasi
1386 1675 1472 1737 deum

178 1778 355 1845 adorabant:
380 1780 554 1841 femininum
577 1781 607 1839 in
631 1797 688 1849 ars,
712 1789 743 1839 ut
764 1779 837 1840 haee
860 1799 909 1842 ars
930 1779 1018 1841 buius
1039 1780 1121 1840 artis.

263 1881 296 1941 ln
312 1879 364 1941 abs
380 1878 435 1941 dua
451 1900 561 1959 genera
577 1883 786 1952 inueniuntur,
810 1881 867 1942 boe
883 1889 930 1942 est
944 1880 1139 1943 masculinum
1156 1891 1185 1943 et
1199 1900 1373 1951 eommune;
1397 1899 1474 1942 mas-

140 1992 166 2034 15
179 1982 309 2045 culinum
315 2027 324 2059 ,
347 1991 379 2042 ut
401 1983 449 2042 hic
471 1982 555 2044 trabs
577 1982 665 2043 buius
679 1981 788 2043 trabis:
811 1983 1059 2064 Hieronymus
1074 1982 1193 2045 ‘trabis’
1208 1984 1390 2044 nominatius
1406 1999 1475 2063 pro·

180 2085 340 2152 nuntiauit,
369 2086 447 2145 sieut
469 2085 503 2144 in
528 2083 722 2161 euangelio
745 2082 868 2162 legitur:
902 2095 938 2145 et
964 2103 1048 2146 ecee
1070 2084 1190 2146 trabis
1211 2087 1247 2146 in
1269 2082 1380 2145 oculo
1401 2090 1474 2144 tuo.

180 2188 343 2248 Commune
365 2186 490 2246 duorum
514 2202 672 2263 generum,
695 2195 728 2246 ut
750 2186 797 2247 bie
819 2193 850 2246 et
871 2188 945 2248 baec
966 2185 1062 2248 Arabs
1084 2187 1172 2248 buius
1186 2185 1305 2256 Arabis,
1329 2184 1407 2265 quod
1431 2192 1475 2245 est

179 2286 289 2368 gentile
311 2288 348 2349 de
370 2286 477 2348 Arabia
495 2285 664 2348 diriuatumi

264 2389 297 2451 ln
312 2408 365 2450 arx
382 2407 471 2450 unum
487 2407 596 2450 nomen
613 2389 797 2458 femininum,
821 2397 854 2450 ut
875 2390 949 2451 baec
971 2408 1023 2450 arx
1041 2391 1128 2451 buius
1143 2391 1221 2450 areis
1237 2390 1306 2450 buic
1321 2390 1384 2450 arel
1399 2386 1475 2448 bane

139 2502 280 2554 ²⁰areem
303 2510 320 2551 o
343 2510 396 2552 arx
418 2490 456 2552 ab
478 2491 533 2551 bae
554 2508 623 2553 aree
646 2490 701 2550 bae
724 2509 808 2552 arces
836 2491 940 2552 barum
968 2493 1081 2552 areium
1105 2491 1153 2552 bis
1175 2489 1294 2551 arcibus
1317 2491 1369 2554 bas
1391 2508 1475 2550 arces

181 2614 199 2655 o
221 2612 305 2655 arces
327 2593 365 2654 ab
387 2593 434 2653 bis
456 2591 584 2654 arcibus.

266 2695 298 2756 ln
322 2693 368 2755 uls
392 2712 481 2755 unum
504 2711 615 2753 nomen
638 2694 827 2764 femininum,
852 2705 883 2756 ut
905 2695 976 2757 baec
999 2693 1065 2774 puls
1087 2694 1186 2775 pultis.

265 2796 298 2856 ln
322 2814 378 2856 anx
402 2813 494 2856 unum
519 2813 627 2856 nomen
649 2795 837 2866 femininum,
868 2806 899 2859 ut
920 2797 993 2858 baeu
1016 2796 1084 2857 lanx
1105 2795 1195 2857 buius
1216 2793 1310 2856 laucis
1333 2802 1362 2855 et
1384 2812 1475 2855 unum

181 2897 392 2967 masculinum,
416 2905 449 2957 ut
471 2896 518 2957 bie
540 2895 667 2977 phalanx
691 2896 779 2958 buius
800 2897 964 2978 phalangis.

141 3007 169 3049 2⁵
266 2998 299 3061 ln
322 3018 382 3060 unx
397 3015 490 3060 unum
511 3015 618 3060 nomen
632 3016 800 3070 commune,
824 3007 857 3061 ut
870 3004 920 3063 bic
934 3009 964 3061 et
977 3001 1050 3062 baec
1073 3002 1202 3062 coniunx
1224 3000 1312 3060 buius
1334 2999 1475 3076 coniugis.

267 3101 299 3161 ln
322 3120 375 3162 ens
397 3109 469 3181 quot
491 3118 600 3178 genera
620 3102 836 3162 terminantur?
872 3103 935 3163 lloe
951 3111 995 3164 est
1009 3112 1155 3183 quattuor,
1180 3099 1376 3163 masculinum
1392 3100 1477 3175 lemi-

125 3279 127 3283 γ
181 3203 283 3264 ninum
307 3220 466 3263 commune
489 3204 704 3282 promiscuum;
728 3202 933 3275 masculinum,
956 3214 990 3266 ut
1005 3205 1052 3265 bie
1068 3205 1143 3265 dens
1158 3204 1245 3265 buius
1260 3202 1366 3262 dentis.
1403 3201 1477 3261 ltem

182 3306 351 3385 proprium,
384 3315 417 3365 ut
445 3303 491 3364 bie
520 3304 623 3373 Viens;
658 3305 847 3375 femininum,
876 3316 909 3367 ut
935 3306 1008 3367 baec
1036 3323 1120 3367 mens
1148 3306 1257 3366 mentis
1284 3320 1356 3381 gens
1383 3305 1478 3380 gentis

183 3404 288 3468 bidens
311 3406 447 3475 bidentIS,
471 3405 548 3485 quud
573 3424 659 3466 ouem
681 3408 835 3484 signifieat,
859 3414 888 3466 et
910 3405 974 3468 lens
995 3407 1092 3475 lentis,
1116 3424 1210 3485 genus
1232 3405 1317 3483 panis
1339 3402 1478 3482 legumen

144 3515 244 3578 noenu
272 3509 342 3568 item
371 3506 435 3567 lens
463 3506 572 3576 lendis,
602 3506 709 3568 animal
739 3515 792 3569 est.
838 3509 999 3570 Commune
1021 3510 1111 3570 trium
1134 3524 1293 3586 generum,
1323 3513 1356 3565 ut
1377 3505 1426 3566 bie
1449 3513 1479 3564 et

183 3609 257 3670 baec
286 3617 315 3670 et
342 3609 398 3670 buc
425 3609 522 3670 eliens'
546 3610 635 3670 buius
661 3607 777 3670 clientis
804 3611 874 3672 bnie
902 3609 1001 3670 clienti
1030 3610 1109 3671 bunc
1137 3616 1167 3668 et
1188 3607 1264 3668 bane
1287 3607 1425 3668 clientem
1449 3612 1479 3666 et

183 3710 240 3772 boe
268 3711 360 3772 cliens
388 3730 405 3770 o
434 3710 527 3772 eliens
554 3711 592 3771 ab
620 3711 675 3772 bue
704 3720 733 3772 et
759 3711 798 3772 ab
826 3711 880 3772 bae
904 3719 934 3772 et
955 3711 992 3772 ab
1016 3711 1072 3772 boe
1094 3710 1195 3772 clienti
1218 3719 1247 3771 et
1269 3708 1376 3790 plurali
1398 3709 1428 3769 bi
1451 3716 1480 3770 st

184 3813 240 3874 bae
270 3811 394 3874 clientes
427 3821 456 3873 et
488 3814 560 3874 baec
589 3812 707 3874 clientia
735 3813 842 3875 borum
871 3823 901 3873 et
928 3808 1032 3874 barum
1062 3822 1091 3874 et
1118 3812 1224 3873 borum
1252 3812 1403 3873 clientium
1433 3810 1480 3870 bis

186 3912 199 3994 ll
216 3913 235 3973 l.
254 3910 359 3994 108·p
381 3913 537 3975 clientibus
566 3915 621 3975 bos
649 3923 679 3976 et
706 3916 759 3977 bas
785 3915 909 3977 clientes
937 3923 966 3977 et
989 3916 1061 3977 baec
1084 3914 1202 3977 clientia
1225 3932 1243 3973 o
1264 3913 1389 3975 clientes
1411 3920 1480 3972 eto

147 4013 302 4076 &clientia
326 4015 362 4076 ab
384 4015 431 4076 bis
454 4014 627 4078 clientibus:
651 4019 694 4079 sie
717 4016 903 4079 declinantur
925 4015 1057 4098 prudeus
1079 4018 1186 4094 ingens
1206 4016 1347 4092 irequens
1363 4014 1481 4091 sapiens

187 4123 216 4176 et
238 4118 336 4177 omnia
358 4118 512 4196 partieipia
535 4121 700 4199 praesentis
723 4121 863 4199 temporis
885 4121 915 4180 in
939 4138 992 4180 eus
1014 4119 1190 4186 desinentia,
1214 4134 1289 4195 quae
1311 4123 1380 4175 sunt
1401 4132 1481 4175 eom-

187 4219 286 4278 munia
308 4219 397 4278 trium
420 4236 573 4297 generum.
611 4221 744 4283 Duorum
766 4238 911 4300 generum
934 4218 1111 4287 eommunia,
1135 4226 1168 4278 ut
1189 4217 1238 4277 bie
1261 4223 1290 4275 et
1308 4215 1381 4274 baec
1396 4214 1481 4275 libri-

187 4337 275 4399 pens,
298 4318 355 4381 boc
378 4323 494 4399 estqui
518 4320 624 4383 libram
648 4321 760 4403 pendit.

256 4507 314 4557 lin
332 4506 384 4557 ales
436 4508 489 4559 eale
558 4509 748 4561 8iuueni¹¹¹tur
798 4510 847 4559 tria
863 4510 955 4560 addidi
1023 4507 1140 4558 lentius
1227 4505 1258 4554 11
1275 4502 1366 4554 romeli
1432 4515 1483 4564 que

187 4576 288 4624 romani
357 4577 388 4626 13
406 4576 468 4626 baec
485 4592 527 4627 ars
545 4577 624 4627 bartis
711 4578 742 4629 15
759 4578 916 4628 hieronimus
985 4571 1263 4641 euuangeli01Mattlt.
1286 4571 1380 4620 Vna
1451 4570 1482 4619 17

188 4641 251 4692 beee
266 4642 351 4692 arabis
421 4645 453 4695 19
470 4660 527 4695 eres
546 4646 642 4695 utinm
660 4660 751 4695 nomeu
804 4661 860 4695 ares
928 4647 963 4695 10
979 4659 1036 4693 ares
1088 4643 1198 4692 artiuum
1272 4640 1305 4688 11
1322 4637 1381 4703 plus
1449 4638 1484 4686 14

188 4710 282 4776 pelanx
333 4710 451 4777 pelangis
520 4713 596 4763 161ιι
616 4727 668 4762 unx
686 4723 714 4762 ut
731 4713 793 4763 baec
811 4714 938 4762 eoniunex
989 4712 1115 4777 eongngie
1170 4710 1204 4759 16
1221 4709 1288 4770 quod
1341 4706 1374 4754 18
1391 4703 1483 4754 hulens

188 4777 353 4843 iblignmen
404 4781 528 4830 dolentis
546 4780 679 4831 animalem
697 4783 826 4830 communi
895 4783 927 4830 31
945 4780 1062 4831 clientem
1131 4779 1164 4828 31
1181 4776 1262 4824 cliens
1313 4771 1399 4821 clienti
1450 4775 1483 4823 33

188 4843 221 4894 be
271 4845 319 4895 hee
336 4847 436 4897 clientia
490 4850 523 4900 36
541 4850 627 4898 omnia
644 4862 659 4897 a
676 4849 811 4914 partieipia
879 4849 913 4900 38
928 4846 1019 4898 librem
1037 4846 1131 4912 pendet
