3382 5476
559 378 596 428 IN
615 379 699 430 DON.
718 377 844 441 Aurem
862 368 1042 429 MAIOREM.

111 600 125 632 1
152 575 184 627 31
508 566 715 642 Vastosqne
738 563 780 624 ab
803 583 894 644 rupe
917 564 1109 644 Cyclopes.

152 667 307 731 Secundus
329 667 450 728 modus:

278 771 341 830 Vir
364 767 515 830 humilis
538 775 676 829 maesto
700 767 841 829 caelum
864 766 1091 827 conscendit
1112 766 1156 827 ah
1178 765 1294 828 humo.

151 870 287 933 Tertius:

125 990 140 1029 s
279 972 402 1050 Regna
425 970 532 1033 beata
555 970 629 1051 poli
652 973 708 1031 sic
730 972 798 1031 iam
822 988 913 1051 quac
937 972 1120 1032 scandere
1142 989 1227 1051 spes
1250 979 1315 1032 est.

152 1073 296 1145 Quartus:

279 1175 393 1236 Cuius
414 1191 514 1234 amor
537 1182 699 1244 maneat,
723 1178 829 1236 cuius
851 1177 887 1235 in
910 1173 1026 1236 corde
1048 1193 1113 1255 per
1136 1192 1275 1235 aeuum.

151 1276 208 1340 llic
229 1275 461 1356 reprehenditur
478 1275 662 1353 Donatus,
692 1294 783 1353 quare
806 1293 866 1336 non
889 1275 1016 1346 addidit,
1047 1275 1169 1337 breuem
1194 1274 1335 1356 syllabam
1359 1278 1448 1338 etiam

98 1395 103 1403 ·
132 1371 338 1439 ’1333331313
361 1376 513 1446 desinere,
536 1394 603 1438 cum
626 1376 803 1457 plerumque
826 1379 988 1446 inuenitur,
1011 1385 1058 1437 ut:

114 1498 141 1537 13
557 1480 662 1540 Arma
685 1481 884 1557 uirumque
906 1496 1007 1540 cano,

152 1580 301 1657 (13131331ι

303 1683 478 1751 Sanctae,
502 1701 520 1742 o
541 1683 708 1753 iuuenis,
732 1680 805 1742 tibi
826 1684 876 1742 sit
897 1681 1112 1759 sapientiae
1135 1680 1259 1743 ardor.

152 1782 210 1845 Sed
237 1785 294 1845 iste
320 1783 425 1843 modus
452 1784 582 1863 antiquis
611 1782 665 1842 luit
694 1784 724 1843 in
754 1801 822 1852 usu,
856 1801 912 1843 nos
940 1801 1012 1867 uero
1041 1785 1160 1861 penitus
1182 1782 1219 1843 ah
1242 1803 1277 1843 eo
1300 1801 1447 1844 caremus.

153 1883 211 1946 Sed
234 1885 333 1965 potius
355 1887 386 1944 in
410 1902 467 1946 una
489 1891 575 1963 parte
598 1886 697 1965 posuit
720 1882 915 1962 Virgilius,
939 1891 985 1945 ut:

113 2002 139 2043 13
557 1984 771 2047 Sudibusue
793 1986 998 2065 praeustis.

152 2086 276 2148 Sextus:

303 2187 441 2268 Sophia
466 2195 550 2248 nota
574 2194 657 2247 1333
681 2189 793 2248 1113311
816 2196 973 2248 etmens
997 2196 1082 2248 nota
1105 2189 1271 2268 sophiae.

151 2288 315 2369 Septimus:

304 2391 366 2452 Est
387 2390 499 2451 decus
521 2388 589 2450 hoc
611 2391 772 2459 animae,
796 2392 917 2451 uirtus
940 2390 1006 2450 hoc
1028 2400 1063 2452 31
1084 2389 1251 2469 inclytus
1274 2391 1374 2452 ordo.

112 2490 230 2552 1311333
258 2495 432 2572 pronomina
457 2490 618 2568 aliquando
640 2492 858 2570 producuntur,
884 2493 968 2571 quia,
991 2491 1070 2571 quod
1094 2510 1149 2552 nos
1171 2491 1297 2553 dicimus
1321 2492 1394 2553 ‘hic’
1418 2500 1447 2554 et

151 2592 261 2654 ‘haec’
282 2603 312 2654 31
333 2593 435 2663 ‘hoc',
467 2593 557 2670 prisci
578 2602 716 2654 auctores
739 2592 835 2653 ‘hicce
860 2592 968 2654 haecce
991 2592 1096 2653 hocce'
1119 2592 1320 2673 proferebant.
1365 2595 1448 2655 Licet

151 2712 223 2774 ergo
237 2696 296 2754 ‘ce'
319 2693 430 2773 syllaba
453 2692 632 2762 3111313331,
655 2695 738 2772 quasi
760 2695 909 2773 positione
932 2703 1069 2755 manente
1084 2694 1120 2755 ad
1137 2695 1318 2757 uoluntatem
1341 2704 1446 2776 poetae

149 2794 326 2877 plerumque
348 2796 563 2876 producuntur.
608 2794 751 2856 Octauus:

303 2897 462 2958 Condito
484 2915 571 2975 gaza
595 2895 687 2976 poli,
712 2916 844 2958 saccos
866 2906 1023 2959 uacuate
1045 2916 1226 2976 gazarum.

112 2999 220 3061 1311133
242 2998 387 3079 ‘duplex'
412 2997 528 3068 dicitur,
558 2999 714 3078 quoniam,
738 3007 897 3078 antequam
921 2999 1024 3060 luisset
1046 3001 1182 3068 inuenta,
1211 3017 1266 3079 pro
1295 3001 1358 3080 ipsa
1386 3001 1598 3073 (1333131333

150 3101 242 3179 sigim
264 3098 450 3169 scribebant,
474 3108 507 3160 ut
528 3099 747 3172 ‘Ssachariasij
771 3100 849 3181 quod
873 3118 927 3161 nos
950 3099 1076 3161 dicimus
1106 3102 1296 3162 ‘Zacharias’.
1320 3104 1447 3165 -Hoc

122 3226 129 3241 =
149 3201 239 3263 distat
260 3203 337 3262 iuter
353 3200 515 3262 ‘desinere’
532 3212 561 3262 et
576 3203 769 3282 ‘suscipere’:
795 3200 807 3283 ll
823 3198 886 3261 203
904 3200 916 3281 {l
942 3201 1103 3262 ‘desinere’
1127 3213 1173 3263 cst
1195 3205 1270 3263 iutra
1293 3203 1444 3284 syllabam,
1464 3189 1597 3282 ‘lpl‘ffl

151 3311 184 3364 ut
204 3308 263 3373 331,
287 3304 465 3381 ‘suscipere’
488 3320 561 3362 uero
583 3302 621 3363 ab
643 3302 734 3364 altera
758 3301 884 3382 syllaba,
913 3311 944 3361 nt
965 3321 1047 3362 arma
1070 3320 1149 3381 gaza.
1195 3303 1296 3363 Nonus
1318 3324 1391 3365 3313
1415 3307 1444 3366 13

151 3403 328 3482 quibusdam
350 3404 482 3464 Donati
504 3403 656 3464 codicibus
677 3405 839 3471 inuenitur,
862 3405 892 3462 in
915 3401 980 3462 aliis
1003 3411 1100 3463 autem
1116 3421 1186 3463 non.
1224 3404 1307 3463 Vnde
1322 3411 1445 3485 putatur

112 3526 139 3567 oo
153 3521 212 3567 333
235 3503 272 3565 ab
295 3523 330 3564 33
354 3504 449 3565 editus
471 3505 572 3565 luisse.
616 3505 738 3565 Constat
760 3513 857 3565 autem
874 3523 909 3564 ex
926 3512 1065 3583 quattuor
1087 3505 1359 3582 praepositionibus
1382 3505 1443 3566 ‘ad’

150 3614 180 3667 31
195 3605 270 3676 ‘ob’,
286 3605 341 3666 ‘in’
359 3615 389 3665 31
403 3604 494 3675 ‘suh’,
511 3622 585 3683 quae
602 3608 684 3667 uarie
701 3599 852 3684 ponuntur
868 3607 898 3664 13
915 3611 1019 3667 metro.
1050 3604 1123 3666 Cum
1147 3608 1225 3665 enim
1243 3605 1443 3684 monosyllaba

150 3707 279 3769 dictione
308 3717 452 3786 perpetuo
480 3715 550 3767 sunt
577 3706 698 3777 breues,
728 3717 760 3767 ut
782 3714 828 3766 est
850 3704 928 3766 ‘adit
950 3705 1038 3781 obit’,
1063 3725 1129 3767 cum
1154 3705 1303 3785 trisyllaba
1326 3727 1445 3789 semper

150 3809 364 3888 producuntur,
388 3816 421 3869 ut
443 3807 582 3876 ‘adicio’,
617 3827 683 3869 cum
713 3806 852 3885 disyllaba
881 3825 953 3867 uero
981 3807 1185 3869 indifferenter
1213 3816 1297 3877 sunt,
1332 3809 1446 3870 scilicet

150 3908 255 3988 longae
278 3909 326 3970 uel
350 3908 472 3978 breues,
502 3909 539 3970 de
561 3928 619 3988 qua
641 3909 855 3988 compositione
878 3910 1032 3988 perficitur
1055 3910 1161 3970 modus
1183 3913 1255 3978 iste,
1286 3917 1318 3969 ut
1340 3911 1445 3970 ‘adicit

113 4009 264 4071 ssohicit’.
309 4010 433 4086 Longa
457 4009 600 4089 syllaba
629 4010 698 4072 duo
726 4019 912 4090 tempora,
935 4012 954 4068 i·
977 4012 1086 4089 spatia;
1110 4008 1233 4080 hahet,
1257 4011 1276 4069 i·
1300 4010 1440 4088 possidet.
1455 4034 1597 4085 ,13331135

152 4109 285 4172 Breuis
312 4129 435 4179 unum,
464 4112 543 4171 iuxta
567 4113 721 4173 metricam
744 4113 889 4172 rationem
912 4119 1045 4190 tempora
1069 4110 1185 4177 11311311,
1215 4108 1336 4170 11133331
1361 4111 1442 4171 uide·

150 4211 219 4273 licet
240 4210 382 4292 syllabam
406 4230 463 4274 non
487 4212 628 4292 amplius,
657 4231 745 4293 quam
768 4231 873 4287 unum,
904 4220 934 4271 et
956 4211 1088 4288 longam,
1119 4227 1206 4286 quarn
1235 4211 1293 4271 duo
1322 4209 1442 4281 habere,

152 4332 189 4374 ne
215 4321 339 4394 propter
366 4312 473 4376 multas
501 4315 660 4375 uarietates
694 4315 815 4374 metrica
845 4331 894 4375 ars
921 4310 1164 4373 confunderetur.
1215 4311 1342 4386 Namsi
1368 4313 1443 4372 ratio

220 4587 233 4634 1
253 4582 405 4650 castosque]
430 4585 508 4651 Verp.
527 4586 592 4635 Aen.
612 4583 663 4633 111
681 4586 732 4632 om
799 4586 815 4634 3
834 4579 892 4646 Vir]
911 4583 959 4631 Vir
971 4582 1080 4633 humilis
1099 4593 1199 4632 moesto
1217 4584 1330 4633 deiectus
1348 4581 1443 4631 lumine

151 4662 243 4701 1311331
259 4651 336 4702 Beda
354 4670 381 4716 p.
400 4655 471 4702 2553
488 4654 519 4702 P.
589 4652 712 4716 bregiua
763 4667 813 4713 que
883 4653 914 4700 11)
931 4648 1013 4716 111133]
1037 4651 1116 4715 Verp.
1136 4653 1202 4702 Aen.
1221 4651 1271 4701 11
1333 4652 1364 4699 12
1383 4649 1438 4698 s‘na'e

151 4707 566 4785 11111331331333111531
618 4722 648 4769 11
668 4714 779 4784 Sophia]
801 4718 938 4782 Cfisupra
953 4735 982 4783 p.
1001 4721 1094 4781 17⁴,1
1164 4722 1195 4769 21
1215 4717 1343 4796 hueclhoe
1410 4717 1443 4767 26

149 4834 201 4889 duo
218 4802 311 4887 31103133
378 4839 411 4889 31
428 4837 574 4903 trissyllaba
641 4840 674 4888 33
692 4834 832 4902 dissyllaba

1186 4920 1236 4973 1⁵·
