3382 5476
263 399 395 446 CXXXIV
653 381 703 433 DE
721 380 963 434 DISSONANTIA
982 380 1173 432 snumonls.

345 575 463 633 Harum
486 573 728 647 differentiarum
744 587 824 645 pars
844 571 955 642 leniter
977 572 1008 629 in
1030 571 1136 630 codice
1157 571 1311 645 Rodiensi,
1336 589 1417 632 nnnc
1446 574 1554 633 Vinda-

260 677 387 736 banensi
399 674 485 734 XVI
499 672 528 745 s.
547 669 611 745 68⁶,
634 671 677 744 cf.
692 672 840 731 Analecta
859 671 1023 731 Vindobon.
1042 689 1077 749 p.
1097 678 1163 745 226,
1184 679 1308 746 tt—ta‚
1332 676 1444 734 scilicet
1465 676 1556 735 naec:

264 772 345 837 1-5
368 775 478 836 Inuoco
500 808 543 817 --
565 775 688 850 insurgo
710 773 741 832 in
770 770 842 832 aiios
866 771 989 851 (adunco
1010 772 1046 832 nd
1069 773 1213 833 honorem
1235 808 1278 818 —
1301 792 1432 835 conuoco
1455 774 1555 854 piures

264 877 351 938 simui
379 911 409 919 —
438 877 592 953 exsurgo);
616 871 721 935 7-10
744 892 849 934 moneo
871 907 913 917 -
935 876 1081 934 eueniunt
1104 882 1229 954 utraque
1257 876 1447 954 (praemoneo
1469 896 1555 958 prae·

262 978 394 1040 cauenda
415 1010 459 1022 -
480 977 645 1055 inprecor);
671 973 719 1038 16.
739 974 776 1038 17
799 976 912 1054 occipio
937 1010 973 1021 -
998 975 1105 1036 durum
1129 975 1348 1054 aduersumque
1371 978 1496 1058 (accipio
1518 977 1556 1040 ab

261 1081 335 1150 aiio,
358 1080 487 1159 suscipio
509 1070 614 1158 sponte
637 1077 674 1138 de
697 1096 829 1154 sursum,
861 1079 974 1158 recipio
996 1076 1122 1158 siquam
1151 1096 1214 1138 rein
1244 1055 1397 1149 amissam,
1426 1082 1556 1160 suscipio

261 1181 370 1259 aliquid
394 1181 501 1241 durum
525 1180 763 1259 aduersumque).

344 1285 412 1344 Iam
434 1285 576 1364 qniswiste
600 1281 757 1343 Terentius
776 1279 889 1354 suerit,
913 1285 942 1343 si
961 1285 1205 1365 interrapamns,⁴
1220 1284 1255 1341 oi
1278 1285 1431 1358 quandam
1454 1302 1557 1345 rmum

259 1386 480 1447 similitudinem
502 1387 546 1444 ad
569 1384 783 1446 Terentiam
812 1384 996 1445 Scaurum
1022 1385 1321 1459 prammatienm,
1351 1387 1437 1446 cirins
1459 1388 1555 1446 artio-

258 1488 394 1563 prapiria
416 1495 518 1560 extat,
543 1504 597 1547 nas
619 1486 787 1561 consipere
806 1504 869 1562 par
891 1493 944 1547 est,
976 1485 1162 1561 Quamquam
1184 1487 1260 1545 enirn
1284 1489 1315 1545 in
1336 1488 1402 1563 ipsa
1423 1496 1558 1548 tractatu

262 1590 515 1665 ortiaprapaica,
546 1591 600 1663 qai
625 1589 680 1648 sab
707 1588 820 1649 Scauri
846 1591 965 1649 nomine
987 1588 1103 1666 sertnr,
1131 1589 1195 1648 eins
1218 1591 1339 1661 pencris
1365 1589 1558 1665 differentiae

262 1709 323 1753 non
352 1693 558 1758 inueniuntur,
588 1699 702 1765 tamen,
733 1679 826 1764 siquis
852 1691 1011 1762 cantant,
1046 1706 1122 1763 qnae
1150 1706 1169 1747 a
1197 1688 1316 1750 Scauro
1338 1708 1372 1765 p.
1399 1697 1476 1749 2262
1496 1709 1558 1766 seq.

263 1800 408 1854 accurate
430 1793 554 1864 definita
577 1799 669 1867 atque
690 1793 831 1852 distincta
861 1798 943 1866 sunt,
974 1809 1033 1851 nan
1063 1793 1140 1850 adeo
1162 1808 1181 1848 a
1205 1795 1273 1850 neri
1291 1793 1484 1852 similitudine
1505 1793 1557 1852 ab·

261 1897 389 1955 horrere
409 1894 540 1971 dixerit,
563 1896 591 1952 si
611 1910 649 1952 ea
670 1910 801 1971 quoqne,
824 1910 903 1968 qaae
923 1911 1019 1970 snpra
1036 1897 1137 1967 posita
1159 1900 1244 1967 sant,
1269 1895 1338 1953 alim
1354 1910 1439 1954 sunm
1459 1896 1490 1953 in
1506 1896 1559 1955 ida

261 2002 397 2058 tractato
419 2012 501 2054 nnnc
522 1996 626 2055 mutila
648 2003 737 2069 atquc
758 1997 861 2055 lacero
883 1997 979 2055 locam
1002 1996 1142 2054 iacuisse
1155 1997 1354 2063 coniciamus,
1373 1999 1557 2071 praesertim

262 2115 329 2158 cnm
353 2098 386 2156 id
404 2112 499 2169 penas
520 2098 630 2156 similia
646 2098 730 2171 apnd
744 2104 872 2169 ceteros,
898 2099 951 2172 qni
971 2097 1015 2155 nd
1035 2105 1139 2156 nostra
1161 2104 1299 2171 tempora
1322 2113 1440 2170 uenere,
1459 2099 1558 2158 artico

260 2200 413 2274 propitiae
439 2206 591 2269 unctores,
621 2199 752 2273 Caprmn
781 2200 864 2267 dico,
901 2200 1015 2259 Veiinm
1037 2198 1187 2273 Lonpnm,
1221 2200 1409 2272 Apronium,
1441 2199 1558 2259 Bedam

263 2310 373 2362 extare
394 2301 560 2360 uideamus.
608 2300 741 2370 Quodsi
761 2316 865 2359 aeram
887 2309 943 2369 est,
969 2300 1106 2374 sortasse
1133 2295 1254 2360 ceterae
1275 2317 1391 2375 quoqne
1412 2302 1558 2377 differen-

263 2407 339 2477 tiae,
365 2417 443 2478 qaae
465 2403 550 2476 apud
565 2405 740 2477 Aproetinm
762 2405 921 2463 etBedam
944 2405 1149 2475 inueniuntur,
1173 2400 1318 2462 maiorem
1340 2411 1421 2462 certe
1437 2410 1559 2477 partem

264 2507 307 2565 ad
330 2503 501 2564 Terentium
522 2503 673 2564 Scanrnm
695 2504 879 2577 referendae
900 2513 978 2565 sant.
1022 2504 1099 2583 Sed,
1121 2504 1155 2563 id
1174 2505 1255 2577 quoa
1275 2507 1433 2564 commenti
1445 2503 1562 2565 Scdnlii

264 2611 296 2668 in
319 2607 485 2682 Eutychen
500 2623 537 2681 p.
564 2613 588 2679 t,
616 2614 649 2663 11
671 2609 859 2681 siqnidcaai,
889 2609 917 2667 si
943 2608 1035 2666 aiinm
1058 2606 1208 2680 quendam
1233 2605 1402 2666 Terentium
1425 2608 1562 2682 intellepi

264 2712 330 2786 qnis
358 2711 456 2781 dicat,
486 2710 617 2782 copitari
638 2711 671 2767 id
688 2726 779 2783 posse
800 2726 860 2768 non
882 2710 1075 2782 repererim
1104 2715 1165 2767 tnm
1195 2723 1281 2776 nera,
1310 2710 1383 2781 qaia
1411 2716 1560 2770 tractatas

265 2812 461 2872 Einsidtensis
487 2812 602 2869 medias
628 2812 708 2869 inter
734 2812 851 2882 plassas
879 2812 1122 2869 Priscianeas
1151 2814 1301 2882 nersatnr,
1332 2811 1459 2870 eundern
1482 2812 1559 2872 indi-

264 2915 334 2974 cari
354 2907 489 2972 dixerim'
507 2913 669 2980 nominem,
694 2929 779 2986 quern
794 2912 934 2972 Sedniins
953 2928 984 2986 p.
1004 2919 1029 2987 t,
1048 2916 1081 2968 11
1096 2911 1251 2971 Prisciani
1264 2911 1442 2988 discipulum
1461 2911 1560 2987 faisse

265 3020 418 3074 memorat.
463 3012 526 3072 Sed
551 3030 588 3072 ne
614 3015 672 3073 lroc
699 3016 817 3088 quidem
840 3031 860 3071 a
881 3013 963 3072 nobis
990 3012 1075 3071 debet
1091 3016 1310 3087 praeterierim,
1340 3032 1359 3073 α
1388 3016 1559 3088 Verpilia

265 3118 409 3176 Asiana
431 3131 546 3190 qnoque
567 3117 740 3192 conpluries
760 3119 888 3177 laudari
904 3114 1074 3176 Terentiam
1092 3120 1325 3191 prammaticnm
1347 3121 1557 3192 nescioquem.

266 3219 315 3278 Ad
336 3218 417 3278 itanc
439 3234 510 3278 aero
532 3220 623 3278 medii
643 3221 713 3279 aeni
731 3221 964 3294 prammaticum
987 3235 1062 3278 canc
1083 3218 1218 3293 reseras,
1242 3235 1320 3294 quae
1341 3222 1376 3276 Α.
1394 3218 1496 3277 Maius
1517 3235 1559 3279 ex

268 3321 435 3394 Gainsredi
455 3337 540 3395 quern
563 3328 652 3380 aacat
674 3328 742 3380 arte
764 3323 919 3397 excerpsit
941 3327 1057 3380 unctor.
1081 3321 1149 3380 Vnt.
1173 3324 1200 3379 V
1215 3340 1249 3396 p.
1275 3328 1345 3379 rat:

348 3422 390 3482 [ie
419 3421 649 3488 consuetudine,
680 3440 753 3502 quae
782 3440 861 3482 nunc
892 3431 948 3490 est,
977 3421 1136 3481 Terentius
1164 3420 1250 3480 dicit:
1288 3420 1377 3482 ‘nihii
1407 3431 1452 3483 est
1479 3422 1558 3501 quod

267 3522 379 3584 dietum
403 3525 508 3603 prius!
548 3523 605 3584 Sed
621 3525 735 3585 iniecit:
759 3528 920 3602 ‘postrema
944 3530 1025 3583 netas
1047 3522 1164 3592 mundi,
1188 3530 1220 3583 ut
1236 3521 1421 3602 disciplinam
1442 3526 1560 3604 pristini

267 3623 391 3695 saeculi,
420 3627 460 3685 ita
490 3634 518 3685 et
548 3644 714 3687 sermonem
744 3625 878 3687 fastidire
906 3628 1018 3705 coepit,
1050 3633 1080 3684 et
1107 3642 1184 3685 noun
1213 3643 1319 3704 parcre
1349 3625 1456 3702 uerba,
1483 3646 1558 3707 quae

268 3729 408 3788 iuuenum
432 3729 490 3788 ritu
512 3728 620 3789 florent
641 3737 671 3788 et
693 3730 818 3807 uigent?

352 3830 456 3905 Neque
477 3833 554 3891 enim
576 3840 644 3891 sant
665 3834 740 3892 naec
763 3833 854 3891 uerba
873 3832 1005 3892 Terentii
1015 3836 1221 3907 arammatici
1245 3834 1278 3891 id
1298 3835 1380 3907 qaod
1393 3835 1562 3907 suspicatus

268 3941 311 3994 est
334 3934 450 4005 litoius,
473 3934 528 3992 sed
555 3936 698 3994 Valerii
718 3935 846 3995 Probi:
869 3936 912 3994 ad
936 3933 1106 3994 Terentiam
1129 3943 1226 3996 antem
1245 3942 1397 4010 poetam
1420 3951 1480 3994 nan
1502 3936 1563 3995 nisi

269 4036 358 4095 ‘nidd
383 4042 426 4094 est
454 4037 534 4108 qnod
560 4037 673 4096 dictam
690 4039 791 4112 prius’
814 4035 949 4108 reseras,
979 4036 1022 4109 cs.
1047 4037 1086 4097 H.
1110 4035 1205 4097 Keilii
1226 4044 1373 4111 excerpta
1394 4054 1434 4095 ee
1455 4053 1560 4098 comm.

269 4139 300 4196 in
323 4139 400 4196 Dan.
423 4153 553 4211 pramm.
578 4137 645 4197 Lat.
675 4140 751 4214 Vp.
776 4145 843 4211 325,
870 4144 924 4207 25;
947 4138 1081 4199 Diomcd.
1100 4156 1136 4216 p.
1162 4145 1230 4212 toa,
1256 4144 1274 4196 S
1297 4140 1336 4198 K.
