3382 5476
254 366 369 415 CCXXX
544 349 594 401 DE
613 345 764 401 IVLIANO
784 343 980 399 ronnrtuo
998 342 1239 396 GRAMMATICO

250 541 292 603 Da
315 559 332 602 a
354 539 473 601 bouem.

425 624 462 685 Si
485 623 574 684 deus
598 628 653 683 est
674 622 817 682 animus
839 617 966 689 nohis,
990 619 1214 711 utscarrnina
1237 617 1378 678 dicunt.

250 711 292 772 Da
316 729 332 771 o
354 708 486 787 longum.

379 795 452 855 Eua
476 791 647 854 columba
669 790 741 851 init
763 797 850 850 tnnc
872 788 1044 860 eandida,
1069 789 1174 866 nigra
1197 787 1343 849 deinde.

249 881 291 943 lla
315 898 332 940 e
355 879 487 940 breuem.

377 964 460 1044 lpse
482 962 543 1024 ubi
565 970 711 1039 ternpus
734 961 822 1029 erit,
846 976 971 1021 omnes
993 960 1030 1019 in
1053 958 1157 1020 tonte
1179 956 1320 1019 lauabo.

251 1051 290 1112 lla
313 1050 325 1110 i
347 1047 478 1127 longum.

378 1132 440 1194 lbo
463 1142 498 1194 et
520 1128 754 1198 Chalcidico,
779 1147 870 1207 quae
893 1135 978 1191 sunt
1000 1128 1088 1189 mihi
1112 1127 1264 1190 condita
1287 1145 1407 1189 uersu.

251 1220 293 1281 Da
315 1220 326 1279 i
348 1218 481 1278 breuem.

377 1304 494 1364 Tutus
516 1302 593 1380 agit
615 1301 674 1361 uir
696 1301 819 1360 iustus
840 1300 914 1372 iter
936 1297 994 1358 nel
1016 1315 1082 1376 per
1104 1317 1203 1359 mare
1225 1314 1403 1375 magnum.
1560 1320 1585 1359 ro

251 1391 292 1452 lla
315 1408 333 1450 o
355 1386 487 1466 longum.

379 1473 450 1535 Ore
473 1470 641 1532 columba
664 1470 784 1532 refert
806 1487 945 1530 ramum
967 1467 1175 1530 niridantis
1197 1466 1329 1528 olinae.

253 1559 296 1619 Da
318 1578 336 1619 o
358 1558 491 1620 breuem.
528 1566 534 1577 ‘

379 1643 404 1705 0
427 1641 599 1703 mortalis
621 1642 742 1710 homo.
765 1640 898 1701 mortis
920 1640 1169 1700 reminiscere
1191 1656 1308 1699 casus.

252 1729 293 1789 [ia
318 1747 336 1789 n
360 1728 492 1806 longum.

381 1813 453 1871 Vna
476 1831 518 1872 er
540 1810 648 1871 Adam
671 1818 727 1871 est
750 1828 861 1877 mors,
885 1809 1024 1870 Christi
1047 1816 1085 1869 et
1104 1825 1173 1868 nna
1197 1806 1307 1868 salus.
1332 1841 1373 1852 -

381 1899 453 1958 Vna
477 1898 600 1956 uirtus
624 1896 760 1955 lormat
781 1895 877 1972 ipsa,
901 1911 1090 1973 quaequae
1112 1900 1201 1953 sunt
1222 1890 1368 1953 uitalia.

253 1983 295 2043 lla
317 2002 338 2043 u
362 1981 494 2042 breuem.

379 2066 589 2144 Hospitium
611 2064 680 2124 hoc
701 2063 841 2124 domini
863 2071 933 2134 est,
955 2060 1031 2123 ilex
1047 2060 1280 2123 nbiirondea
1296 2060 1489 2124 Mambrae.
1506 2096 1548 2105 -

381 2150 514 2213 Clarus
537 2148 674 2228 ubique
697 2148 788 2210 dens
811 2166 1006 2227 numquam
1028 2144 1224 2208 mutabilis
1246 2153 1389 2208 auctor.
1561 2168 1586 2208 so

318 2357 415 2429 (Dec
430 2357 565 2430 littoreo:
588 2351 691 2414 daubi
713 2354 752 2413 sit
773 2371 827 2433 pro
849 2350 992 2431 simplice.

383 2439 426 2500 Et
446 2439 661 2518 prostrauit
682 2438 797 2498 litora
820 2437 1000 2499 Xanthus.

255 2525 294 2586 ua
317 2524 367 2585 ubi
390 2541 454 2605 pro
468 2522 595 2602 duplice.

377 2608 589 2689 Adnixiqne
611 2606 762 2687 globum
785 2611 807 2682 †
829 2609 975 2687 zipperi
998 2606 1097 2668 lreta
1120 2625 1208 2668 cana
1231 2606 1420 2668 secabant.

257 2813 299 2874 Da
320 2813 371 2873 nbi
394 2812 404 2872 l
426 2812 580 2891 liquescat.
836 2870 841 2879 ,

379 2897 416 2956 ln
440 2899 579 2958 iontem
601 2895 726 2957 relluo
748 2895 923 2956 lordonis
946 2896 1096 2973 gurgite
1118 2895 1252 2957 lertur.

256 2983 297 3044 [la
318 2981 371 3043 ubi
394 3002 448 3061 pro
470 2988 652 3042 consonante
675 2982 828 3060 accipitur.

380 3067 523 3128 Cornus
546 3067 641 3126 eninr
663 3064 837 3143 ingluuie
860 3084 926 3145 per
948 3065 1056 3127 ioeda
1077 3065 1263 3127 cadauera
1286 3073 1426 3146 captus.

255 3151 298 3213 Da
320 3151 371 3212 nbi
394 3171 422 3211 nr
445 3150 598 3231 liquescat.

379 3236 502 3298 Litora
526 3235 679 3297 multum
700 3234 767 3296 ille
789 3244 824 3296 et
847 3237 960 3296 terris
983 3238 1147 3296 iactatus
1170 3242 1206 3296 et
1227 3235 1312 3297 alto.

257 3376 390 3382 ———-
395 3375 484 3382 ...—

289 3472 514 3507 sturnlrvnrrtss.

253 3531 288 3585 lia
310 3529 404 3585 breue.
447 3529 534 3585 'lutus
556 3531 613 3602 agit
634 3559 676 3569 -
697 3530 732 3585 lia
756 3546 773 3585 u
796 3528 916 3602 longum.
958 3525 1027 3585 ‘Vna
1054 3545 1085 3584 ex
1108 3529 1191 3585 Adana
1214 3537 1256 3585 est
1278 3546 1366 3595 mors,
1396 3530 1496 3586 Christi
1522 3542 1549 3586 et

255 3631 308 3670 una
331 3613 427 3669 sains'
473 3615 507 3668 iia
531 3613 622 3670 breue.
662 3614 829 3688 ‘llospitium
851 3614 904 3671 hoc
925 3613 1026 3670 domini
1049 3623 1101 3686 est,
1125 3613 1177 3671 ilex
1200 3614 1245 3670 ubi
1269 3614 1382 3671 lrondea
1405 3615 1547 3675 Mambre?

339 3697 376 3753 21
401 3697 533 3754 Iulianus
553 3715 582 3769 p.
607 3701 640 3753 s:-
668 3700 702 3753 lia
732 3698 776 3754 nlri
806 3701 842 3755 sit
872 3716 921 3773 pro
950 3699 1081 3772 simplice.
1125 3698 1169 3754 ‘tt
1197 3701 1347 3773 prostrauit
1374 3699 1453 3756 litora
1477 3701 1548 3757 llan-

255 3784 342 3854 tlrus'‚
371 3783 416 3838 sed
446 3783 516 3856 opud
544 3783 676 3854 Graecos,
706 3800 759 3839 non
789 3784 860 3857 apud
888 3801 947 3840 nos.
998 3785 1031 3839 lio
1061 3783 1105 3841 ulti
1135 3802 1185 3858 pro
1213 3784 1329 3858 duplice.
1382 3785 1546 3860 ‘Aduiriquc

255 3867 366 3941 globum
390 3865 509 3941 Ziptreri'
534 3877 561 3924 et
584 3878 674 3925 cetera
696 3867 767 3940 (sic).

341 3952 380 4010 25
402 3953 536 4009 Iulianus
554 3970 587 4024 p.
604 3957 631 4008 8.
648 3956 679 4009 9:
717 3954 750 4009 lia
774 3953 818 4009 uhi
842 3953 1001 4027 liquescant.
1047 3954 1074 4009 ln
1098 3955 1201 4010 iontem
1227 3984 1262 3993 -
1287 3955 1419 4012 catlauera
1442 3965 1549 4030 captus.

254 4038 299 4108 lia,
323 4038 367 4092 ubi
392 4054 416 4092 nr
440 4035 582 4112 liquescat.
621 4038 698 4094 ‘Cum
721 4038 836 4095 suadens
858 4037 970 4094 coluber
994 4039 1111 4112 proiecit
1132 4038 1229 4095 arbore
1253 4039 1399 4095 uenenurn'
1416 4071 1455 4081 -
1472 4043 1549 4097 droa-

257 4124 353 4178 thorota
383 4122 501 4178 metallo.
548 4122 580 4179 lit
602 4124 671 4197 apud
695 4140 764 4197 quos
787 4123 931 4197 liquescit?
976 4124 1052 4197 tprnd
1075 4125 1207 4193 Graecos,
1240 4141 1293 4181 non
1316 4126 1386 4198 apud
1409 4142 1469 4182 nos.
1515 4127 1549 4182 lla

259 4207 304 4264 ulti
328 4224 382 4264 non
405 4208 538 4282 liquescat
563 4239 597 4249 -
623 4208 676 4263 sibi
699 4216 804 4265 mutent
828 4218 948 4283 ternpore
973 4209 1035 4264 latis
1062 4240 1096 4250 -
1122 4208 1279 4266 ostenderat
1301 4218 1388 4266 ortus.

257 4438 372 4473 conrcrs
392 4439 548 4474 nnnurnsrs
567 4427 616 4474 207
634 4439 781 4476 vsurnrss.

319 4493 334 4541 2
353 4490 381 4540 Si
399 4490 474 4556 deus]
493 4492 599 4542 Catonis
616 4493 674 4542 diet.
692 4493 709 4542 Ι
728 4496 741 4542 t
827 4495 843 4542 4
862 4488 928 4558 Eua]
951 4494 1084 4544 Prudentii
1100 4495 1274 4544 encheiridioo
1291 4512 1316 4546 a.
1335 4498 1350 4544 1
1435 4497 1451 4544 6
1471 4494 1544 4562 lpse]

256 4559 393 4626 Vergect.
413 4559 464 4610 Ill
482 4563 515 4608 97
582 4558 928 4626 81b0]Verp.ect.X50
979 4562 1099 4612 catcidtco
1153 4578 1244 4612 uersus
1298 4566 1330 4614 10
1346 4561 1441 4631 Tutus]
1462 4566 1544 4615 Prud.

251 4628 388 4678 encheirid.
407 4644 430 4676 u.
451 4630 488 4677 33
576 4629 606 4676 12
625 4625 686 4694 Ore]
706 4629 787 4682 Prud.
804 4629 941 4682 encheirid.
961 4646 983 4679 u.
1003 4633 1036 4679 10
1106 4633 1137 4681 14
1155 4628 1175 4680 0
1195 4627 1321 4696 mortalis]
1345 4631 1452 4696 [dugenti
1469 4648 1546 4682 carm.

254 4694 288 4743 II
305 4698 320 4743 1
338 4699 393 4747 coll.
413 4695 518 4745 Puerum
537 4697 619 4760 brtgd.
638 4703 693 4746 tom.
715 4697 774 4746 XII
792 4714 817 4761 p.
832 4699 884 4748 3⁴5
903 4698 935 4748 Ι).
1006 4700 1038 4749 19
1056 4697 1185 4764 Optimum
1206 4697 1263 4763 hoc}
1281 4700 1362 4750 Prot.
1383 4701 1453 4751 ecclc
1472 4719 1497 4751 u.
1513 4703 1549 4751 13

286 4774 325 4811 est
342 4763 382 4812 lex
450 4763 585 4813 cuxanus
654 4765 687 4814 26
705 4766 729 4813 in
748 4763 829 4830 tonte]
850 4764 929 4814 Prud.
947 4767 1018 4816 each.
1037 4785 1059 4816 u.
1080 4771 1114 4816 57
1186 4768 1219 4817 28
1238 4765 1351 4832 Cornus]
1373 4768 1453 4818 Prud
1472 4770 1546 4820 enci.

256 4845 279 4878 ιι.
303 4833 333 4878 11
386 4832 516 4897 ioglnniae
536 4831 656 4897 periodo
725 4830 873 4896 sonitore]
896 4832 974 4897 Verp.
994 4835 1130 4888 Aeolo
