3382 5476
236 376 240 382 ’
278 381 425 431 cxxxxn
544 366 736 422 Avcronss
758 367 925 420 Annum
942 365 992 417 DE
1011 363 1305 418 ORTHOGRAPHIA.

277 575 336 637 que
359 554 542 617 deseruiunt.
587 556 645 617 Sed
665 575 702 617 ne
726 563 807 617 tanto
822 555 901 619 bono
916 557 1036 618 mutatis
1051 554 1161 616 litteris
1175 557 1339 636 scriptores
1353 556 1446 618 uerba
1462 560 1572 620 uitiosa

278 661 478 741 permisceant
500 666 548 720 aut
571 658 739 742 ineruditus
761 658 934 721 emendator
956 660 1070 719 nesciat
1093 663 1191 718 errata
1219 660 1388 736 corrigere,
1418 659 1571 740 orthogra-

278 761 354 841 phos
381 761 520 841 antiquos
547 759 663 839 legant,
694 760 772 822 idest
793 760 908 822 Velium
939 760 1071 837 Longum
1101 759 1237 820 Curtium
1259 758 1449 822 Valerianum
1477 763 1573 841 Papu-

278 865 395 925 rianum
425 862 633 937 adamantium
661 861 836 942 Martyrium
864 862 942 924 deu
972 870 1002 923 et
1024 860 1058 932 b,
1093 861 1227 923 eiusdem
1260 861 1296 923 de
1324 848 1437 943 'primis
1464 865 1573 926 mediis

278 973 367 1045 atque
395 964 508 1026 ultimis
535 963 670 1044 syllabis,
700 965 834 1026 eiusdem
862 965 899 1026 tle
922 964 940 1025 b
963 965 1064 1025 littera
1093 965 1241 1025 trifariam
1271 967 1303 1026 iu
1332 969 1452 1026 nomine
1475 969 1598 1045 positas

278 1073 308 1127 et
329 1065 483 1145 Eutychen
506 1066 542 1127 de
566 1068 764 1146 aspiratione,
794 1067 846 1128 sed
876 1074 906 1127 et
934 1066 1042 1127 Focam
1072 1064 1109 1126 de
1138 1064 1304 1128 differentia
1333 1071 1469 1146 generis,
1499 1087 1573 1148 quos

278 1186 333 1245 ego
355 1175 463 1247 quanta
485 1170 569 1247 potui
597 1168 730 1231 studiosa
759 1170 933 1231 curiositate
956 1169 1062 1247 collegi
1084 1174 1113 1228 et
1135 1186 1172 1229 ne
1194 1172 1364 1249 quempiam
1394 1179 1572 1231 memorato-

277 1287 344 1330 rum
366 1269 505 1330 codicum
527 1269 697 1335 obscuritas
719 1270 859 1333 derelicta
883 1270 1033 1340 turbaret,
1062 1271 1202 1349 quoniam
1231 1271 1418 1350 antiquarum
1441 1272 1572 1334 declina·

276 1373 393 1433 tionum
416 1374 617 1449 permixtione
640 1391 696 1452 pro
718 1376 847 1436 maxima
870 1381 954 1453 parte
977 1373 1094 1433 confusi
1116 1377 1200 1441 suut,
1224 1390 1330 1450 magno
1346 1373 1444 1434 studio
1460 1373 1572 1435 laboris

277 1472 425 1543 incubui,
440 1481 472 1535 ut
495 1476 526 1534 in
548 1473 624 1536 libro
647 1484 835 1554 sequestrato
857 1484 945 1555 atque
961 1475 1138 1554 composito,
1162 1475 1211 1553 qui
1226 1474 1403 1537 inscribitur
1419 1476 1455 1537 de
1471 1475 1611 1536 orabo-10

276 1576 418 1656 graphia,
448 1575 484 1636 ad
508 1594 562 1637 uos
591 1575 752 1638 dellnratae
774 1577 895 1657 regulae
918 1578 1112 1657 peruenirent
1134 1581 1164 1635 et
1187 1575 1337 1637 dubietate
1360 1577 1475 1640 sublata
1498 1577 1573 1638 libe·
1601 1598 1604 1604 ·

279 1679 342 1738 rior
369 1679 487 1738 animus
515 1680 594 1738 uiam
624 1678 844 1740 emendationis
871 1678 1034 1740 incederet.
1078 1677 1250 1739 Diomedem
1279 1697 1397 1759 quoque
1424 1687 1453 1739 et
1475 1679 1572 1739 Theo·

277 1781 398 1841 ctistum
422 1780 518 1859 aliqua
540 1779 643 1841 detali
660 1789 724 1841 arte
740 1783 954 1860 conscripsisse
969 1783 1185 1860 comperimus,
1209 1781 1300 1859 quisi
1316 1781 1431 1842 inuenti
1449 1781 1572 1849 luerint,

278 1899 334 1942 uos
362 1899 480 1962 quoque
509 1900 614 1942 eorum
643 1880 785 1944 dellorata
814 1883 956 1959 colligite.
1000 1884 1088 1944 Forte
1116 1890 1147 1942 et
1175 1881 1247 1942 alios
1276 1884 1413 1944 inuenire
1442 1884 1573 1963 possitis,

278 2000 333 2061 per
356 2001 432 2062 quos
454 1984 559 2043 notitia
583 1990 684 2044 uestra
708 1986 808 2063 potius
830 1986 1004 2045 instruatur.
1586 1998 1611 2038 ιδ

362 2082 414 2145 lsti
436 2091 550 2154 nmen,
575 2087 628 2162 qui
650 2089 806 2148 memorati
830 2094 913 2156 sunt,
937 2088 963 2147 si
987 2087 1107 2147 assiduo
1130 2087 1227 2148 studio
1249 2085 1431 2164 relegantur,
1454 2106 1572 2149 omnem

279 2185 366 2249 uobis
389 2185 548 2264 caliginem
572 2189 769 2264 ignorationis
791 2188 965 2258 abscidunt,
989 2198 1035 2258 ut,
1059 2189 1136 2268 quod
1160 2188 1304 2250 hactenus
1326 2191 1493 2267 ignoratum
1516 2197 1572 2256 est,

277 2288 426 2350 habeatur
449 2307 485 2348 ox
509 2290 635 2350 maxima
663 2300 748 2370 parte
777 2293 976 2352 notissimum.
1021 2289 1075 2351 llis
1103 2293 1194 2353 etiam
1217 2290 1384 2352 addidimus
1406 2292 1439 2352 iu
1462 2289 1573 2350 codici·

279 2390 335 2452 bus
357 2390 567 2470 cooperiendis
588 2391 690 2453 doctos
712 2393 854 2464 artifices,
884 2400 917 2454 ut
945 2393 1113 2454 litterarum
1141 2410 1294 2454 sacrarum
1322 2391 1574 2471 pulchritudinem

278 2494 371 2554 iacies
393 2492 524 2571 desuper
545 2492 652 2554 decora
676 2497 816 2565 uestiret,
846 2494 1013 2574 exemplum
1042 2494 1113 2557 illud
1137 2493 1304 2556 dominicae
1327 2495 1515 2571 figurationis
1537 2511 1573 2554 ex
1587 2506 1613 2547 ²0

279 2597 378 2676 aliqua
400 2602 484 2675 parte
507 2595 633 2656 forsitan
656 2597 819 2666 imitantes,
848 2598 900 2677 qui
923 2615 989 2666 eos,
1019 2616 1095 2676 quos
1116 2596 1152 2657 ad
1176 2615 1279 2657 cenam
1302 2597 1472 2657 aestimauit
1494 2597 1575 2656 inui-

278 2697 383 2758 tandos
405 2699 437 2757 in
459 2696 554 2775 gloria
576 2698 715 2773 caelestis
729 2700 876 2768 conuiuii,
900 2698 983 2760 stolis
1004 2696 1187 2777 nuptialibus
1209 2699 1342 2778 operuit,
1366 2695 1477 2788 quibus
1497 2696 1573 2757 mul·

279 2799 396 2877 tiplices
423 2800 540 2875 species
566 2800 749 2861 facturarum
781 2802 813 2860 in
844 2819 902 2861 uno
930 2801 1033 2862 codice
1062 2801 1210 2881 depictas,
1240 2802 1271 2860 ni
1299 2798 1400 2868 lallor,
1431 2799 1574 2859 decenter

278 2902 500 2980 expressimus,
531 2908 563 2961 ut
584 2901 701 2981 qualem
730 2901 869 2962 maluerit
896 2902 1047 2963 studiosus
1071 2905 1235 2982 tegumenti
1256 2904 1398 2969 sormam,
1428 2903 1492 2979 ipse
1515 2899 1574 2961 sibi

274 2996 372 3082 'possit
394 2999 516 3080 eligere.
561 3003 738 3064 Parauimus
767 3006 857 3065 etiam
885 3006 1042 3066 nocturnis
1068 3004 1181 3082 uigiliis
1210 3004 1398 3065 mechanicas
1424 3001 1572 3072 lucernas,
1588 3013 1613 3052 2⁵

279 3106 517 3165 conseruatrices
539 3104 780 3165 inluminantium
803 3106 1005 3175 llammarum,
1028 3109 1108 3184 ipsas
1123 3105 1182 3167 sibi
1199 3107 1366 3167 nutrientes
1389 3102 1572 3179 incendium,

279 3224 354 3286 quae
377 3205 507 3267 humano
530 3207 699 3267 ministerio
714 3215 849 3269 cessante
864 3206 980 3287 prolixe
996 3208 1164 3269 numediant
1179 3207 1324 3269 uberrimi
1341 3207 1464 3266 luminis
1478 3203 1574 3266 abun·

280 3306 482 3370 dantissimam
512 3308 693 3378 claritatem,
723 3309 776 3370 ubi
798 3310 854 3371 olei
876 3309 1027 3389 pinguedo
1050 3328 1108 3372 non
1138 3309 1252 3379 delicit,
1283 3310 1420 3388 quamuis
1447 3307 1575 3368 llammis

280 3408 457 3472 ardentibus
479 3412 590 3488 iugiter
613 3419 772 3472 torreatur.
818 3412 875 3473 Sed
898 3431 953 3473 nec
976 3412 1116 3473 horarum
1136 3412 1271 3472 modulos
1292 3413 1372 3490 passi
1395 3427 1499 3471 sumus
1521 3428 1575 3470 uos

280 3511 427 3574 ullatenus
455 3514 610 3590 ignorare,
640 3517 692 3593 qui
719 3513 755 3574 ad
783 3531 906 3593 magnas
934 3514 1079 3576 utilitates
1107 3513 1229 3575 humani
1259 3516 1379 3589 generis
1408 3518 1615 3572 noscunturso

280 3616 408 3675 inuenti.
453 3612 641 3693 Quapropter
663 3613 848 3692 horologium
873 3614 960 3676 uobis
982 3635 1090 3693 unum,
1114 3617 1191 3696 quod
1216 3614 1286 3675 solis
1308 3615 1426 3676 claritas
1448 3613 1573 3687 indicet,

280 3733 474 3796 praeparasse
497 3734 677 3794 cognoscor,
701 3717 826 3778 alterum
838 3736 922 3778 uero
945 3718 1089 3798 aquatile,
1113 3719 1190 3796 quod
1206 3718 1255 3777 dic
1270 3726 1418 3796 noctuque
1434 3716 1575 3777 horarum

280 3819 394 3895 iugiter
417 3816 530 3879 indicat
551 3821 763 3899 quantitatem,
787 3821 856 3899 quia
878 3821 1053 3901 frequenter·
1076 3819 1225 3880 nonnullis
1240 3817 1348 3881 diebus
1368 3817 1438 3879 solis
1454 3818 1576 3879 claritas

281 3918 387 3980 abesse
423 3921 614 3998 cognoscitur
651 3923 787 4001 miroque
817 3922 905 3982 modo
935 3924 1079 3982 interris
1114 3939 1189 4001 aqua
1225 3922 1358 3999 peragit,
1396 3919 1475 4001 quod
1504 3921 1576 3981 solis

281 4022 437 4083 llammeus
459 4024 545 4099 uigor
567 4023 696 4102 desuper
718 4023 887 4084 modulatus
910 4027 1050 4084 excurrit.
1096 4023 1226 4102 ltaquac
1249 4031 1354 4084 natura
1377 4022 1473 4083 diuisa
1496 4030 1574 4092 sunt,
1589 4034 1615 4075 ³⁵

348 4260 517 4310 luiciosall
585 4261 803 4310 ‘liueruditosA
856 4260 1064 4325 ortograplrosll
1133 4261 1320 4326 3longiumB
1389 4259 1540 4309 curciumB

279 4329 443 4396 papirianum
462 4329 481 4378 B
567 4331 582 4378 5
601 4329 697 4378 sillabis
717 4328 735 4376 B
796 4326 917 4377 trifariam
938 4329 1056 4378 Goretiua
1074 4326 1158 4377 litteral
1175 4329 1297 4395 tripharia
1315 4330 1340 4377 in
1361 4326 1433 4377 nomi
1452 4330 1475 4377 Α
1493 4328 1575 4377 littera

281 4397 377 4448 tril'arla
396 4398 421 4445 in
440 4396 579 4446 nnmiueB
648 4395 817 4445 berrtlceull
898 4398 1026 4458 lqrrauto
1045 4397 1068 4444 A
1086 4407 1207 4459 quantum
1230 4397 1348 4447 Gcretr'ua
1416 4399 1576 4460 ilpermgx-

1413 4475 1422 4511 t

280 4518 350 4567 tione
367 4515 387 4564 B
457 4517 562 4581 propria
581 4527 651 4580 parte
669 4513 776 4563 confusa
796 4515 817 4562 d
904 4519 935 4565 10
954 4516 1120 4582 ortograplrla
1139 4516 1158 4564 B
1247 4520 1275 4565 ll
1296 4517 1425 4581 dellcrarp
1447 4513 1538 4581 regulo
1554 4514 1573 4562 B

281 4583 547 4648 delloratereguleA
635 4586 665 4632 13
684 4583 860 4647 scripsissell
932 4586 963 4633 15
982 4584 1113 4633 noticiaB
1202 4587 1232 4634 17
1250 4585 1403 4634 abscindunt
1423 4583 1542 4633 Goretius

281 4654 426 4702 actenusA
496 4651 528 4700 18
546 4651 663 4700 addimus
682 4653 704 4698 Α
772 4653 804 4700 21
823 4656 952 4718 eenamd
1006 4653 1152 4702 aestimauit
1165 4653 1283 4703 Garetr’ua
1301 4654 1437 4702 aestimant
1455 4653 1478 4698 Α
1496 4651 1576 4700 aesti-

282 4721 372 4770 matB
439 4721 473 4769 22
491 4718 628 4769 celestisB
698 4720 815 4783 operiunt
833 4725 855 4768 Α
923 4721 956 4770 23
974 4719 1087 4769 lallarA
1138 4725 1254 4770 decenter
1271 4723 1361 4770 ancl
1440 4720 1474 4768 24
1492 4731 1574 4768 tecum

281 4790 358 4836 menti
379 4793 399 4838 ,d
468 4789 501 4837 25
519 4787 752 4836 illuminantiumss
806 4787 1043 4851 incendiumqued
1094 4790 1127 4840 ‘27
1146 4788 1310 4839 uberrimeA
1362 4789 1395 4838 29
1413 4786 1533 4836 modulus
1553 4789 1576 4834 Α

281 4858 311 4906 31
333 4854 516 4922 orologiumB
568 4858 601 4907 32
619 4855 729 4918 aquatile
746 4855 870 4906 codiceti
906 4855 996 4906 horum
1017 4860 1039 4905 Α
1091 4859 1124 4908 33
1142 4872 1194 4907 non
1212 4857 1239 4906 in
1257 4855 1339 4906 illisB
1396 4857 1429 4906 35
1448 4852 1576 4917 itaqueA
