3382 5476
769 384 973 435 uxcnnrrn.
1464 383 1524 447 193

229 581 315 642 runt,
348 571 426 633 unde
454 570 594 632 dicebant
621 570 686 632 ‘hle
714 573 778 633 uir'
809 583 839 633 et
867 571 959 632 ‘haec
982 569 1109 632 mulier'
1133 581 1163 632 et
1185 571 1261 632 ‘hoe
1283 571 1374 652 lapis‘
1398 580 1427 632 ct
1450 571 1525 632 ‘hoc

171 732 172 737 ,
229 671 331 734 arbor’
356 683 385 733 et
407 671 475 732 ‘hoc
498 676 578 733 cera’
601 681 630 732 et
652 671 722 732 ‘hoc
743 675 840 753 panis’
857 681 887 733 et
901 672 970 732 ‘hoc
992 673 1110 734 domus’
1128 682 1157 734 et
1171 673 1241 733 ‘troc
1256 675 1385 734 manus'.
1419 673 1524 734 lloneo

229 777 330 855 itaque
353 784 397 844 te,
427 775 518 836 irater
541 775 709 845 carissime,
740 781 772 835 ut
793 776 931 855 quamuis
953 793 1011 834 non
1035 773 1090 837 lrac
1111 793 1191 835 nunc
1212 774 1428 836 consuetudine
1451 776 1525 836 scri·

229 875 319 937 bendi
341 878 465 945 utimur,
496 884 593 936 tamen
622 877 690 954 quia
714 875 771 936 hoc
793 875 871 955 apud
895 884 1013 936 ueteres
1036 893 1091 955 pro
1112 886 1194 938 recto
1217 876 1397 946 habebatur,
1422 857 1523 955 ¹siquid

203 979 307 1038 elorte
330 976 498 1038 huiusmodi
520 978 662 1056 scripturn
686 979 850 1056 repereris,
875 974 943 1037 licet
967 995 1025 1036 non
1048 976 1083 1037 ad
1100 976 1294 1038 indubitatam
1317 979 1524 1038 auctoritatem

230 1079 419 1140 referendum
442 1087 544 1158 puteS,
574 1086 671 1139 tamen
695 1079 762 1157 qnia
787 1076 977 1139 auctoribus
1006 1087 1183 1159 usurpatum
1212 1089 1271 1148 est,
1303 1078 1524 1159 reprehendere

229 1200 289 1242 non
312 1179 404 1242 debes
426 1180 557 1240 omnino.
664 1212 669 1220 ·

307 1280 318 1365 ΙΙ
335 1283 355 1342 1.
375 1280 428 1343 15·
444 1279 456 1362 ΙΙ
487 1282 563 1342 Dicit
585 1281 784 1359 Virgilius:
820 1280 961 1351 Nomina,
985 1299 1062 1359 quae
1086 1284 1238 1362 conposita
1261 1290 1388 1343 suntor
1410 1281 1527 1344 duabus

229 1382 364 1465 partibus
386 1385 550 1463 corruptis,
586 1402 644 1444 non
668 1388 861 1444 reuertuntur
883 1382 919 1443 ad
942 1384 1160 1460 integritatem,
1190 1392 1221 1445 ut
1243 1385 1307 1463 ipse
1329 1383 1415 1444 dicit:
1454 1383 1525 1445 Cor·

193 1486 325 1566 irruptis
347 1494 451 1566 ⁴autem
473 1485 567 1546 modis
590 1487 747 1562 integritas
769 1502 827 1543 non
857 1495 903 1544 est
929 1484 1113 1560 quaerenda,
1143 1487 1220 1544 sicut
1247 1502 1302 1544 nec
1328 1486 1452 1563 integris
1474 1485 1526 1546 de·

231 1586 353 1655 menda,
382 1589 434 1665 qui
457 1588 536 1647 enim
558 1587 692 1664 corrupti
714 1584 862 1655 dicuntur,
891 1605 952 1647 non
975 1586 1053 1666 quod
1076 1588 1184 1664 integri
1212 1594 1279 1647 ante
1307 1587 1444 1656 luerunt,
1473 1587 1525 1648 sed

229 1690 299 1768 quia
321 1687 377 1749 soli
397 1688 502 1749 Latine
525 1688 583 1749 dici
603 1695 764 1766 nequeunt.

312 1791 391 1851 mid.
437 1788 517 1860 Quot
544 1797 613 1850 sunt
639 1790 743 1850 casus?
780 1788 848 1850 Sex.
887 1786 986 1859 Quare
1013 1796 1083 1850 sunt
1111 1790 1181 1849 sexi
1225 1789 1302 1849 Dicit
1324 1789 1526 1868 Virgilius:

230 1891 323 1953 Casus
356 1892 509 1951 nominum
544 1899 613 1952 sunt
646 1907 708 1952 sex.
753 1890 871 1962 Quare?
915 1889 990 1962 Quia
1022 1910 1074 1952 ser
1106 1891 1221 1969 negotia
1254 1889 1391 1952 homines
1418 1902 1525 1970 agunt:

192 1995 385 2055 innominati]
405 2002 549 2070 generant
570 1992 642 2053 dant
663 1998 755 2069 agunt
776 1990 824 2052 uel
847 2002 987 2053 accusant
1009 2001 1119 2054 uocant
1140 1991 1290 2053 auserunt.

307 2091 460 2177 11115111
490 2093 549 2155 Sed
579 2092 652 2153 dicit
672 2093 873 2171 Virgilius:
910 2092 1035 2165 Quando
1057 2093 1124 2154 dico
1149 2093 1261 2154 ‘doceo
1284 2093 1453 2156 hominem'
1477 2094 1526 2157 uel

230 2195 315 2257 ‘amo
338 2197 519 2264 hominem',
548 2212 609 2256 non
631 2202 677 2255 est
698 2196 863 2263 accusatio,
893 2194 945 2256 sed
973 2194 1164 2274 glorificatio,
1195 2203 1225 2256 et
1246 2194 1325 2273 quod
1348 2197 1450 2257 uerius
1472 2205 1525 2265 est,

230 2299 262 2358 lit
283 2295 410 2358 uerbum
434 2299 587 2364 ‘accuso',
616 2294 694 2356 idest
715 2312 784 2373 ago,
814 2305 986 2358 accusatum
1008 2299 1052 2357 ire
1074 2297 1144 2359 lacit
1166 2298 1313 2357 infinitiuo
1335 2297 1450 2372 lutuno,
1475 2317 1526 2358 ex·

230 2400 313 2478 pulsa
336 2401 379 2459 ire
403 2408 433 2459 et
455 2416 599 2459 conuersa
623 2405 684 2458 tum
707 2399 738 2457 in
761 2398 855 2467 tinus,
885 2399 930 2458 sic
952 2400 984 2459 lit
1006 2400 1192 2460 accusatiuus
1220 2399 1297 2459 idest
1319 2399 1444 2459 aetiuus.
1489 2400 1526 2459 Vt

191 2500 414 2579 aoVirgilius
437 2501 523 2562 dicit:
547 2500 589 2560 lle
612 2499 782 2559 accusatiuo
805 2516 874 2558 casu
897 2502 1059 2576 quaeritur,
1083 2499 1153 2579 quid
1169 2501 1216 2560 sit.
1253 2499 1393 2576 Plerique
1408 2508 1526 2561 nostro·

230 2621 297 2665 rum
320 2602 378 2664 lroc
400 2601 528 2662 uerbum
550 2603 725 2681 frequenter
747 2597 961 2670 adhibuerunt,
985 2600 1060 2662 idest
1081 2600 1251 2663 accusandi.
1289 2601 1422 2663 Cicero
1445 2604 1523 2664 enim

229 2705 272 2765 sic
300 2703 386 2765 dicit:
423 2711 596 2765 accusate
626 2699 719 2782 quod
748 2709 890 2762 rectum
921 2710 990 2771 est,
1021 2701 1077 2764 hoc
1099 2711 1145 2764 est
1166 2702 1279 2778 ‘agite’.
1324 2703 1525 2767 Terentius

229 2825 363 2887 quoque:
393 2824 510 2885 quare
532 2821 603 2865 non
632 2805 822 2865 accusatis
849 2803 1151 2888 paenitudinem,x
1174 2803 1231 2865 lroc
1254 2813 1299 2864 est
1320 2803 1391 2865 ‘non
1415 2807 1523 2884 agitis’.

230 2906 421 2970 Giluidius
443 2908 530 2966 etiam
547 2904 584 2965 de
599 2903 755 2966 Ambrosio
770 2905 879 2983 inquit:
902 2903 1030 2967 Omnia
1052 2904 1161 2966 laude
1182 2905 1383 2967 accusabat
1403 2907 1523 2986 digna,

191 3026 285 3089 aspro
309 3007 449 3087 ‘agebat’.
495 3005 578 3067 Vnde
608 3004 804 3084 intellegitur,
832 3005 912 3085 quod
935 3010 1121 3069 accusatiuus
1143 3024 1229 3069 casus
1251 3007 1288 3068 alr
1311 3007 1369 3068 hoc
1385 3017 1525 3080 uocatur,

229 3109 299 3189 quia
328 3108 422 3171 uerbo
452 3108 555 3169 haeret
583 3109 689 3169 actiuo.
740 3107 778 3168 Et
805 3117 838 3167 ut
866 3109 968 3169 uerius
998 3109 1108 3179 dicam,
1145 3112 1209 3189 ipse
1238 3112 1424 3173 accusatiuus
1453 3113 1525 3173 acti·

229 3231 285 3274 uus
316 3214 380 3272 erit.

314 3312 328 3397 Η
344 3315 365 3374 1.
383 3309 441 3374 16¹³
459 3309 470 3391 {l
507 3310 582 3370 llicit
604 3307 805 3388 Virgilius:
844 3311 925 3371 lnter
951 3331 1116 3392 pronomen
1145 3322 1243 3374 autem
1273 3322 1303 3373 et
1330 3332 1438 3375 nomen
1468 3314 1525 3376 hoc

229 3418 367 3484 interest,
396 3412 474 3494 quod
503 3429 668 3492 pronomen
697 3412 910 3489 conparatione
931 3431 1037 3475 carens
1059 3432 1216 3495 personam
1247 3413 1368 3485 habeat,
1397 3424 1430 3477 m
1450 3417 1524 3494 ‘ego

190 3525 261 3579 notu
282 3515 354 3587 ille’,
384 3531 493 3577 nomen
516 3523 615 3574 autem
638 3531 766 3592 persona
795 3511 909 3575 abiecta
938 3517 1178 3596 conparationem
1201 3517 1341 3596 recipiat,
1364 3523 1397 3577 ut
1419 3520 1526 3577 ‘carus

229 3620 327 3681 carior
348 3616 544 3681 carissimus'.

298 3890 389 3940 lindc
406 3889 493 3940 Marus
561 3897 586 3934 et
603 3885 653 3935 hoe
669 3885 745 3935 arbor
763 3895 788 3935 ct
805 3885 855 3937 lroc
871 3904 929 3938 ecre
946 3900 971 3940 et
987 3890 1037 3939 hoe
1055 3891 1129 3954 panis
1148 3892 1239 3940 derunt
1256 3891 1328 3954 apud
1344 3891 1440 3942 Maium
1509 3891 1525 3940 2

229 3960 324 4018 monio,
343 3954 625 4010 corr.moneom.11
694 3949 771 4003 illac
826 3954 905 4021 nnnc]
925 3973 976 4008 non
1044 3958 1201 4008 4habeatur
1218 3958 1305 4008 Maius
1361 3958 1437 4020 sedq3
1461 3956 1524 4006 forte

229 4028 322 4090 liquis
339 4025 469 4076 ueteribus
555 4022 694 4072 ‘lomnino
713 4036 764 4071 nou
782 4023 859 4073 debes
878 4025 965 4076 Maius
1044 4022 1215 4090 8Virgllius]
1234 4026 1315 4075 Deest
1332 4026 1403 4090 apud
1419 4025 1524 4079 Maium.

229 4094 377 4160 apartibus
394 4109 475 4159 supra
492 4095 536 4141 tin.
556 4107 587 4139 m.
604 4088 640 4138 11
710 4091 742 4140 10
759 4092 888 4152 querendo
944 4094 1077 4151 dimends‚
1096 4109 1165 4146 corr.
1184 4094 1253 4142 dem·
1271 4110 1302 4141 m.
1319 4093 1356 4141 II
1423 4095 1453 4142 11
1473 4106 1524 4141 non

229 4176 255 4224 qr
272 4163 416 4228 integritate
433 4171 492 4209 ante
561 4160 593 4206 12
612 4157 736 4218 nequiuut
788 4161 820 4210 13
838 4163 907 4223 quod
960 4157 1096 4227 Virgilius]
1114 4177 1141 4226 p.
1154 4162 1206 4210 135
1223 4160 1288 4214 Mai.
1342 4161 1374 4209 14
1392 4161 1525 4209 nominum

228 4244 276 4280 an.
294 4230 381 4280 Maian
432 4227 544 4278 hominio
596 4224 713 4273 homines
732 4225 825 4276 habent
842 4229 929 4280 Maius
981 4232 1013 4281 16
1032 4229 1072 4278 uel
1089 4239 1227 4278 accessam
1243 4226 1353 4292 (spn‘us
1365 4229 1457 4291 σαι),
1474 4243 1523 4278 om.

229 4297 314 4348 Moira
365 4295 481 4346 auferant
559 4293 590 4343 16
603 4290 743 4357 Virgilius]
764 4294 821 4344 Non
839 4304 913 4347 eaetet
929 4300 1001 4360 apud
1016 4297 1125 4358 Maium,
1143 4296 1236 4358 sedes.
1249 4310 1432 4361 orroeonyma
1441 4294 1524 4347 Bere.

226 4380 254 4429 p.
266 4368 308 4428 88,
322 4368 354 4415 19
365 4381 420 4430 sep.
439 4373 464 4414 et
481 4364 548 4414 Maii
565 4361 643 4410 editio
662 4377 689 4423 p.
709 4363 767 4410 136.
871 4367 904 4415 20
923 4363 1060 4429 Virgilius]
1078 4382 1107 4429 p.
1125 4367 1178 4414 135
1191 4364 1261 4422 Mai;
1284 4365 1318 4426 rs.
1337 4379 1383 4412 err
1400 4379 1526 4428 anonyma

228 4430 307 4486 Bere.
323 4450 351 4499 p.
368 4435 411 4497 87,
425 4435 524 4497 30rep.
593 4440 720 4490 quaeruut
737 4429 823 4480 Maiam
891 4434 922 4480 21
941 4428 1124 4548 adhibuerunt]
1144 4431 1296 4488 tribuerunt.
1316 4433 1384 4497 quod
1400 4446 1447 4482 om.
1466 4432 1523 4482 eod.

229 4501 306 4565 Maii,
325 4501 485 4566 quemobrem
501 4500 544 4548 ille
561 4496 750 4560 ‘frequentant’
767 4500 897 4562 legendum
915 4501 1030 4554 coniecit.
1126 4502 1141 4548 ’1
1159 4500 1226 4550 idest
1242 4501 1318 4565 agite.
1354 4500 1524 4549 Acerrsatiuus

228 4582 303 4619 casus
320 4568 352 4617 ab
370 4568 420 4617 hoe
438 4577 542 4617 uocatur
560 4563 650 4615 Maius
667 4565 761 4613 ceteris
777 4569 891 4623 emisam·
908 4571 1027 4618 nonnulla
1044 4584 1080 4618 eoe
1097 4569 1161 4631 illis,
1179 4584 1245 4635 quoe
1256 4583 1338 4631 cupre
1352 4569 1441 4631 posita
1457 4575 1524 4630 eunt,

228 4637 316 4687 laudat
335 4636 503 4700 Goinsredus,
522 4647 594 4699 quern
610 4637 686 4681 uocat
703 4631 802 4695 Maius,
824 4638 1002 4699 pronmrotieua
1017 4652 1045 4701 p.
1064 4639 1098 4688 18
1115 4642 1168 4686 not.
1186 4637 1255 4697 Mei,
1283 4636 1318 4698 cf.
1337 4651 1382 4685 err
1399 4651 1525 4699 anonyme

228 4700 369 4755 Ber-neuris
385 4721 410 4769 p,
430 4707 473 4764 87,
494 4704 528 4752 31
546 4705 598 4750 not.
668 4700 802 4749 terrentius
875 4703 909 4753 23
927 4699 1125 4772 penitudinem]
1136 4705 1301 4770 penitentiam
1320 4718 1366 4752 err
1383 4702 1526 4754 nemanso

229 4779 254 4821 et
272 4772 427 4834 Goiasredus
511 4771 545 4818 ‘24
563 4765 652 4828 inquid
729 4767 762 4815 26
781 4777 805 4816 et
823 4770 909 4818 iterius
927 4772 1009 4820 diram
1029 4772 1115 4822 Maius
1183 4771 1345 4828 acerontinus
1363 4771 1420 4835 ipse
1438 4771 1526 4822 Maius

227 4839 261 4890 28
280 4837 417 4906 Virgilius]
439 4839 496 4888 Non
514 4842 588 4887 extat
605 4835 677 4898 apud
693 4834 796 4899 Maium,
815 4838 849 4899 cs.
868 4854 913 4887 crs
931 4855 1055 4905 anonyma
1072 4840 1153 4895 Bere.
1171 4842 1192 4903 f.
1212 4836 1282 4890 113⁵
1298 4856 1325 4903 p.
1346 4842 1408 4904 131,
1421 4843 1525 4890 25-29

251 4940 348 4983 Qum
360 4950 413 4981 m.
426 4939 509 4995 seran,
1290 4926 1322 4975 13
