3382 5476
256 396 337 444 cmv
797 377 989 431 ricomere.

340 571 446 632 Petri
467 572 630 632 diaconi
650 577 740 630 nolae
761 587 781 629 a
805 568 990 630 Mommseno
1013 566 1045 628 in
1067 574 1207 628 notarum
1228 570 1377 629 laterculo
1394 585 1428 643 p.
1449 573 1547 626 331-

254 681 316 735 ste
337 691 378 734 ex
398 674 502 734 codem
523 675 628 734 codice
650 674 801 733 Beruensi
826 673 927 733 editae
954 688 1122 747 quampuae
1146 674 1244 747 parui
1263 673 1383 732 omnino
1405 672 1447 730 ad
1468 677 1545 730 ncte-

254 794 321 838 rum
342 793 453 836 morem
467 761 714 851 'capnoscendam
736 777 877 835 momenti
895 781 979 848 sunt,
1004 781 1105 833 tamen
1127 776 1200 849 quio
1213 774 1347 835 codicem
1361 774 1545 834 Bemensem

140 898 142 903 ¹
254 897 345 940 renum
366 896 398 938 se
418 884 550 939 secutum
571 895 635 938 csse
657 881 711 952 qui
731 879 907 938 nouissimus
926 878 1023 937 edidit
1041 875 1200 952 professus
1222 883 1265 936 est
1283 893 1316 952 p.
1342 882 1399 935 332
1420 877 1547 934 alterius

251 983 325 1042 libri
349 983 494 1041 latomi
517 981 727 1057 specimimlrns
754 981 896 1040 nonnisi
921 995 996 1040 raro
1024 980 1152 1056 additis,
1183 995 1295 1054 operae
1317 981 1449 1055 pretinm
1472 977 1547 1052 sore

253 1084 421 1157 uidebatur,
446 1099 525 1159 quae
547 1083 585 1150 ab
608 1055 662 1143 illo
682 1079 792 1142 omissa
814 1088 928 1154 essent,
952 1082 1030 1142 libro
1052 1082 1151 1141 denuo
1172 1098 1298 1142 excluso
1321 1087 1466 1142 accurate
1485 1084 1546 1142 col-

252 1189 332 1247 lecto
353 1187 513 1247 corollarii
531 1182 632 1245 instar
654 1185 724 1245 nuic
744 1186 1012 1259 prammadcorum
1028 1185 1274 1271 uolmninipuasi
1292 1185 1548 1259 supplementario

254 1291 398 1395 inserere.
445 1286 533 1358 Quod
553 1303 614 1346 non
638 1284 793 1359 fecissem,
823 1288 883 1346 nisi
905 1284 1117 1358 Mommsenus,
1148 1301 1234 1360 quem
1261 1287 1431 1345 litterarum
1458 1294 1546 1346 notas

252 1393 334 1467 ipsas
354 1406 470 1449 summo
490 1390 552 1461 ride
573 1406 611 1448 nc
632 1405 691 1448 uno
713 1388 833 1464 quidem
855 1404 960 1448 errore
974 1389 1127 1448 commisso
1142 1388 1333 1464 descripsisse
1346 1389 1445 1448 statim
1469 1390 1543 1464 scidi,

254 1496 285 1553 in
302 1489 511 1569 praefationis
532 1508 647 1567 quoqne
668 1492 768 1551 tombis
788 1491 1003 1551 constituendis
1024 1492 1122 1567 ipsam
1144 1497 1320 1566 corruptam
1341 1491 1454 1551 codicis
1469 1490 1545 1551 Ber·

253 1597 353 1655 nensis
379 1596 505 1670 speciem
534 1595 760 1654 accuratissime
787 1593 960 1668 exprimere
986 1590 1115 1653 uoluisse
1140 1593 1215 1653 milti
1240 1594 1321 1654 uisus
1342 1600 1416 1652 essct
1438 1600 1493 1653 out
1514 1595 1546 1653 in

252 1705 363 1758 textum
393 1712 478 1773 quem
507 1704 619 1757 uocant
644 1697 820 1772 recipiendo
848 1702 901 1754 aut
924 1696 1057 1768 fideliter
1084 1696 1163 1755 inter
1189 1696 1400 1755 adnotationes
1421 1698 1546 1756 criticas

251 1801 520 1861 commemorando.
564 1799 674 1874 Itaque
702 1795 746 1858 sie
773 1804 806 1858 tu
833 1799 955 1870 noceto,
985 1814 1032 1857 me
1053 1814 1090 1856 ca
1111 1799 1177 1857 sola
1205 1799 1374 1872 collcpissc,
1406 1815 1485 1873 puae
1506 1800 1545 1859 ob

251 1904 305 1963 illo
329 1908 383 1962 aut
404 1896 514 1962 onlissa
536 1909 590 1961 out
606 1915 720 1977 parum
743 1901 1064 1976 occuratc'descripta
1086 1905 1191 1961 essent.

336 2022 365 2082 p.
388 1999 451 2063 333
474 2003 511 2063 M.
534 1999 555 2062 3
578 2000 765 2082 apocrisarii]
790 1999 982 2080 apochrisarii
1047 1997 1067 2061 4
1088 1999 1211 2081 imperi]
1234 2002 1351 2080 imperii
1375 2003 1544 2081 (ippotlteta

251 2110 403 2167 errauisse
425 2104 560 2182 uidetur)
626 2101 802 2183 crudeliori]
832 2102 1017 2173 candellarii,
1046 2106 1078 2164 in
1106 2120 1205 2178 morp.
1234 2107 1263 2162 ai
1290 2102 1459 2195 cancellarii
1522 2102 1544 2166 5

251 2238 360 2323 paone]
385 2259 461 2321 pone
549 2237 588 2301 12
610 2237 711 2320 Rern]
736 2257 875 2300 romanus
963 2235 1000 2300 17
1024 2238 1061 2300 de
1083 2239 1128 2300 his
1151 2237 1271 2319 uerum]
1302 2239 1339 2301 de
1367 2186 1415 2300 llis
1437 2191 1542 2314 {fflm

250 2361 406 2421 suprascr.
428 2361 466 2404 m.
490 2345 535 2405 II.

334 2464 363 2524 p.
380 2440 490 2513 3342
511 2442 653 2525 syllabas]
676 2442 797 2504 sillabas
859 2441 880 2505 5
903 2462 956 2522 per
977 2444 1145 2505 huiusmodi
1167 2453 1252 2506 notas
1275 2445 1430 2506 breuitatis
1452 2465 1542 2508 causa

251 2555 283 2607 ul
304 2551 335 2608 in
356 2564 455 2623 marp.
478 2548 576 2624 suppl.
663 2542 683 2607 8
706 2564 760 2625 per
783 2526 832 2625 ·7'·]
857 2564 909 2623 per
932 2547 987 2620 ᾧ,
1010 2544 1044 2607 e'n
1065 2563 1164 2622 marp.
1189 2542 1228 2623 2<-
1296 2545 1329 2607 ll
1357 2546 1468 2628 adhuc]
1491 2548 1542 2608 sd·

252 2649 333 2731 hooc
400 2646 438 2708 12
461 2646 651 2729 biuiumest]
674 2651 886 2737 esitineadel.
949 2645 987 2708 14
1009 2648 1193 2730 Secundum]
1211 2650 1286 2712 Solia
1350 2645 1393 2711 25
1414 2669 1468 2730 per
1491 2650 1541 2733 oa]

252 2770 286 2811 ea
309 2753 390 2811 deest
454 2748 495 2811 26
518 2747 601 2831 quia]
625 2749 700 2830 qula.
1287 2764 1291 2775 ·

336 2852 406 2914 Post
427 2854 672 2930 subscriptionem
696 2854 906 2913 Marcanouae
927 2856 958 2914 in
980 2860 1119 2914 notarum
1139 2857 1199 2926 fine
1225 2858 1418 2929 collocatam,
1452 2873 1542 2930 auom

251 2956 450 3015 Mommsenus
465 2972 501 3031 p.
518 2962 574 3012 331
594 2953 756 3030 descripsit
770 2954 946 3034 (deuotissi.]
971 2953 1147 3033 deusdedi),
1171 2960 1251 3032 quod
1270 2961 1406 3032 seqnitur
1421 2960 1542 3035 popina

243 3059 390 3134 proxima
408 3056 437 3128 s.
461 3057 671 3116 CLXXXXP
692 3058 730 3115 de
751 3073 876 3117 numero
897 3067 991 3134 caput
1013 3059 1072 3133 (cs.
1091 3059 1265 3120 Mommseui
1283 3062 1386 3120 adnot.
1406 3079 1439 3136 p.
1457 3066 1539 3138 331),

248 3160 344 3218 simile
371 3167 413 3217 est
434 3161 480 3218 illi
500 3157 664 3232 tractatui,
695 3176 779 3233 quem
798 3163 918 3234 popina
940 3163 1134 3222 antecedente
1156 3169 1214 3220 330
1234 3181 1274 3222 ex
1296 3164 1399 3223 codice
1420 3163 1540 3224 Einsid·

248 3262 325 3319 lensi
349 3262 452 3320 ultimo
482 3262 548 3320 loeo
576 3262 776 3321 Mommsenns
801 3262 905 3322 edidit.
951 3264 1137 3325 Praemisso:
1174 3265 1333 3342 ‘sepior
1355 3264 1392 3324 oe
1415 3284 1540 3325 nuumro

249 3359 430 3422 litterarurrr'
452 3365 540 3423 titulo
561 3380 581 3422 o
601 3365 704 3423 littera
725 3363 755 3421 E
773 3365 891 3424 initium
911 3364 996 3441 capit
1019 3363 1050 3443 (Ε
1072 3365 1150 3443 CCL)
1174 3369 1339 3441 desinitque
1360 3370 1392 3427 in
1415 3367 1440 3426 Z
1461 3370 1540 3428 litte·

248 3480 315 3524 ram
339 3462 368 3540 (Z
392 3463 456 3524 Duo
479 3463 568 3538 milio)
592 3473 664 3524 nota
687 3467 761 3524 ‘mii'
785 3466 892 3540 ubique
912 3469 1030 3526 omissa.
1069 3469 1114 3527 Ao
1131 3469 1315 3529 Einsidtensi
1334 3472 1428 3543 ipitar
1448 3471 1539 3528 larer-

248 3568 317 3626 culo
338 3584 398 3626 non
421 3569 482 3626 nisi
501 3568 576 3626 doec
598 3567 787 3644 discrepant:
815 3566 851 3631 ΙΙ.
868 3567 927 3639 CC,
957 3568 979 3628 l.
996 3568 1024 3636 l,
1048 3568 1082 3629 N.
1099 3569 1152 3639 Xl,
1182 3569 1216 3640 Ο.
1234 3571 1272 3639 Ι),
1296 3571 1331 3631 Τ.
1348 3569 1434 3640 CLX.
1458 3571 1489 3631 Y.
1506 3569 1538 3639 L,

249 3667 278 3728 Z.
304 3667 367 3728 Duo
390 3666 479 3728 milia.
