3382 5476
685 381 911 435 Pmscuunt.
1324 393 1431 443 CLXIX

139 573 289 636 beandam
313 572 386 634 inibi
409 573 567 641 ciuitatem,
592 589 667 650 quae
690 581 779 652 caput
800 573 884 650 regni
907 569 1065 631 diceretur.
1111 567 1221 630 Deinde
1245 577 1431 631 transmeans

136 694 225 736 mare
252 673 303 735 illo
331 676 361 734 in
389 672 468 743 loco,
498 676 550 755 qui
578 676 662 754 prius
685 673 856 755 Byzantium
880 670 1058 741 uocabatur,
1089 690 1124 732 eo
1151 670 1229 751 quod
1259 670 1296 733 de
1318 671 1432 733 duabus

139 776 279 857 partibus
309 779 385 837 mari
406 777 586 856 cingeretur,
608 795 701 856 super
722 774 793 836 litus
815 774 947 835 condidit
969 775 1131 844 ciuitatem,
1155 792 1241 853 quam
1264 793 1280 834 a
1303 793 1356 834 suo
1379 792 1431 834 no·

136 881 223 939 mine
250 878 530 958 Constantinopolim
559 875 732 956 appellauit,
768 876 845 939 idest
872 876 1001 939 Constan
1027 881 1031 957 Ι
1054 895 1082 956 p.
1106 872 1167 956 10!
1189 876 1244 937 tiui
1271 876 1430 946 ciuitatem,

107 982 280 1059 squouiam
304 979 405 1060 ‘polis'
428 978 537 1040 dicitur
558 981 674 1040 ciuitas.
719 978 781 1051 Oua
804 977 956 1040 aedificata
980 996 1097 1039 omnem
1119 977 1291 1058 dignitatem
1313 987 1431 1040 senato·

136 1102 207 1145 rum
237 1091 267 1145 et
293 1083 470 1162 sapientium
499 1081 610 1143 Romae
638 1080 809 1160 degentium
842 1080 912 1143 illuc
945 1079 1113 1143 transduxit
1146 1091 1175 1142 et
1207 1081 1326 1142 uocauit
1352 1080 1431 1142 illam

137 1183 303 1247 secundam
324 1184 459 1249 Romam.

227 1286 259 1347 Si
280 1287 443 1366 quaeritur,
467 1284 586 1366 quando
608 1285 740 1366 scripsit:
772 1285 858 1348 datur
880 1283 1005 1364 intelligi
1027 1304 1062 1347 ex
1086 1285 1217 1348 historiis
1239 1294 1270 1347 et
1292 1285 1432 1367 tempori·

137 1388 199 1451 bus
221 1389 326 1450 lustini
348 1396 380 1449 et
400 1388 555 1450 iustiniani
576 1389 799 1468 imperatorum.

94 1516 125 1556 ro
228 1489 259 1550 Si
268 1492 436 1570 quaeritur,
449 1488 485 1550 ad
495 1508 584 1570 quem
596 1491 730 1569 scripsit:
747 1490 783 1550 ad
796 1490 943 1552 lulianum
956 1491 1109 1552 consulem
1122 1500 1152 1551 et
1163 1492 1328 1570 patricium,
1345 1510 1432 1572 quem

136 1591 247 1654 babuit
260 1591 480 1654 exhortatorem
497 1591 533 1652 ad
549 1590 606 1652 boc
621 1609 696 1670 opus
711 1591 922 1672 peragendum.
961 1590 1120 1653 Sciendum
1138 1600 1182 1653 est
1196 1600 1360 1672 praeterea,
1376 1595 1433 1655 boc

137 1712 216 1776 opus
238 1712 297 1756 uon
320 1694 505 1756 aPrisciano
520 1695 673 1772 scriptum,
696 1694 749 1755 sed
765 1695 914 1764 dictatum,
939 1694 1078 1771 quoniam
1102 1713 1138 1756 eo
1160 1693 1289 1757 dictante
1313 1695 1433 1758 Flauius

137 1795 327 1866 Theodorus,
352 1797 417 1857 eius
440 1794 619 1876 discipulus,
648 1793 745 1857 bouus
773 1794 969 1857 scholasticus
992 1806 1022 1857 et
1043 1798 1175 1858 notarius
1196 1799 1330 1876 scripsit,
1358 1799 1434 1859 siem

136 1901 206 1980 ipse
228 1899 258 1959 in
282 1896 372 1959 titulis
395 1897 539 1960 librorum
564 1899 733 1960 manilestat
755 1898 858 1959 dicens
881 1900 920 1959 ita
943 1898 1000 1959 sub
1022 1906 1176 1959 contextu:
1200 1898 1274 1978 ‘Ego
1296 1899 1433 1961 ‘lbeodo-

96 2019 196 2064 rsrus
218 2000 349 2082 Dionysii
371 2001 429 2061 uiri
452 1999 638 2062 disertissimi
660 1998 739 2062 tilius
762 1997 940 2061 memorialis
967 2001 1044 2061 sacri
1067 2001 1168 2061 scrinii
1184 1986 1382 2081 ¹epistolarum
1404 2011 1434 2065 et

136 2103 258 2164 adiutor
286 2103 344 2163 uiri
375 2104 473 2181 magni
501 2103 668 2181 quaestoris
690 2103 833 2182 scripsi'3
861 2100 1003 2171 subaudis
1031 2100 1106 2162 ‘boc
1134 2121 1209 2182 opus
1231 2106 1434 2183 praeceptoris

137 2204 214 2265 mei’
244 2206 275 2264 in
303 2202 377 2265 urbe
399 2204 492 2265 lioma
523 2201 858 2284 constantinopolitana.
902 2203 1077 2265 Theodorus
1106 2205 1161 2266 iste
1190 2204 1265 2266 lilius
1288 2206 1343 2266 luit
1365 2205 1432 2266 llio·

137 2305 218 2386 nysii
240 2306 296 2366 uiri
319 2304 474 2367 clarissimi
496 2314 527 2367 et
548 2305 725 2377 doctissimi,
755 2305 858 2368 doctus
881 2314 911 2368 et
932 2305 1066 2368 eruditus
1088 2326 1104 2367 a
1127 2307 1293 2374 Prisciano;
1323 2307 1374 2368 sed
1398 2327 1434 2368 eo

137 2417 287 2486 tempore,
310 2408 429 2487 quando
451 2408 622 2470 Priscianus
644 2408 701 2470 boc
724 2426 797 2488 opus
820 2408 978 2478 incboauit
1002 2410 1058 2469 iam
1075 2408 1110 2469 ad
1133 2417 1243 2470 tantam
1260 2410 1433 2488 sapientiam

95 2517 282 2575 soeuaserat
309 2508 386 2570 idem
415 2509 608 2581 Theodorus,
639 2518 671 2571 ut
700 2519 824 2590 propter
853 2510 1038 2571 nobilitatem
1068 2512 1187 2589 generis
1220 2520 1250 2571 et
1282 2511 1433 2572 doctrinae

137 2611 262 2675 culmen
285 2620 363 2673 esset
384 2611 565 2674 memorialis
588 2614 617 2673 ·i·
642 2619 742 2673 custos
771 2622 801 2672 et
827 2619 962 2674 seruator
990 2613 1065 2673 sacri
1094 2613 1211 2682 scrinii,
1241 2610 1432 2692 epistolarum

139 2715 171 2776 ·i·
196 2712 309 2775 librarii
332 2715 394 2775 siue
416 2715 537 2775 armarii
559 2712 679 2794 publici,
704 2713 756 2774 ubi
777 2731 881 2776 sacrae
903 2713 1046 2794 epistolae
1067 2723 1097 2775 et
1119 2715 1196 2775 sacri
1216 2713 1285 2775 libri
1307 2732 1433 2794 repone·

138 2816 264 2879 bantur.
309 2817 378 2877 Fuit
405 2815 524 2896 quidem
551 2817 582 2876 in
613 2814 723 2896 palatio
753 2814 870 2876 adiutor
897 2817 996 2894 magni
1025 2816 1191 2896 quaestoris
1218 2813 1434 2877 conscribendo

138 2917 293 3000 epistolas,
316 2936 392 2997 quae
415 2916 450 2978 ad
474 2916 607 2979 diuersas
629 2916 732 2978 mundi
756 2916 948 2979 mittebantur
969 2926 1078 2998 partes.
1124 2917 1238 2980 Nomen
1254 2937 1327 2979 uero
1343 2935 1433 2997 quae·

94 3021 233 3085 nestoris
253 3020 367 3082 reticet
412 3019 589 3091 Quaestores
606 3019 609 3103 l
626 3039 654 3099 p.
674 3017 711 3080 ll
728 3018 732 3102 l
750 3038 822 3081 uero
851 3018 1026 3081 dicebantur
1053 3021 1243 3099 inquisitores
1265 3037 1432 3089 causarum,

138 3123 269 3184 comites
289 3120 428 3182 uidelicet
451 3120 560 3200 palatii,
585 3108 634 3199 qui
657 3140 731 3200 opus
754 3120 903 3183 trabebant
924 3121 1021 3182 iuuari
1050 3123 1079 3181 in
1102 3119 1234 3200 epistolis
1255 3118 1431 3181 scribendis.

138 3224 215 3286 Siue
243 3224 331 3284 etiam
360 3230 533 3302 quaestores
561 3220 726 3294 dicuntur,'
742 3225 793 3303 qui
822 3222 993 3301 quaestibus
1021 3232 1164 3303 praesunt
1193 3223 1223 3282 ·i·
1254 3223 1305 3302 qui
1327 3222 1431 3282 tributa

139 3306 266 3404 exigunt
286 3330 315 3385 et
335 3324 498 3404 inquirunt.

228 3424 313 3496 Quod
335 3431 434 3487 autem
457 3421 600 3497 diximus,
629 3445 695 3487 eum
718 3427 808 3488 luisse
831 3426 1014 3506 temporibus
1035 3425 1140 3488 lustini
1162 3436 1191 3487 et
1212 3424 1382 3493 iustiniani,
1405 3433 1435 3485 et

99 3526 242 3595 „adbuc
268 3530 511 3589 commemoratio
538 3530 570 3590 irt
598 3527 754 3590 consulum
783 3531 813 3590 in
844 3527 950 3589 titulis:
984 3529 1058 3590 baec
1084 3529 1159 3590 ratio
1186 3527 1329 3609 probatur
1357 3545 1432 3596 esse,

139 3630 283 3710 quoniam
304 3629 361 3691 sub
383 3630 612 3711 imperatoribus
634 3630 849 3693 ordinabantur
870 3628 994 3710 singulis
1014 3632 1099 3692 annis
1122 3630 1180 3691 duo
1203 3628 1353 3698 consules,
1383 3630 1431 3708 qui

139 3740 251 3795 statum
275 3731 319 3792 rei
341 3730 474 3811 publicae
496 3751 574 3794 anno
597 3736 715 3812 integro
737 3733 994 3800 administrarent,
1019 3742 1061 3800 et,
1091 3735 1168 3793 sicut
1194 3732 1243 3794 bic
1265 3732 1432 3793 manilesta·

140 3842 203 3904 tur,
226 3830 366 3913 Olybrius
387 3834 435 3894 uir
457 3833 637 3896 clarissimus
661 3842 691 3895 et
711 3833 840 3895 lulianus
861 3832 922 3895 illo·
935 3853 1012 3896 anno
1030 3833 1214 3897 consulatum
1235 3835 1432 3895 amministra-

139 3935 232 4005 bant,
254 3953 313 4014 qno
335 3935 505 3997 Priscianus
528 3938 625 4016 coepit
646 3936 701 3997 bos
725 3954 904 4016 componere
927 3935 1033 4006 libros,
1056 3955 1181 4017 quorum
1205 3939 1294 3998 unius
1322 3936 1432 3996 mentio

96 4040 174 4102 aut
195 4037 228 4097 iu
250 4035 343 4107 titulo,
367 4036 488 4098 alterius
510 4040 668 4108 reticetur,
696 4039 765 4119 quia
794 4039 824 4098 in
853 4037 1028 4100 salutatione
1056 4037 1197 4118 epistolae
1225 4038 1329 4100 loliani
1351 4057 1431 4100 com·

137 4131 326 4202 memoratur
348 4157 469 4202 nomen.

210 4427 385 4479 ibiaantium
454 4433 558 4481 limare
625 4430 776 4493 Squeritnr
845 4431 1002 4492 loqueritnr
1036 4432 1189 4498 patritium·
1239 4431 1433 4482 l3scolastious

135 4499 174 4550 15
186 4495 296 4547 dionisii
329 4497 473 4548 memoralis
544 4500 574 4548 16
587 4499 714 4560 questoris
727 4499 832 4564 scripsit
900 4501 931 4549 l'l
944 4499 1049 4548 dionisii
1067 4497 1191 4550 ucetd
1261 4499 1429 4562 23luitqni·

133 4568 201 4617 dant
240 4567 365 4627 questoris
432 4568 466 4616 24
483 4579 616 4629 questores
685 4568 717 4617 27
736 4576 868 4627 questores
920 4568 1053 4629 questibus
1123 4571 1156 4619 33
1175 4565 1351 4617 olibriusaie
1400 4570 1433 4619 34

131 4633 212 4703 epple
249 4628 336 4700 unius]
354 4650 390 4685 ac.
410 4634 509 4700 Otpbrit
524 4650 613 4688 nomen
629 4638 708 4686 rolina
726 4636 906 4699 inscriptiones
923 4642 1068 4687 memorant.

675 4858 900 4868 --.-——.
