3382 5476
198 370 260 434 186
575 368 830 432 Qvtbsalonbs
848 366 1116 422 obtundamus

196 558 311 638 ragdo
333 558 454 619 dicitur:
489 557 550 618 ‘ab
572 557 715 634 origine
738 573 830 634 quos
852 557 1060 637 praesciuit
1083 552 1202 618 bonos
1224 556 1494 634 praedestina·

194 663 298 722 tiene
321 660 449 722 reddit
472 658 628 720 beatos.’

282 864 295 948 tl
312 864 332 926 i.
350 860 410 926 'Ill
425 859 438 946 ΙΙ
453 862 754 961 ‘Stropba’nersutia
770 859 871 922 dolosa
887 869 917 921 et
930 861 1131 930 fraudulenta,
1155 870 1188 949 ut
1207 862 1250 923 ait
1263 861 1493 926 Altbelmus:

628 962 694 1024 ‘Ne
718 962 777 1023 lur
800 961 1056 1043 strophosus'.

281 1168 294 1252 ll
311 1171 332 1231 i.
348 1166 404 1231 72·
422 1166 433 1249 i}
457 1167 563 1228 ‘Anuli
585 1164 668 1246 pala'
692 1111 767 1244 pars·
784 1174 830 1228 est
851 1112 923 1236 illa,
941 1183 998 1245 qua
1021 1183 1092 1246 prae
1115 1164 1268 1228 latitudine
1289 1169 1338 1229 sui
1360 1168 1518 1247 sigillums

196 1271 272 1334 solet
294 1272 414 1353 inprimi
437 1269 483 1332 uel
507 1269 598 1348 sigilli
620 1285 736 1347 gemma
759 1286 813 1330 seu
835 1269 910 1347 lapis
931 1269 1024 1329 inseri
1046 1268 1095 1328 uel
1116 1267 1191 1328 indi.

282 1474 294 1557 ξΙ
312 1476 330 1536 l.
349 1470 409 1536 72¹³
426 1471 438 1555 l!
469 1472 550 1533 luter
573 1469 857 1551 ‘adpraehendere’
880 1478 910 1531 et
931 1471 1210 1550 ‘appraebeodere'
1238 1470 1410 1535 differentia
1432 1483 1495 1535 est:

195 1575 417 1658 ‘adpraehende
439 1576 533 1634 arma’
558 1581 588 1635 et
609 1572 838 1652 ‘appraebende
860 1573 1041 1647 lucernnm'‚
1064 1572 1140 1634 idest
1161 1572 1302 1634 accende.
1348 1578 1495 1655 ‘Apprao

195 1679 306 1740 beude'
323 1687 353 1738 et
369 1676 619 1757 ‘appropinquat’.
632 1682 726 1735 scatet
748 1676 828 1744 uitio,
852 1683 955 1735 contra
979 1674 1147 1753 ‘approbat’
1165 1685 1194 1736 et
1210 1675 1365 1755 ‘applicat'
1381 1676 1492 1756 placet.

196 1781 231 1840 Et
253 1779 333 1849 dice,
364 1796 472 1858 quare,
503 1776 663 1837 dummodo
691 1794 758 1837 cum
788 1777 923 1837 ueritatis
950 1775 1052 1837 audiar
1074 1776 1206 1837 caritate.
1251 1778 1532 1857 Sicutinterpo·1o

196 1883 259 1942 sitis
286 1880 458 1959 frequenter
486 1878 550 1938 aliis
578 1875 711 1958 partibus
745 1886 897 1954 ponuntur
929 1878 992 1938 sine
1026 1878 1234 1940 coniunctione
1266 1878 1326 1940 duo
1360 1882 1495 1951 nomina,

196 1975 274 2059 eprrod
304 1983 424 2043 minime
453 1980 575 2046 liceret,
605 1981 630 2039 si
658 1980 863 2057 iungerentur,
893 1987 926 2038 ut
955 1977 1059 2039 ‘eorda
1084 1979 1279 2041 uoluntates':
1308 1999 1377 2041 nam
1407 1984 1496 2062 quasi

196 2084 252 2145 boc
272 2082 413 2145 laudabili
436 2080 571 2156 neglectu
594 2081 732 2159 superius
755 2098 863 2141 nomen
887 2082 1144 2158 praetermittitur,
1169 2080 1238 2143 dum
1261 2080 1415 2160 quaelibet
1436 2084 1495 2144 alia
1554 2089 1557 2092 ’

194 2204 264 2265 pars
287 2184 501 2245 intermittitur.
546 2181 595 2242 Sic
623 2183 711 2241 etiam
739 2183 804 2242 iure
834 2183 916 2250 lieet,
946 2183 1037 2243 immo
1065 2182 1154 2243 debet
1175 2183 1206 2243 in
1229 2182 1332 2244 uerbis
1360 2184 1494 2264 plurium

194 2289 259 2348 fieri
287 2286 481 2369 syllabarum,
512 2282 589 2361 qttod
618 2301 678 2344 nou
708 2283 776 2344 lieet
804 2285 834 2343 in
861 2302 1033 2366 paucarum.
1079 2283 1279 2345 Laudabiliter
1300 2288 1380 2345 enlm
1405 2305 1534 2366 prae-rs

195 2389 351 2469 positionis
379 2388 529 2467 corruptio
559 2386 644 2465 parui
672 2386 813 2465 penditur·
835 2405 878 2465 ae
892 2384 1094 2466 suspenditur,
1119 2385 1189 2446 dum
1212 2387 1412 2465 complurium
1435 2389 1495 2468 syl·

195 2491 327 2552 labarum
352 2489 445 2550 uerbo
469 2490 665 2568 componitur.
709 2488 786 2548 llinc
815 2495 874 2556 est,
906 2487 984 2565 quod
1012 2488 1192 2567 praepositio
1215 2488 1281 2547 ‘in'
1304 2496 1439 2551 mutatur
1461 2492 1494 2551 in

194 2590 390 2670 ‘improbust
421 2599 520 2652 manet
548 2592 577 2650 in
605 2592 825 2669 ‘inproperatt
872 2589 920 2650 Sic
948 2590 1035 2649 etiam
1064 2598 1168 2669 poetae
1198 2593 1372 2668 pauciorum
1398 2591 1493 2653 uerba

194 2692 372 2774 syllabarum
393 2692 573 2753 ‘necessario
601 2690 746 2771 producta
779 2690 967 2759 custodiunt,
1001 2691 1131 2770 plurium
1164 2709 1235 2752 nero
1264 2710 1493 2773 uenenumquam

194 2796 274 2856 licite
297 2795 472 2872 corripiunt.
516 2793 716 2853 Paenultimas
738 2793 817 2852 enim
840 2790 1033 2853 ‘studebam’
1058 2801 1087 2852 et
1109 2792 1277 2854 ‘mederer'
1302 2794 1402 2855 nullus
1425 2814 1492 2856 um·
1507 2813 1534 2854 eo

195 2914 282 2975 qulam
311 2897 540 2974 praeteritorum
564 2895 720 2971 corripuit,
753 2902 782 2953 at
811 2892 1037 2954 ‘studebamus'
1061 2896 1204 2974 corripuit
1226 2894 1438 2958 Teudullus
1462 2907 1493 2957 et

195 2997 399 3057 ‘laederetur'.
445 2995 635 3055 Sedulius:

455 3096 522 3156 llle
545 3094 782 3172 loquebatur,
807 3114 873 3156 nos
896 3097 1142 3176 stupebamus
1165 3099 1225 3159 ait.

281 3298 292 3377 ,l
311 3299 328 3359 l.
347 3295 404 3360 73⁸
422 3296 434 3379 b
459 3298 633 3358 ‘Ridiculus'
659 3296 766 3358 mobile
790 3307 834 3359 est
857 3307 885 3358 et
908 3300 1101 3369 adicendum,
1127 3310 1171 3362 ut:

360 3401 585 3461 Parturinnt
607 3407 764 3470 montes,
789 3408 966 3462 nascetur
987 3402 1180 3463 ridiculus
1204 3422 1297 3474 mus,
1506 3426 1532 3465 ss

193 3513 223 3564 et
245 3502 386 3564 ‘ridicula
411 3506 475 3563 res’
498 3510 527 3562 et
549 3501 723 3564 ‘ridiculum
747 3505 951 3582 responsum’,
976 3504 1113 3565 ‘ridiculo
1136 3505 1232 3575 Geta’,
1254 3506 1339 3585 quasi
1361 3507 1492 3568 ridiculo

192 3624 303 3666 scurra.

279 3736 292 3820 l*
311 3739 332 3799 i.
349 3736 409 3801 73s
426 3735 438 3819 b
465 3739 620 3801 ‘Seuerus'
644 3739 882 3820 amphibrachys.
926 3741 1124 3802 quencus:

366 3839 467 3910 Quod
490 3842 627 3901 scirem
653 3842 806 3903 Domino
827 3851 961 3903 memet
984 3845 1132 3905 seruire
1155 3862 1299 3906 seuero.

193 4045 277 4106 Sient
299 4045 446 4114 ‘lacesso',
470 4043 512 4103 sio
534 4042 676 4106 ‘arcesso'
701 4054 729 4105 et
752 4046 889 4106 ‘lacesso’
912 4049 1015 4109 tertiae
1039 4056 1108 4109 suut
1130 4050 1356 4128 coniugationis
1381 4059 1430 4112 ut:
1505 4077 1531 4117 oo

365 4146 403 4207 Si
426 4148 550 4225 potuit
573 4146 695 4208 Manes
717 4165 915 4208 accersere
938 4151 1108 4229 coniugis
1131 4150 1312 4230 Orpbeus.

192 4248 250 4309 Sed
274 4249 341 4328 quia
365 4248 538 4328 frequenter
561 4249 591 4309 in
614 4249 724 4309 nostris
747 4249 899 4309 inuenitur
922 4251 1093 4313 auctoribus
1116 4254 1298 4314 ‘accersire'
1321 4263 1352 4315 et
1375 4256 1489 4318 ‘aecer-

193 4352 287 4420 siuit',
311 4350 380 4410 inde
403 4352 594 4429 participium
618 4351 797 4430 paenultima
814 4350 957 4431 producta
982 4354 1063 4413 uenit
1086 4355 1282 4416 ‘accersitus'.

192 4488 223 4494 .-
230 4488 403 4495 ——-—.
412 4488 419 4493 .-

259 4545 426 4639 escambio
479 4585 633 4652 Altlrelmus]
656 4589 693 4638 Ile
711 4589 786 4638 laude
798 4590 862 4652 nirp.
880 4590 966 4654 praes,
986 4607 1009 4640 u.
1030 4593 1062 4639 17
1079 4592 1119 4644 ed.
1140 4589 1204 4641 Ben.
1223 4598 1281 4642 tom.
1302 4591 1381 4645 XIII
1396 4592 1488 4658 ΜΒ

870 4666 893 4694 ΓΟ

191 4708 330 4755 totusue
399 4700 508 4771 9uitio]
528 4715 586 4753 unte
640 4709 670 4756 lt
690 4665 981 4774 mntmurinbnprobat
1050 4712 1081 4761 18
1099 4718 1184 4759 nrnnet
1200 4711 1225 4758 in
1243 4709 1344 4775 inperat
1411 4721 1488 4775 poete

191 4775 224 4821 24
242 4773 378 4822 Redicnlus
431 4775 463 4823 25
482 4771 637 4837 parturiunt]
660 4775 724 4825 Hor.
742 4791 788 4826 urs
798 4782 867 4840 poet.
881 4795 904 4826 ιι.
916 4780 967 4827 139
1018 4776 1252 4843 28umphibraclris
1304 4777 1485 4842 minuemus}

186 4840 285 4889 'L.·IV
294 4843 336 4893 ed.
348 4843 413 4894 Ben.
424 4848 482 4891 tom.
494 4841 510 4891 Ι
516 4841 541 4889 V
547 4857 575 4906 p.
587 4846 621 4892 73
631 4842 656 4891 I:
702 4845 732 4893 31
744 4842 771 4892 Si
783 4841 879 4911 potuit]
894 4846 1044 4910 Verp.Aen.
1056 4847 1096 4895 VI
1108 4848 1155 4895 119
1190 4857 1360 4895 accerseretur
1373 4845 1485 4910 orpheus
