3382 5476
611 367 869 424 FRAGMENTVM
886 369 1036 424 Pflocsn
1054 368 1196 423 numu.

634 557 749 621 scmabt
791 578 901 623 nomen

634 661 807 740 prosemabt
850 679 1015 742 pronomen

634 761 736 842 logabt
778 763 906 826 uerbum

634 864 775 944 arologab
818 863 993 928 aduerbium

636 967 827 1030 commauabt
868 968 1058 1049 participium

634 1069 792 1148 gecumabt
833 1070 1004 1132 coniunctio
1026 1068 1113 1148 (cong
1135 1070 1214 1147 aad.)

633 1171 806 1250 agriderabt
847 1173 1028 1252 praepositio

344 1292 566 1352 Interieett'one‘s
586 1293 770 1368 siqntiiealia
790 1289 986 1353 meatur
1006 1290 1067 1366 iric,
1091 1295 1146 1353 sed
1164 1293 1251 1354 aaut
1272 1295 1305 1353 in
1326 1294 1427 1353 altera
1447 1293 1554 1354 similo

258 1394 433 1453 insolentiae
455 1399 522 1454 acta
539 1397 677 1470 partium
698 1392 847 1456 arationis
868 1392 1104 1468 cooperatione,
1128 1410 1206 1471 quae
1227 1394 1303 1455 baec
1324 1403 1389 1455 esl:

634 1514 701 1557 orna
745 1505 853 1558 nomen

634 1615 757 1678 prooma
801 1616 966 1679 pronomen

633 1700 725 1780 gebat
767 1699 894 1762 uerbum

635 1802 756 1883 gamoth
800 1803 974 1865 aduerbium

635 1903 739 1983 gothol
782 1905 970 1985 participium

633 2007 726 2085 githol
769 2009 938 2070 coniunctio

632 2109 722 2188 gimol
766 2110 946 2190 praepositio

631 2210 740 2289 girotbi
783 2212 961 2274 interiectio.
1356 2276 1361 2285 ‚

341 2313 404 2373 Sed
423 2314 499 2374 baec
522 2313 599 2375 uiris
619 2317 842 2391 conparatione
861 2317 1037 2392 linqnarurn
1058 2312 1206 2375 scientiae
1229 2317 1337 2390 peritis
1358 2316 1550 2376 enucleanda

256 2417 471 2493 relinquamus.
926 2430 928 2435 ’

341 2605 476 2679 Denique
502 2607 534 2664 in
562 2606 651 2666 buius
677 2607 791 2666 codicis
814 2603 969 2679 sammua
997 2611 1035 2664 25
1061 2621 1141 2665 saec.
1170 2604 1241 2664 XII
1263 2606 1379 2680 scripto
1400 2603 1549 2676 saliorum

256 2713 322 2767 acto
344 2704 380 2785 (l.
406 2702 441 2764 l!
474 2704 601 2767 Mundus
627 2706 716 2785 igitur
744 2725 779 2768 ex
809 2718 935 2784 quatuor
962 2705 1117 2768 elementis
1145 2703 1298 2782 isdemque
1321 2704 1389 2765 totis
1411 2704 1442 2764 iu
1463 2722 1550 2784 spere

257 2807 375 2868 modum
399 2806 536 2886 globatus
558 2815 670 2870 terram
692 2810 723 2870 in
746 2807 844 2869 medio
866 2810 948 2870 etin
971 2810 1030 2868 ima
1053 2809 1179 2868 defixam
1204 2807 1314 2867 eternis
1336 2805 1393 2867 celi
1415 2805 1550 2887 raptibus

256 2927 439 2971 concurrens
460 2908 599 2971 circulari
621 2910 747 2990 quadam
772 2912 887 2971 ratione
909 2910 1094 2972 discriminat
1117 2942 1157 2952 -
1187 2909 1206 2968 l.
1230 2905 1270 2969 δ”
1292 2908 1347 2980 Qui
1371 2927 1421 2969 eas
1443 2926 1549 2987 percu·

256 3012 337 3072 ciens
359 3011 460 3071 autin
487 3009 643 3074 sublimem
673 3009 748 3072 tollit
775 3022 826 3073 aut
853 3013 882 3073 in
911 3009 1091 3092 protundum
1120 3010 1261 3091 deprimit
1289 3018 1339 3085 aut
1366 3009 1549 3070 latitudinem

256 3111 407 3173 declinare
422 3121 473 3173 aut
488 3112 686 3192 retrogradari
702 3111 780 3174 iacit.
818 3112 989 3174 EXl‘LlClT
1012 3111 1123 3175 LIBER
1146 3109 1393 3191 tssuoeottte)
1416 3113 1549 3193 subaul-

256 3232 320 3275 cern
342 3218 507 3276 nonnullae
528 3217 656 3277 additae
675 3225 744 3278 sunt
765 3220 955 3293 quaestiones
974 3213 1212 3291 qrurnnruticae:

341 3333 383 3395 lie
405 3335 555 3396 ‘sinceris’
578 3336 782 3397 controuersia
799 3337 875 3396 inter
896 3336 1176 3414 grammaticas:
1201 3332 1304 3393 dicunt
1321 3334 1399 3392 enim
1415 3330 1550 3410 plerique

256 3434 317 3496 ‘bic
338 3444 369 3496 et
389 3435 463 3497 baec
484 3438 612 3521 sinceris
634 3445 663 3497 et
685 3436 742 3499 boc
764 3440 893 3499 siucerc'
919 3437 1080 3518 penultima
1102 3433 1247 3516 producta
1268 3431 1345 3513 qrrod
1370 3433 1474 3495 uolunt
1497 3433 1548 3494 lra-

255 3536 327 3599 bere
349 3556 392 3599 ex
415 3546 558 3599 moreto
582 3537 733 3617 Virgilii
755 3538 880 3601 dicentis
904 3541 948 3612 (u.
974 3543 1044 3616 12):

458 3638 632 3701 Subsidit
653 3642 802 3703 sincera
825 3640 1155 3720 foraminibusque
1177 3640 1347 3718 liquatur

458 3741 657 3802 Emundata
680 3744 803 3804 Ceres.

206 3862 210 3869 ·
256 3841 376 3920 (subseli
398 3838 479 3903 sinffi
495 3844 583 3904 uiruis
598 3843 854 3925 foraminibusque
872 3847 980 3906 linatur
997 3844 1153 3906 emundata
1169 3842 1240 3924 ces).
1277 3844 1334 3916 Qui
1352 3851 1459 3913 tamen,
1476 3861 1548 3921 quo·

256 3963 333 4023 niam
358 3937 412 4043 (dn)
436 3962 587 4042 praedicta
610 3962 782 4042 (praedicte)
806 3963 1024 4043 praeponderat
1042 3965 1125 4033 ratio,
1148 3964 1253 4025 dicunt
1274 3961 1385 4024 debere
1406 3961 1465 4022 dici
1486 3961 1549 4022 ‘liic

256 4072 286 4124 et
307 4063 381 4125 haec
403 4065 543 4126 sinceris’
569 4061 657 4144 (sien)
681 4073 711 4125 et
733 4065 802 4125 ‘bac
824 4068 952 4127 sincere’
981 4066 1143 4146 penultima
1171 4074 1325 4146 correpta;
1354 4064 1462 4125 dicitur
1486 4062 1548 4143 (di)

256 4167 334 4227 euim
357 4167 508 4228 ‘sinceris’
531 4169 615 4247 quasi
638 4168 702 4227 sine
724 4169 804 4229 carie
827 4176 857 4228 et
879 4176 924 4229 est
946 4169 1039 4229 caries
1062 4186 1182 4229 assecus
1205 4170 1235 4246 (l)
1259 4165 1394 4248 putredo.
1403 4167 1435 4246 ¹⁸)

321 4454 348 4516 *i
366 4454 463 4505 Similia
479 4455 557 4506 babes
574 4458 601 4506 r'n
618 4459 705 4508 codiee
724 4457 844 4508 Parisino
856 4460 923 4508 slas
936 4457 983 4521 (af.
1001 4458 1103 4509 Tlurnt.
1123 4460 1140 4507 l.
1158 4459 1176 4507 l.
1193 4474 1222 4522 p.
1236 4455 1280 4521 50)
1297 4457 1319 4519 s.
1333 4459 1380 4507 29:
1401 4452 1546 4521 [Sincerns]

254 4523 357 4588 quidam
381 4523 468 4572 dicunt
491 4538 569 4588 passe
592 4526 701 4592 corripi,
725 4526 746 4574 si
765 4536 934 4591 corupnnntur
951 4544 966 4576 a
986 4527 1073 4576 ‘sine’
1091 4536 1116 4575 et
1133 4525 1242 4576 ‘carie’.
1279 4522 1332 4574 Nos
1355 4539 1415 4574 uero
1438 4523 1548 4573 dicimus

254 4591 324 4655 quod
341 4591 424 4639 media
443 4592 498 4640 eius
517 4607 648 4655 uunquam
666 4603 752 4658 potest
768 4595 862 4659 corripi
880 4595 935 4644 siue
952 4595 1020 4645 dicat
1037 4595 1176 4645 ‘sincerus’
1190 4592 1229 4643 uel
1245 4593 1388 4656 ‘sinceris’‚
1405 4591 1465 4654 quia
1484 4605 1549 4640 nnn-

254 4674 331 4722 quam
353 4660 481 4708 inuenitur
504 4660 528 4708 in
552 4660 639 4722 aliquo
662 4672 765 4710 auctore
788 4662 837 4711 nisi
860 4661 946 4727 iorrga.
983 4661 1113 4713 Oratius
1137 4663 1190 4727 (ep.
1209 4661 1274 4724 12,
1293 4661 1354 4725 ὅθι
1382 4658 1547 4709 Sincernm

254 4738 302 4777 est
320 4728 383 4777 nisi
401 4742 460 4778 uas
477 4727 690 4791 quodcunque
708 4729 854 4780 inlundis
873 4732 1001 4784 acescit.
1031 4731 1191 4798 Virgilius
1209 4739 1372 4779 moretum:
1393 4725 1548 4778 Subsedit

255 4793 381 4845 sincere
399 4795 674 4860 foraminibusque
692 4796 849 4858 liquatur,
867 4799 970 4851 Therae.
990 4817 1016 4865 p.
1031 4803 1093 4864 435,
1111 4800 1146 4862 es.
1165 4798 1276 4849 eiusdem
1292 4814 1318 4861 p.
1338 4799 1397 4854 510.
1415 4795 1458 4845 ubi
1476 4797 1550 4847 Petri

242 4862 348 4916 ¹ileliae
365 4865 398 4914 cle
415 4867 549 4917 eademne
566 4866 686 4930 affatim
702 4866 837 4917 sententia.
