3382 5476
201 355 242 419 92
714 353 782 405 ans
800 353 976 405 ANONYMA

201 544 405 624 diphthongon
422 543 569 612 desinunt,
586 551 618 603 at
629 542 716 603 buius
732 551 836 623 poetae
853 549 882 602 et
897 540 966 601 lruic
980 549 1086 620 poetae
1101 548 1132 601 ct
1146 540 1177 601 lri
1187 547 1294 619 poetae
1309 548 1339 602 et
1350 561 1369 601 o
1380 546 1496 622 poetae.

200 647 289 708 ltem:
313 646 513 706 nominatiuus
536 653 566 705 et
588 645 741 706 nocatinus
763 643 922 722 singularis
943 645 974 703 in
990 663 1006 704 a
1021 650 1190 722 correptam
1214 640 1262 702 nel
1284 642 1315 703 in
1337 661 1372 704 as
1393 650 1445 705 aut
1465 643 1497 704 in

201 767 233 809 es
255 748 401 818 desinunt,
426 754 458 809 nt
479 746 528 807 bie
543 753 629 826 poeta
651 754 681 807 et
703 765 721 805 o
743 752 839 826 poeta,
863 744 911 804 bic
926 746 1039 805 Aeneas
1061 752 1091 804 et
1112 746 1268 814 odeneas,
1291 743 1341 805 irio
1354 744 1499 807 Anchises

200 859 230 911 et
251 868 269 910 o
291 851 444 911 Aneiriscs
489 849 682 909 Accusatiuus
703 848 862 926 singularis
889 849 919 906 in
944 864 959 905 a
982 845 1158 926 productam
1183 847 1376 917 terminator,
1405 854 1438 907 ut
1458 844 1496 907 ab

199 951 256 1014 ltoc
283 960 380 1030 poeta.
425 950 498 1011 ltem
522 951 679 1027 genetiuus
707 946 830 1028 pluralis
856 950 887 1008 in
910 967 995 1009 arum
1024 965 1142 1027 semper
1171 947 1296 1017 desinit,
1325 955 1359 1009 ut
1387 948 1520 1014 bornms

199 1061 364 1134 poetarum,
381 1053 500 1114 datinus
516 1068 589 1111 uero
605 1049 728 1130 pluralis
744 1057 773 1110 et
788 1049 933 1111 ablatiuns
954 1051 985 1111 in
1007 1051 1034 1111 is
1055 1049 1230 1129 productam
1247 1050 1441 1120 terminatur,
1461 1056 1495 1111 nt
1555 1112 1564 1125 ‚

199 1154 246 1216 bis
268 1157 375 1235 poetis.
408 1152 513 1214 Omnia
537 1171 610 1231 ergo
635 1152 754 1213 nourina
778 1153 808 1212 in
831 1170 847 1211 a
870 1153 1026 1212 terminata
1049 1151 1163 1230 primae
1185 1159 1253 1212 sunt
1274 1151 1494 1214 declinationis.

199 1256 271 1317 lnde
286 1256 503 1317 Priscianus
518 1254 603 1315 dicit:
626 1254 662 1314 ln
680 1272 695 1314 a
712 1253 929 1314 desinentia
944 1271 1008 1314 seu
1024 1255 1168 1315 Graeco
1182 1260 1268 1314 sunt
1283 1272 1346 1315 seu
1361 1252 1493 1315 Latine

119 1406 123 1413 .
199 1353 1493 1434 masculinauollemininauelcornruunia,primaesuntdeclinstionis,

199 1468 238 1520 ut
259 1458 319 1520 bic
342 1458 541 1520 citharista
564 1458 673 1520 buius
699 1456 937 1525 citharistae,
967 1456 1026 1517 lric
1049 1456 1173 1517 scriba
1195 1454 1529 1526 huiusscribae,ro

199 1562 289 1622 baec
312 1560 512 1640 Calliopia,
542 1560 653 1621 huius
674 1558 898 1638 Calliopiae,
927 1558 1018 1619 haec
1039 1559 1171 1636 regina
1194 1557 1306 1620 buius
1328 1559 1493 1637 reginae.

198 1665 270 1724 ltem
287 1672 391 1723 neutra
407 1661 464 1724 lroc
480 1660 504 1742 †
519 1661 617 1723 ltiliria
634 1661 719 1722 liuius
734 1659 863 1729 hiliriae,
879 1663 923 1721 sic
938 1659 994 1720 boe
1011 1663 1085 1720 toria
1102 1658 1159 1721 lroc
1176 1659 1288 1721 Pascha
1303 1660 1360 1721 boc
1375 1678 1492 1722 menna.

198 1764 362 1826 Commune
396 1764 522 1825 duorum
551 1781 708 1842 generum,
744 1771 776 1824 nt
811 1763 860 1824 bic
894 1770 923 1822 et
950 1760 1022 1822 haec
1053 1763 1179 1823 conuiua
1215 1761 1303 1823 lmius
1337 1763 1490 1824 conuiuae.

197 1866 359 1927 Commune
388 1866 477 1926 trium
500 1882 657 1943 generum,
689 1873 721 1925 ut
742 1864 791 1925 liic
814 1863 938 1925 ethaeo
966 1872 996 1924 ct
1017 1862 1075 1925 lroc
1097 1863 1210 1924 aduena
1239 1864 1328 1924 buius
1350 1863 1490 1925 aduenae.

197 1968 416 2039 Promiscuum‚
448 1975 478 2026 nt
501 1967 551 2027 bic
581 1967 628 2027 nel
651 1967 725 2027 haec
755 1964 853 2042 aquila
881 1966 968 2026 buius
996 1965 1120 2045 aquilae.
1167 1966 1290 2044 Propria
1318 1964 1526 2035 masculinam

197 2075 228 2128 ut
250 2068 297 2128 lric
320 2066 423 2147 Aquila
443 2067 490 2128 lxic
507 2066 673 2129 Fenestella
696 2068 744 2128 bic
759 2069 897 2147 Agrippa.
943 2068 1022 2128 llixit
1043 2074 1141 2128 autem
1158 2066 1389 2135 Priscianus.
1413 2064 1490 2147 qnod

197 2172 296 2231 oninia
318 2172 436 2230 nomina
460 2172 491 2230 in
506 2189 523 2230 a
539 2171 704 2231 desinentia
727 2171 839 2249 primae
855 2177 923 2230 sunt
938 2167 1155 2230 declinationis.
1193 2168 1251 2230 Sed
1267 2177 1366 2229 tamen
1387 2176 1489 2230 contra

196 2272 272 2332 lianc
286 2270 419 2350 regulam
430 2273 543 2352 primae
558 2270 764 2333 declinationis
779 2273 945 2334 contrariae
956 2272 1145 2350 exceptiones
1160 2269 1270 2332 multae
1284 2272 1490 2333 inueniuntur.

196 2374 273 2445 Ouot
295 2392 367 2452 ergo
390 2375 591 2453 exceptiones,
621 2374 677 2435 ltoc
700 2382 744 2435 est
766 2376 991 2441 contrarietates
1019 2371 1141 2450 regulae
1163 2371 1253 2433 babet
1282 2373 1378 2451 prima
1400 2370 1489 2433 decli·

196 2478 295 2536 natio‘t
338 2476 400 2536 lloc
424 2483 469 2537 est
491 2484 614 2553 septem.
661 2476 743 2548 Quae
765 2478 851 2538 sunt?
895 2476 994 2537 Prima
1022 2477 1157 2552 exceptio
1186 2482 1246 2543 ost,
1275 2473 1333 2535 lroc
1352 2484 1399 2535 est
1420 2492 1524 2538 con-ao

196 2580 350 2639 trarietas:
375 2580 493 2639 nomina
510 2589 614 2640 neutra
629 2580 659 2638 in
676 2596 691 2638 a
708 2578 872 2639 desinentia
887 2577 1000 2638 Graeca
1021 2584 1091 2637 sunt
1107 2586 1135 2636 et
1150 2578 1255 2638 tertiae
1270 2574 1488 2638 declinationis:

196 2681 326 2757 genetiui
343 2683 422 2741 enim
440 2680 546 2741 Graeci
567 2687 614 2741 tos
635 2683 667 2740 in
691 2681 728 2740 tis
750 2689 930 2740 conuertunt
952 2679 1028 2758 apud
1053 2697 1115 2747 nos,
1139 2686 1172 2739 nt
1193 2679 1250 2739 boe
1272 2696 1379 2758 poema
1401 2676 1489 2739 buius

195 2783 352 2860 poematis,
377 2781 434 2840 lroc
457 2780 602 2841 emblema
624 2780 712 2842 buius
733 2783 930 2856 emblematis,
960 2782 1017 2843 boe
1039 2790 1174 2843 toreuma
1195 2782 1284 2842 trtius
1305 2781 1488 2843 toreumatis

195 2883 267 2943 ltenx
285 2883 415 2943 secunda
431 2884 546 2961 speeies
562 2884 744 2962 exceptionis
767 2892 825 2943 est:
849 2884 963 2962 primae
986 2882 1191 2944 declinationis
1214 2879 1355 2943 nonnulla
1371 2882 1489 2943 nomina

195 2983 314 3045 nrobilia
337 2986 368 3044 in
391 3001 406 3043 a
430 2984 594 3044 desinentia
617 2981 629 3064 ΙΙ
645 2984 664 3042 1.
682 2980 743 3043 eet
760 2980 771 3064 l]
794 2985 964 3062 genetinum
988 2992 1016 3044 et
1038 2984 1169 3046 datiuum
1190 2982 1315 3045 similem
1338 2984 1524 3063 pronomine
1565 3004 1570 3012 '

196 3085 284 3146 uibus
304 3084 415 3146 habero
437 3084 587 3154 uidentur,
612 3094 645 3145 ut
665 3103 722 3146 una
746 3087 834 3146 unius
857 3089 920 3159 uni,
945 3085 1006 3147 sola
1027 3085 1120 3146 solius
1141 3088 1206 3148 soli.
1249 3086 1281 3146 lu
1305 3084 1371 3147 aliis
1392 3093 1489 3147 antem

195 3186 311 3248 casibus
334 3188 376 3247 sic
398 3194 476 3255 snrrt,
499 3187 576 3247 sicut
598 3189 695 3246 omnia
719 3188 837 3247 nomina
861 3187 1000 3249 feminina
1022 3191 1137 3267 primae
1160 3186 1376 3249 declinationis.
1420 3186 1490 3249 lnde

195 3288 1489 3367 Prisciannsdicit:Excipinnturnouemnominamobilia,utunaulla

195 3389 295 3452 nulla
317 3394 399 3452 solo
421 3395 501 3452 tota
524 3389 595 3450 alia
619 3399 700 3452 ntra
725 3398 856 3452 neutra
880 3392 1012 3466 altera,
1037 3392 1406 3471 quaeprouominum
1428 3391 1489 3453 dc·

194 3492 438 3553 clinationem
462 3492 602 3553 babent
623 3495 661 3553 in
684 3495 741 3555 ius
765 3496 1287 3570 terminantiumgenetiuum,
1304 3492 1526 3571 quomodote

194 3614 232 3655 ea
257 3613 349 3671 quae
372 3596 567 3674 conposita
589 3606 687 3656 suut:
711 3594 1029 3674 aliquaalicuius,
1053 3599 1356 3675 nequauecuius,
1381 3597 1488 3675 siqua

194 3697 347 3756 sieoius.
371 3697 451 3757 llaec
467 3705 564 3757 autem
580 3700 757 3777 pronomina
780 3700 922 3760 feminina
945 3700 1060 3778 primae
1082 3697 1289 3758 declinationis
1311 3705 1397 3758 erant
1419 3705 1491 3776 aput

195 3805 322 3858 ueteres
347 3795 418 3858 lnde
433 3798 652 3860 Priscianus
667 3800 754 3861 dicit:
772 3800 846 3862 Non
863 3799 983 3861 solum
1000 3786 1068 3861 una
1084 3801 1197 3860 unius
1213 3801 1284 3871 uni,
1301 3798 1363 3859 sed
1380 3801 1490 3860 ctiam

262 4021 274 4066 1
295 4019 460 4085 edpptongou
529 4020 605 4086 plrete
622 4031 647 4070 ot
664 4021 722 4070 lmic
740 4020 828 4084 p⁰lretc
845 4029 870 4068 et
887 4020 921 4068 lrii
942 4018 1034 4084 polrcte
1051 4031 1076 4069 et
1094 4036 1108 4069 o
1128 4021 1221 4085 poliere
1288 4023 1305 4071 3
1323 4017 1431 4084 poheta,
1454 4021 1491 4069 sie

191 4103 292 4150 reruper
343 4087 436 4149 poltete
504 4089 561 4138 eniri
579 4100 604 4137 et
622 4105 636 4139 o
655 4089 725 4137 cuias
811 4088 869 4137 din
889 4086 977 4135 lmrnnx
1051 4089 1109 4137 iliu
1129 4088 1168 4138 liis
1238 4085 1409 4139 'lterminatri
1473 4088 1490 4138 8

192 4153 351 4219 Priscianus]
371 4159 421 4207 1.1.
441 4173 467 4218 p.
488 4160 550 4219 m,
571 4160 603 4205 12
659 4171 704 4204 seu
724 4155 819 4204 tlrxxeru
837 4166 961 4209 suntom.
1030 4158 1081 4205 sint
1099 4159 1155 4210 eod.
1174 4156 1255 4209 Bere.
1275 4158 1328 4206 132
1399 4158 1431 4206 10
1448 4170 1490 4218 cp·-

192 4223 298 4272 tharista
350 4224 503 4287 cptlxurisme
554 4224 636 4273 scribe
693 4225 722 4271 11
742 4222 851 4287 caliopia
903 4223 1010 4287 caliopie
1080 4227 1110 4274 12
1129 4225 1178 4274 lroc
1196 4224 1278 4273 lrilirie
1296 4223 1372 4273 lunius
1392 4224 1490 4273 lriliriae

193 4292 229 4340 sic
248 4288 350 4339 historio
369 4292 418 4341 linc
437 4288 529 4356 pesclu
548 4290 597 4341 boc
615 4287 701 4355 aratra]
722 4290 800 4351 Infra
817 4297 876 4355 port
894 4291 1027 4356 ‘paselme’
1046 4293 1238 4344 declinationem
1254 4309 1282 4357 p.
1303 4293 1348 4353 96,
1369 4293 1489 4342 readers

192 4359 314 4408 uocabula
331 4364 510 4408 enumerantur
527 4360 578 4408 itu.-
597 4358 646 4408 lroc
663 4375 756 4407 umune
775 4358 823 4407 boc
841 4358 912 4407 ilario
931 4358 979 4408 lroc
997 4362 1070 4410 toria.
1142 4364 1172 4412 13
1191 4361 1266 4409 liuius
1284 4361 1406 4426 conuiuio
1458 4360 1489 4408 16

192 4424 349 4490 Priscianus]
369 4429 413 4479 tr.
431 4428 579 4490 ρ.113,12
649 4429 679 4477 12
698 4429 723 4476 io
740 4427 882 4476 desinentia
933 4426 1114 4478 declinationes
1185 4431 1216 4480 18
1233 4428 1360 4477 contrarie
1411 4426 1490 4477 multa

194 4497 224 4545 19
242 4494 303 4555 quid
349 4494 437 4558 regule
488 4496 519 4542 21
539 4495 642 4544 nomina
660 4511 736 4558 greca
753 4496 778 4543 in
799 4504 854 4544 ntro
922 4497 955 4546 23
973 4496 1130 4547 emblematis
1148 4496 1196 4546 lroe
1213 4508 1327 4546 toreuma
1345 4495 1423 4545 littltts
1440 4511 1488 4548 on.

225 4562 363 4612 toriomatis
415 4563 448 4610 24
467 4559 598 4626 nortuullo]
618 4562 660 4611 illa
712 4565 744 4613 26
763 4564 806 4612 ιιιιί
825 4571 850 4613 et
867 4563 914 4612 soli
933 4565 1024 4615 addidi
1091 4566 1124 4614 28
1142 4561 1299 4629 Priscianus]
1320 4566 1336 4613 l.
1349 4569 1366 4614 l.
1383 4582 1411 4627 p.
1424 4566 1489 4625 413,

193 4632 224 4677 16
275 4629 436 4693 excipiuntur
454 4628 513 4679 nor'n
535 4632 637 4679 nomina
662 4629 777 4695 mobilis]
806 4631 891 4681 Verba
915 4648 1003 4682 nonem
1029 4635 1131 4682 uomina
1154 4632 1257 4682 mobilia
1279 4639 1303 4682 et
1327 4636 1419 4682 neutra
1441 4647 1488 4682 om.

192 4695 306 4747 Keiliue:
323 4698 416 4748 adeunt
433 4699 459 4746 in
476 4699 532 4748 eod.
553 4699 633 4751 Bere.
652 4702 755 4765 antiquo
774 4717 814 4750 ar.
833 4702 886 4749 132
903 4716 971 4750 saer.
991 4702 1017 4751 X
1085 4704 1118 4752 ‘29
1136 4701 1189 4751 sola
1207 4717 1254 4751 om.
1308 4699 1401 4759 altaro,
1419 4715 1489 4751 corr.

191 4761 269 4812 altero
320 4768 350 4816 31
370 4766 521 4830 conpositus
540 4768 575 4816 uit
626 4769 679 4816 sice
713 4784 779 4828 ιμιιιε
796 4771 1015 4832 surrteomposita
1033 4769 1119 4830 aliqua
1136 4771 1209 4831 siqua
1228 4784 1310 4831 neque
1329 4771 1387 4819 cod.
1406 4768 1490 4819 Bere.

192 4833 245 4880 132
314 4836 346 4883 33
364 4832 523 4900 Priscianus]
542 4835 559 4885 Ι
576 4852 601 4901 p.
621 4840 678 4896 197,
698 4839 730 4886 12
748 4838 785 4888 H.
838 4837 895 4886 unis
913 4837 990 4886 etiam
1041 4837 1116 4888 huius
1136 4853 1193 4900 une,
1212 4853 1257 4889 om.
1276 4837 1377 4887 etlxuic
