3382 5476
686 357 898 410 acaunusrs.
1385 353 1446 419 139

152 545 241 605 trium
264 561 408 622 generum
431 553 488 604 ost:
512 544 622 604 dicitur
645 545 723 604 enim
747 544 796 605 ‘tu
819 545 883 604 uir'
907 549 956 605 ‘tu
979 543 1101 604 mulier’
1126 552 1154 604 ot
1176 548 1221 606 ‘tu
1244 544 1445 623 mancipium'.

154 644 273 706 Nullum
301 653 398 706 autem
427 662 592 723 pronomen
622 646 786 725 epicoenon
814 644 894 724 idest
918 645 1119 727 promiscuum
1149 644 1197 705 uel
1226 646 1373 706 incertum
1401 645 1446 705 in·

154 747 282 807 uenitur.
328 745 450 807 Numeri
472 747 682 826 pronominum
705 754 777 824 quot
798 748 884 808 sunt?
921 747 1000 808 ldest
1022 747 1095 815 duo;
1120 746 1294 825 singularis,
1319 753 1350 807 ut
1373 749 1445 816 iste3

154 846 288 927 pluralis,
313 858 345 910 ut
362 849 420 908 isti.
444 846 729 928 luchompeius
751 848 834 909 dicit:
860 848 896 909 ln
919 846 1207 927 pronominibus
1228 857 1314 909 sunt
1336 849 1446 909 etiarn

125 951 301 1010 snunreri
328 948 411 1024 duo,
440 950 664 1028 singularis,
694 957 735 1010 ut
761 949 835 1018 bic;
867 947 1042 1028 pluralis,
1071 959 1110 1011 ut
1132 949 1176 1010 bi.
1223 950 1315 1010 Sunt
1337 950 1445 1010 etiam

154 1052 297 1112 numeri
328 1053 554 1119 communis;
593 1051 775 1129 quomodo
813 1050 973 1112 dicimus
1009 1051 1045 1112 in
1082 1050 1295 1112 nominibus
1332 1050 1447 1112 nubes

154 1171 284 1214 manus
307 1151 399 1220 dies,
427 1154 481 1213 sic
509 1153 620 1212 etiam
643 1153 679 1213 in
702 1150 991 1232 pronominibus
1019 1153 1216 1214 inuenitur
1239 1153 1447 1213 communis

154 1271 327 1315 numerus
350 1254 448 1314 inter
471 1253 701 1332 singularem
724 1262 760 1314 et
780 1252 979 1333 pluralem,
1002 1256 1130 1334 utqui:
1154 1262 1190 1315 et
1211 1253 1253 1314 de
1275 1271 1345 1314 uno
1368 1271 1447 1333 pos·

83 1422 86 1426 ⁸
153 1375 231 1416 sum
254 1354 383 1416 dicere
406 1355 489 1432 ‘qui
512 1356 588 1416 uir’
611 1364 646 1416 et
667 1358 712 1416 de
734 1353 881 1416 duobus
908 1362 942 1416 et
970 1354 1011 1415 de
1040 1352 1215 1434 pluribus
1243 1355 1323 1432 ‘qui
1345 1356 1447 1423 uiri’;

115 1459 209 1518 eosic
231 1458 341 1518 etiam
364 1458 474 1533 ‘quae
499 1456 650 1518 mulier'
674 1457 785 1535 ‘quae
807 1456 1001 1518 mulieres'
1024 1454 1085 1516 uel
1108 1455 1212 1536 ‘quae
1235 1457 1446 1536 mancipia'.

155 1558 269 1619 llicitur
299 1560 389 1618 etiam
418 1558 513 1618 dualis
540 1575 682 1619 numerus
709 1559 740 1617 in
767 1560 961 1638 pronomine,
989 1567 1021 1620 ιιι
1042 1565 1108 1619 uter
1131 1565 1270 1635 uterque,
1299 1557 1351 1618 sed
1375 1556 1448 1618 baec

153 1662 210 1720 ulii
230 1661 363 1730 nomina,
392 1658 448 1720 olii
468 1678 542 1721 uero
564 1661 739 1740 pronomina
758 1668 881 1741 propter
902 1658 1126 1721 similitudinem
1152 1658 1358 1720 declinationis
1380 1677 1448 1739 pro·

154 1760 296 1822 tulerunt

239 1863 364 1941 Figurae
386 1864 595 1943 pronominum
619 1872 692 1943 quot
712 1865 799 1926 sunt?
843 1863 906 1924 lloc
929 1871 974 1924 est
995 1862 1079 1924 duae.
1115 1862 1213 1935 Quae?
1246 1861 1393 1940 Simplex,
1417 1870 1450 1923 nt

116 1979 142 2021 aa
155 1982 210 2042 ego
232 1963 281 2026 ille
303 1968 367 2045 ipse
390 1963 439 2024 bic
461 1966 527 2045 quis
549 1972 622 2044 quot
642 1965 749 2044 qualis.
793 1966 951 2044 Conposita
973 1966 1149 2044 pronomina
1171 1973 1255 2032 sunt,
1280 1971 1312 2025 ut
1333 1973 1450 2042 egomet

152 2064 284 2146 illeipse,
307 2067 421 2136 hicine,
444 2067 592 2146 quisquis,
615 2066 786 2146 quodpiam,
809 2067 1032 2146 qualiscumque
1054 2076 1084 2129 et
1105 2074 1214 2128 cetera.
1251 2066 1450 2144 Pompeius

156 2167 193 2229 de
221 2169 314 2246 ligura
343 2171 553 2248 pronominum
576 2176 605 2228 et
627 2167 664 2228 de
686 2169 891 2247 conpositione
918 2169 958 2228 ita
985 2171 1171 2249 pronuntiat:
1203 2168 1296 2229 ‘sicut
1323 2165 1450 2227 diximus

156 2272 186 2330 in
211 2268 395 2339 nominibus,
419 2272 557 2348 quoniam
581 2287 614 2329 ea
638 2270 773 2339 nomina,
798 2288 874 2348 quae
894 2289 930 2331 ea
946 2269 1061 2333 duobus
1084 2271 1275 2331 nonrinatiuis
1297 2269 1449 2347 conposita

155 2371 279 2441 luerint,
304 2390 340 2432 ex
362 2382 487 2452 ruraque
509 2380 593 2451 parte
615 2369 811 2441 declinantur,
834 2380 866 2432 ut
888 2379 1008 2451 praetor
1030 2371 1161 2433 urbanus
1181 2371 1328 2450 praetoris
1343 2367 1450 2430 urbani

115 2480 185 2532 aoet
213 2481 327 2543 cetera,
357 2475 400 2533 sic
429 2491 519 2553 eques
548 2473 698 2534 Romanus
725 2473 832 2552 equitis
859 2474 984 2535 llomani
1011 2482 1135 2550 utraque
1164 2481 1248 2553 parte
1276 2471 1449 2540 declinatur,

156 2575 293 2651 quoniam
315 2584 441 2653 utraque
464 2583 548 2653 purte
571 2575 771 2636 nominaturus
793 2584 853 2644 est;
884 2594 916 2636 ea
939 2593 1012 2636 uero
1035 2576 1168 2644 nomina,
1198 2590 1273 2651 quae
1296 2590 1332 2632 ex
1356 2573 1450 2633 nomi·

155 2677 300 2745 natiuuet
315 2675 449 2756 quolibet
471 2676 528 2737 alio
551 2694 621 2737 casu
644 2677 796 2754 conposita
818 2677 941 2746 luerint,
967 2694 1000 2736 ea
1016 2684 1099 2755 parte
1115 2674 1303 2738 declinantur
1326 2681 1450 2741 tantum,

156 2795 213 2857 qua
240 2778 330 2838 luerit
358 2780 558 2839 nominatiuus
587 2796 685 2847 casus,
719 2786 752 2838 ut
782 2778 951 2859 praelectus
979 2780 1127 2855 eqrritum,
1159 2775 1298 2838 tribunus
1325 2773 1449 2837 militum

155 2878 219 2940 siue
242 2878 377 2941 tribunus
399 2878 510 2958 plebis,
541 2879 613 2940 lraec
642 2899 676 2940 ex
706 2881 801 2959 prima
830 2890 930 2960 parte,
963 2881 1019 2941 lroc
1047 2886 1092 2940 est
1114 2898 1149 2940 ex
1172 2879 1369 2946 nominatiuo,
1400 2877 1451 2954 qui

116 2989 202 3042 esest
225 2981 394 3060 praelectus
417 2989 446 3041 et
468 2979 618 3050 tribunus,
642 2980 837 3052 declinantur,
872 2984 1005 3061 equitum
1033 2989 1130 3043 autem
1156 2978 1204 3041 uel
1235 2977 1361 3041 militum
1387 2979 1451 3039 siue

157 3081 253 3162 plebis
275 3083 305 3144 in
328 3084 533 3161 conpositione
561 3081 780 3144 indeclinabilia
809 3090 891 3152 ειιηις
923 3085 995 3145 item
1023 3091 1144 3144 senatus
1178 3080 1360 3142 consultum:
1395 3080 1452 3140 boc

157 3162 265 3244 nbmen
293 3184 479 3264 conpositum
508 3185 674 3263 posteriore
693 3192 800 3260 parte,
823 3202 880 3263 qua
903 3187 1105 3247 nominatiuus
1128 3191 1186 3257 est,
1210 3180 1376 3244 consultum
1399 3180 1451 3241 de·

157 3283 298 3354 clinatur,
333 3285 403 3345 lacit
431 3287 510 3346 enim
538 3285 785 3348 senatusconsulti
813 3286 1071 3349 senatusconsulto
1100 3292 1129 3344 et
1157 3282 1281 3363 reliqua.
1326 3281 1453 3343 Senatus

157 3404 242 3464 ergo,
266 3386 333 3467 quia
357 3395 386 3447 et
407 3389 566 3465 genetiuus
588 3396 647 3457 est,
670 3389 714 3450 sic
735 3390 830 3449 currit
851 3406 905 3466 per
927 3405 1031 3450 omues
1046 3403 1131 3447 casus
1145 3386 1208 3446 sine
1230 3383 1451 3446 declinatione’.

118 3488 237 3550 sollaec
259 3490 430 3550 innenimus
452 3499 481 3550 et
503 3490 532 3550 in
556 3488 795 3570 pronominibus:
818 3497 888 3551 sunt
910 3490 988 3550 enim
1011 3489 1202 3568 pronomina,
1226 3503 1302 3564 quae
1326 3493 1451 3565 {itiaque

224 3678 390 3741 2epycenon
475 3671 659 3741 4Pompeins]
676 3691 704 3739 p.
724 3677 782 3738 206,
802 3677 839 3725 33
907 3675 1088 3724 doommnnes
1141 3669 1284 3739 quomodo]
1304 3671 1373 3734 quod
1426 3672 1451 3720 in

158 3744 276 3792 omnibus
362 3746 505 3807 'lmagnns
573 3746 632 3794 liet
649 3742 751 3792 duobus
822 3744 852 3791 10
871 3741 909 3790 nel
928 3744 972 3805 qui
991 3738 1123 3809 mancipii]
1146 3742 1260 3806 Pompeii
1275 3741 1356 3806 ipsius
1373 3740 1453 3790 uerba

157 3813 183 3860 ln
200 3811 328 3861 codicibus
344 3813 421 3876 penaio
439 3813 515 3861 aliter
531 3826 560 3860 ae
577 3810 670 3860 debent
687 3825 768 3876 neque
785 3810 955 3870 dubitandum,
974 3812 1073 3876 quinia
1093 3810 1206 3874 Pompeii
1222 3811 1320 3872 codex,
1339 3822 1387 3874 guo
1406 3823 1452 3859 ex·

157 3884 263 3943 cerptor
279 3893 338 3928 mua
355 3884 406 3937 eat,
425 3879 538 3928 bonitate
555 3880 668 3943 reliqum
684 3879 830 3942 antecedat,
848 3880 883 3940 cs.
894 3880 996 3943 praefi:
1014 3879 1065 3928 ‘ue
1078 3879 1194 3943 Pompeii
1207 3877 1367 3943 grammatica*
1382 3877 1452 3927 eodi-

158 3945 247 3996 m‘bua‘.
282 3946 363 4010 Apud
377 3947 523 4010 Pompeium
548 3947 627 4009 ipltur
647 3946 712 3996 liaeo
728 3945 807 3996 uates
821 3963 849 4010 p.
868 3948 932 4006 206,
952 3949 988 3997 34
1004 3962 1073 4011 sep:
1096 3957 1157 3995 suut
1173 3945 1249 3995 etiam
1267 3945 1365 3994 numeri
1383 3959 1453 3993 com·

159 4014 253 4063 monis.
290 4013 411 4078 Legimus
434 4016 509 4064 etiam
532 4014 558 4062 iu
583 4014 742 4075 nominibus;
770 4014 901 4077 quomodo
923 4015 1031 4065 dicimus
1049 4014 1130 4062 nubes
1148 4013 1217 4073 dies,
1245 4013 1375 4062 nicetium
1394 4019 1452 4070 ete„

156 4097 184 4146 p.
197 4084 256 4145 207,
271 4084 302 4132 3:
330 4095 437 4146 possum
456 4082 540 4130 dicere
557 4081 601 4143 qni
619 4091 644 4130 et
661 4081 693 4130 de
710 4082 812 4132 duobus
830 4081 904 4131 etde
921 4081 1050 4148 pluribus,
1073 4081 1118 4143 qui
1137 4082 1176 4129 nir
1193 4090 1218 4129 et
1235 4080 1278 4143 qui
1302 4080 1365 4141 uiri,
1387 4093 1454 4142 quae

157 4149 247 4198 mulier
264 4159 372 4210 ecquae
390 4148 516 4199 mulieres.
585 4151 615 4198 ll
635 4148 729 4213 dualis}
747 4148 852 4200 dealiis
923 4152 954 4200 16
972 4150 1013 4198 liic
1029 4163 1070 4197 me
1122 4144 1272 4214 Pompeius]
1290 4149 1452 4212 p.207,17:

158 4231 215 4266 nam
233 4216 347 4266 diximus
365 4217 391 4265 in
412 4217 567 4274 nominibus,
586 4217 707 4279 qrroniam
725 4233 755 4267 ea
773 4218 885 4274 nomina,
904 4232 969 4278 quae
987 4232 1019 4266 ex
1036 4215 1138 4265 duobus
1156 4216 1302 4266 nominibus
1319 4215 1453 4281 conposita

158 4294 231 4342 aunt,
258 4298 289 4333 ea
315 4295 387 4349 purte
408 4284 580 4341 declinantur,
607 4298 658 4346 qua
680 4295 720 4335 est
742 4286 930 4345 nominalium:
952 4294 977 4334 et
998 4284 1125 4333 inuenitur
1148 4298 1239 4333 nomen
1258 4283 1328 4346 qnod
1347 4294 1454 4344 intraque

157 4363 229 4418 parte
246 4351 400 4404 declinatur:
418 4365 522 4419 praetor
540 4354 651 4401 urbanus
670 4362 776 4415 utraque
793 4363 865 4419 parte
882 4351 1033 4416 declinatur,
1051 4351 1173 4413 quoniam
1192 4361 1299 4414 utraque
1317 4360 1389 4416 parta
1408 4364 1454 4399 uo·

158 4420 296 4469 minatinus
314 4433 361 4472 est.
450 4423 481 4471 19
499 4421 620 4470 declinari
705 4422 739 4471 30
756 4422 834 4483 equiti
924 4421 957 4469 22
976 4419 1134 4469 nominatiuo
1152 4418 1266 4481 quolibet
1333 4418 1453 4468 declinari

157 4489 191 4539 33
208 4501 298 4537 casana
383 4489 417 4538 24
434 4489 550 4538 tribunus
568 4488 676 4538 militum
696 4489 810 4538 tribunus
830 4487 937 4537 militnm
1009 4488 1043 4538 35
1059 4486 1108 4536 hoc
1126 4496 1165 4536 eat
1182 4501 1215 4536 ex
1232 4487 1391 4537 nominatiuo
1409 4485 1453 4549 qni

158 4564 198 4605 est
214 4553 356 4620 praelectus
374 4557 486 4618 equitum
505 4557 622 4607 tribunus
640 4555 746 4605 militum
765 4557 821 4606 siue
838 4555 954 4606 tribunus
977 4554 1058 4620 plebia
1080 4553 1142 4605 haec
1164 4569 1196 4604 ex
1215 4556 1296 4620 prima
1315 4564 1388 4620 parte
1405 4553 1455 4603 boc

158 4633 246 4674 estex
264 4624 422 4674 nominatiuo
508 4627 541 4676 26
559 4635 622 4674 aunt
638 4640 685 4675 om.
770 4626 803 4676 37
822 4634 894 4691 parte
911 4624 1003 4674 addidi
1069 4622 1228 4672 declinantur
1296 4624 1329 4673 38
1347 4631 1452 4672 sanatus
1549 4624 1554 4636 ‘

158 4690 312 4754 consultum,
330 4707 399 4743 corr.
417 4692 539 4741 -consulti
590 4704 696 4743 sanatus
714 4691 831 4742 consulto
883 4703 990 4741 sanatus
1008 4705 1070 4757 ergo
1147 4692 1182 4741 29
1199 4691 1254 4740 siue
1271 4684 1451 4755 declinatione]

159 4758 314 4876 {adogoto
331 4759 379 4809 lroe
396 4761 452 4810 loco
469 4761 544 4810 etiam
565 4761 652 4825 Pomp.
668 4777 695 4824 p.
715 4762 772 4823 179,
791 4763 809 4811 3
825 4774 881 4825 aeq.
950 4761 984 4811 30
1001 4759 1068 4809 llaec
1085 4753 1244 4825 iuuenimus]
1262 4758 1299 4819 cs.
1320 4759 1408 4822 Pomp.
1424 4773 1453 4822 p.

211 4863 218 4891 i
